{"gold_per_floor":[118,130,144,155,168,168,203,203,203,218,218,218,247,270,282,391,403,435,447,459,471,494,506],"floor_reached":23,"playtime":1135,"items_purged":[],"score":309,"play_id":"4fa26848-f6cb-4695-a0b1-2dd65736c598","local_time":"20190603202321","is_ascension_mode":true,"campfire_choices":[{"data":"Havoc","floor":6.0,"key":"SMITH"},{"data":"Infernal Blade","floor":8.0,"key":"SMITH"},{"floor":15,"key":"REST"}],"neow_cost":"NONE","seed_source_timestamp":0,"circlet_count":0,"master_deck":["Strike_R","Strike_R+1","Defend_R","Defend_R","Defend_R","Defend_R","Bash","Flame Barrier","Flame Barrier","Havoc+1","Infernal Blade+1","Heavy Blade","Immolate+1","Armaments","Cleave","Battle Trance","Reaper","Combust","Metallicize","Heavy Blade","Sentinel","Rage","True Grit","Rage","Body Slam","Anger+1"],"special_seed":0,"relics":["Burning Blood","Question Card","Pear","MawBank","Orrery","Ice Cream"],"potions_floor_usage":[13,16],"damage_taken":[{"damage":10.0,"enemies":"Jaw Worm","floor":1.0,"turns":5.0},{"damage":3.0,"enemies":"2 Louse","floor":2.0,"turns":3.0},{"damage":6.0,"enemies":"Cultist","floor":3.0,"turns":3.0},{"damage":0.0,"enemies":"Looter","floor":4.0,"turns":4.0},{"damage":13.0,"enemies":"3 Louse","floor":5.0,"turns":4.0},{"damage":42.0,"enemies":"Lagavulin","floor":7.0,"turns":6.0},{"damage":9,"enemies":"2 Fungi Beasts","floor":10,"turns":2},{"damage":16,"enemies":"3 Sentries","floor":13,"turns":4},{"damage":0,"enemies":"Exordium Wildlife","floor":14,"turns":2},{"damage":16,"enemies":"Hexaghost","floor":16,"turns":6},{"damage":27,"enemies":"Spheric Guardian","floor":18,"turns":4},{"damage":33,"enemies":"3 Byrds","floor":22,"turns":4},{"damage":53,"enemies":"Slavers","floor":23,"turns":4}],"seed_played":"-529239679447552747","potions_obtained":[{"floor":4.0,"key":"SkillPotion"},{"floor":5.0,"key":"EssenceOfSteel"},{"floor":13,"key":"Explosive Potion"},{"floor":14,"key":"PowerPotion"}],"is_trial":false,"path_per_floor":["M","M","M","M","M","R","E","R","T","M","?","?","E","M","R","B",null,"M","?","?","$","M","E"],"character_chosen":"IRONCLAD","items_purchased":[],"campfire_rested":1,"item_purchase_floors":[],"current_hp_per_floor":[76,79,79,85,78,78,42,42,52,49,42,22,12,18,47,37,83,62,62,62,62,35,0],"gold":506,"neow_bonus":"TEN_PERCENT_HP_BONUS","is_prod":false,"is_daily":false,"chose_seed":false,"campfire_upgraded":2,"win_rate":0,"timestamp":1559607801,"path_taken":["M","M","M","M","M","R","E","R","T","M","?","?","E","M","R","BOSS","M","?","?","$","?","E"],"build_version":"2019-01-23","purchased_purges":0,"victory":false,"max_hp_per_floor":[88,88,88,88,88,88,88,88,98,98,98,98,98,98,98,98,98,98,98,98,98,98,98],"card_choices":[{"not_picked":["Clothesline","Thunderclap"],"picked":"Flame Barrier","floor":1.0},{"not_picked":["Body Slam","Disarm"],"picked":"Flame Barrier","floor":2.0},{"not_picked":["Anger","Spot Weakness"],"picked":"Havoc","floor":3.0},{"not_picked":["Perfected Strike","True Grit"],"picked":"Infernal Blade","floor":4.0},{"not_picked":["Ghostly Armor","Second Wind"],"picked":"Heavy Blade","floor":5.0},{"not_picked":["Pommel Strike","Armaments"],"picked":"Immolate","floor":7.0},{"not_picked":["Flex","Iron Wave","Clash"],"picked":"Armaments","floor":10},{"not_picked":["Sword Boomerang","Armaments","Perfected Strike"],"picked":"Cleave","floor":13},{"not_picked":["Heavy Blade","Second Wind","Iron Wave"],"picked":"Battle Trance","floor":14},{"not_picked":["Dark Embrace","Limit Break","Bludgeon"],"picked":"Reaper","floor":16},{"not_picked":["Body Slam","Anger","Warcry"],"picked":"Combust","floor":17},{"not_picked":["Clothesline","Anger","Intimidate"],"picked":"Metallicize","floor":17},{"not_picked":["Anger","Body Slam","Sword Boomerang"],"picked":"Heavy Blade","floor":17},{"not_picked":["Bloodletting","Blood for Blood","Perfected Strike"],"picked":"Sentinel","floor":17},{"not_picked":["Reckless Charge","Uppercut","Immolate"],"picked":"Rage","floor":17},{"not_picked":["Burning Pact","Perfected Strike","Anger"],"picked":"True Grit","floor":18},{"not_picked":["Blood for Blood+1","Hemokinesis","Twin Strike"],"picked":"Anger+1","floor":22}],"player_experience":190853,"relics_obtained":[{"floor":7.0,"key":"Question Card"},{"floor":9.0,"key":"Pear"},{"floor":13,"key":"MawBank"}],"event_choices":[{"cards_removed":["Strike_R"],"damage_healed":0,"gold_gain":0,"player_choice":"Card Removal","damage_taken":7,"max_hp_gain":0,"max_hp_loss":0,"event_name":"Golden Wing","floor":11,"gold_loss":0},{"damage_healed":0,"gold_gain":0,"player_choice":"Entered Light","damage_taken":20,"max_hp_gain":0,"max_hp_loss":0,"event_name":"Shining Light","floor":12,"gold_loss":0,"cards_upgraded":["Strike_R","Immolate"]},{"damage_healed":0,"gold_gain":0,"cards_transformed":["Strike_R","Strike_R"],"player_choice":"Became Test Subject","damage_taken":0,"max_hp_gain":0,"max_hp_loss":0,"event_name":"Drug Dealer","floor":19,"gold_loss":0,"cards_obtained":["Rage","Body Slam"]},{"damage_healed":0,"gold_gain":0,"player_choice":"Gave Potion","damage_taken":0,"relics_obtained":["Ice Cream"],"max_hp_gain":0,"max_hp_loss":0,"event_name":"WeMeetAgain","floor":20,"gold_loss":0}],"is_beta":false,"boss_relics":[{"not_picked":["White Beast Statue","Empty Cage"],"picked":"Orrery"}],"items_purged_floors":[],"is_endless":false,"potions_floor_spawned":[4,5,13,14],"killed_by":"Slavers","ascension_level":8}