{"gold_per_floor":[111,126,126,137,137,137,180,180,180,180,160,160,185,224,224,355,355,370,391,52,52,72,72,72],"floor_reached":24,"playtime":911,"items_purged":["Strike_R"],"score":286,"play_id":"0f0d2e9e-3f2b-492a-8360-a02029a8967b","local_time":"20190423114446","is_ascension_mode":true,"campfire_choices":[{"data":"Rampage","floor":6,"key":"SMITH"},{"data":"Bash","floor":10,"key":"SMITH"},{"data":"Strike_R","floor":12,"key":"SMITH"},{"floor":15,"key":"REST"},{"data":"1","floor":23,"key":"LIFT"}],"neow_cost":"NONE","seed_source_timestamp":825510782474907,"circlet_count":0,"master_deck":["Strike_R+1","Strike_R","Strike_R","Defend_R","Defend_R","Defend_R","Defend_R","Bash+1","Rampage+1","Shrug It Off+1","Pommel Strike","Offering","Cleave","Ghostly Armor","Metallicize","Flame Barrier"],"relics":["Burning Blood","Bloody Idol","Kunai","Boot","Girya","Coffee Dripper","Vajra"],"potions_floor_usage":[7,14,22],"damage_taken":[{"damage":5,"enemies":"Small Slimes","floor":1,"turns":4},{"damage":1,"enemies":"Cultist","floor":2,"turns":3},{"damage":8,"enemies":"Jaw Worm","floor":4,"turns":4},{"damage":35,"enemies":"Lagavulin","floor":7,"turns":5},{"damage":16,"enemies":"3 Louse","floor":13,"turns":4},{"damage":30,"enemies":"3 Sentries","floor":14,"turns":11},{"damage":8,"enemies":"The Guardian","floor":16,"turns":14},{"damage":15,"enemies":"Shell Parasite","floor":18,"turns":4},{"damage":11,"enemies":"3 Byrds","floor":19,"turns":5},{"damage":18,"enemies":"Centurion and Healer","floor":22,"turns":6},{"damage":46,"enemies":"Gremlin Leader","floor":24,"turns":8}],"seed_played":"4494015646413119687","potions_obtained":[{"floor":2,"key":"GamblersBrew"},{"floor":7,"key":"Energy Potion"},{"floor":11,"key":"BloodPotion"},{"floor":13,"key":"Ancient Potion"},{"floor":16,"key":"FearPotion"}],"is_trial":false,"path_per_floor":["M","M","?","M","?","R","E","?","T","R","?","R","M","E","R","B",null,"M","M","$","?","M","R","E"],"character_chosen":"IRONCLAD","items_purchased":["Vajra","Ghostly Armor","Metallicize"],"campfire_rested":1,"item_purchase_floors":[20,20,20],"current_hp_per_floor":[73,78,78,76,74,74,45,45,45,45,45,45,35,18,40,38,65,56,51,51,51,44,44,0],"gold":72,"neow_bonus":"THREE_CARDS","is_prod":false,"is_daily":false,"chose_seed":false,"campfire_upgraded":3,"win_rate":0,"timestamp":1556041486,"path_taken":["M","M","?","?","?","R","E","?","T","R","?","R","?","E","R","BOSS","M","M","$","?","M","R","E"],"build_version":"2019-01-23","purchased_purges":1,"victory":false,"max_hp_per_floor":[80,80,80,80,74,74,74,74,74,74,74,74,74,74,74,74,74,74,74,74,74,74,74,74],"card_choices":[{"not_picked":["Headbutt","Clash"],"picked":"Rampage","floor":0},{"not_picked":["Warcry","Clash","Power Through"],"picked":"SKIP","floor":1},{"not_picked":["Clash","Battle Trance","Clothesline"],"picked":"SKIP","floor":2},{"not_picked":["Battle Trance","Clothesline"],"picked":"Shrug It Off","floor":4},{"not_picked":["Perfected Strike","Reaper","Shrug It Off"],"picked":"SKIP","floor":7},{"not_picked":["Headbutt","Shrug It Off","True Grit"],"picked":"SKIP","floor":13},{"not_picked":["Wild Strike","Limit Break"],"picked":"Pommel Strike","floor":14},{"not_picked":["Bludgeon","Berserk"],"picked":"Offering","floor":16},{"not_picked":["Clash","Armaments","Pommel Strike"],"picked":"SKIP","floor":18},{"not_picked":["Shrug It Off","True Grit"],"picked":"Cleave","floor":19},{"not_picked":["Clash","Entrench"],"picked":"Flame Barrier","floor":22}],"player_experience":526461,"relics_obtained":[{"floor":7,"key":"Kunai"},{"floor":9,"key":"Boot"},{"floor":14,"key":"Girya"}],"event_choices":[{"cards_removed":["Strike_R"],"damage_healed":0,"gold_gain":0,"player_choice":"Offered Basic","damage_taken":0,"max_hp_gain":0,"max_hp_loss":0,"event_name":"Bonfire Elementals","floor":3,"gold_loss":0},{"damage_healed":0,"gold_gain":0,"player_choice":"Lose Max HP","damage_taken":0,"relics_obtained":["Golden Idol"],"max_hp_gain":0,"max_hp_loss":6,"event_name":"Golden Idol","floor":5,"gold_loss":0},{"damage_healed":0,"gold_gain":0,"player_choice":"Grow","damage_taken":0,"max_hp_gain":0,"max_hp_loss":0,"event_name":"Living Wall","floor":8,"gold_loss":0,"cards_upgraded":["Shrug It Off"]},{"damage_healed":0,"gold_gain":0,"player_choice":"Bought 1 Potion","damage_taken":0,"max_hp_gain":0,"max_hp_loss":0,"event_name":"The Woman in Blue","floor":11,"gold_loss":0},{"damage_healed":0,"gold_gain":0,"player_choice":"Gave Idol","damage_taken":0,"relics_obtained":["Bloody Idol"],"max_hp_gain":0,"max_hp_loss":0,"event_name":"Forgotten Altar","floor":21,"relics_lost":["Golden Idol"],"gold_loss":0}],"is_beta":false,"boss_relics":[{"not_picked":["Empty Cage","Philosopher\u0027s Stone"],"picked":"Coffee Dripper"}],"items_purged_floors":[20],"is_endless":false,"potions_floor_spawned":[2,7,13,16],"killed_by":"Gremlin Leader","ascension_level":8}