{"gold_per_floor":[118,39,52,64,75,75,93,106,185,185,110,121,121,139,139,213,213,227,227],"floor_reached":19,"playtime":1143,"items_purged":[],"score":326,"play_id":"09047c9f-fe12-4c7d-9e3c-3b51bb9419a2","local_time":"20190331225638","is_ascension_mode":true,"campfire_choices":[{"data":"A Thousand Cuts","floor":6,"key":"SMITH"},{"data":"Well Laid Plans","floor":10,"key":"SMITH"},{"data":"Neutralize","floor":15,"key":"SMITH"}],"neow_cost":"NONE","seed_source_timestamp":265176440377071,"circlet_count":0,"master_deck":["AscendersBane","Defend_G","Defend_G","Defend_G","Defend_G","Defend_G","Strike_G","Strike_G","Strike_G","Strike_G","Survivor","Neutralize+1","Backstab","Well Laid Plans+1","A Thousand Cuts+1","PiercingWail","Adrenaline"],"relics":["Ring of the Snake","NeowsBlessing","Bottled Flame","Sundial","Velvet Choker"],"potions_floor_usage":[14,16,19],"damage_taken":[{"damage":0,"enemies":"Cultist","floor":1,"turns":1},{"damage":0,"enemies":"2 Louse","floor":3,"turns":1},{"damage":0,"enemies":"Jaw Worm","floor":4,"turns":1},{"damage":3,"enemies":"3 Louse","floor":5,"turns":5},{"damage":7,"enemies":"Gremlin Gang","floor":7,"turns":5},{"damage":6,"enemies":"Exordium Thugs","floor":8,"turns":5},{"damage":0,"enemies":"3 Louse","floor":12,"turns":3},{"damage":4,"enemies":"Large Slime","floor":14,"turns":7},{"damage":10,"enemies":"The Guardian","floor":16,"turns":17},{"damage":27,"enemies":"Spheric Guardian","floor":18,"turns":8},{"damage":38,"enemies":"Masked Bandits","floor":19,"turns":3}],"seed_played":"-6798203424934923082","potions_obtained":[{"floor":3,"key":"Regen Potion"},{"floor":4,"key":"Regen Potion"},{"floor":12,"key":"PowerPotion"},{"floor":14,"key":"SteroidPotion"}],"is_trial":false,"path_per_floor":["M","$","M","M","M","R","M","M","T","R","?","M","?","M","R","B",null,"M","?"],"character_chosen":"THE_SILENT","items_purchased":["Well Laid Plans"],"campfire_rested":0,"item_purchase_floors":[2],"current_hp_per_floor":[59,59,59,59,56,56,49,43,43,43,43,43,25,36,36,26,56,29,0],"gold":227,"neow_bonus":"THREE_ENEMY_KILL","is_prod":false,"is_daily":false,"chose_seed":false,"campfire_upgraded":3,"win_rate":0,"timestamp":1554094598,"path_taken":["M","$","M","M","M","R","M","?","T","R","?","M","?","M","R","BOSS","M","?"],"build_version":"2019-01-23","purchased_purges":0,"victory":false,"max_hp_per_floor":[66,66,66,66,66,66,66,66,66,66,66,66,66,66,66,66,66,66,66],"card_choices":[{"not_picked":["Acrobatics","Sucker Punch"],"picked":"Backstab","floor":1},{"not_picked":["Accuracy","Dodge and Roll","Acrobatics"],"picked":"SKIP","floor":3},{"not_picked":["Endless Agony","Acrobatics","Quick Slash"],"picked":"SKIP","floor":4},{"not_picked":["Calculated Gamble","Crippling Poison"],"picked":"A Thousand Cuts","floor":5},{"not_picked":["Acrobatics","Reflex","Infinite Blades"],"picked":"SKIP","floor":7},{"not_picked":["Dodge and Roll","Bane"],"picked":"PiercingWail","floor":8},{"not_picked":["Poisoned Stab","Expertise","Underhanded Strike"],"picked":"SKIP","floor":12},{"not_picked":["Dagger Spray","Tools of the Trade","Predator"],"picked":"SKIP","floor":14},{"not_picked":["Grand Finale","A Thousand Cuts"],"picked":"Adrenaline","floor":16},{"not_picked":["Dagger Spray+1","Acrobatics","Sucker Punch"],"picked":"SKIP","floor":18}],"player_experience":400638,"relics_obtained":[{"floor":9,"key":"Bottled Flame"}],"event_choices":[{"cards_removed":["Strike_G"],"damage_healed":0,"gold_gain":0,"player_choice":"Card Removal","damage_taken":0,"max_hp_gain":0,"max_hp_loss":0,"event_name":"The Cleric","floor":11,"gold_loss":75},{"damage_healed":0,"gold_gain":0,"player_choice":"Success","damage_taken":18,"relics_obtained":["Sundial"],"max_hp_gain":0,"max_hp_loss":0,"event_name":"Scrap Ooze","floor":13,"gold_loss":0},{"damage_healed":0,"gold_gain":0,"player_choice":"Fought Bandits","damage_taken":0,"max_hp_gain":0,"max_hp_loss":0,"event_name":"Masked Bandits","floor":19,"gold_loss":0}],"is_beta":false,"boss_relics":[{"not_picked":["Eternal Feather","Tiny House"],"picked":"Velvet Choker"}],"items_purged_floors":[],"is_endless":false,"potions_floor_spawned":[3,4,8,12,14],"killed_by":"Masked Bandits","ascension_level":20}