{"gold_per_floor":[12,162,162,172,97,97,129,129,152,74,74,86,121,132,132,206,206,219,72,84,84,9,20,54,73,73,93,93,104,131,150,150,150],"floor_reached":33,"playtime":3362,"items_purged":["Doubt"],"score":520,"play_id":"ae2777ec-1ec8-4d24-a8da-bbb0759568e2","local_time":"20190519182109","is_ascension_mode":true,"campfire_choices":[{"data":"Redo","floor":6.0,"key":"SMITH"},{"data":"Zap","floor":8.0,"key":"SMITH"},{"data":"Redo","floor":11.0,"key":"SMITH"},{"floor":15.0,"key":"REST"},{"data":"Defragment","floor":28.0,"key":"SMITH"},{"data":"Creative AI","floor":32.0,"key":"SMITH"}],"neow_cost":"NO_GOLD","seed_source_timestamp":8006953782400,"circlet_count":0,"master_deck":["AscendersBane","Defend_B","Defend_B","Defend_B","Zap+1","Dualcast","Multi-Cast","Undo","Redo+1","Conserve Battery","Rebound","Redo+1","Steam","Electrodynamics","Go for the Eyes","Creative AI+1","Self Repair+1","Melter+1","Fission+1","Ball Lightning","Defragment+1","Glacier","Self Repair","Rainbow","Auto Shields","Self Repair","BootSequence","Loop","Turbo","Hologram","Storm","Storm"],"special_seed":0,"relics":["Cracked Core","Ornamental Fan","Strawberry","Oddly Smooth Stone","Omamori","Astrolabe","Ice Cream","Singing Bowl"],"potions_floor_usage":[],"damage_taken":[{"damage":4.0,"enemies":"Jaw Worm","floor":1.0,"turns":4.0},{"damage":3.0,"enemies":"2 Louse","floor":4.0,"turns":4.0},{"damage":28.0,"enemies":"Lagavulin","floor":7.0,"turns":8.0},{"damage":0.0,"enemies":"Cultist","floor":12.0,"turns":4.0},{"damage":14.0,"enemies":"Gremlin Nob","floor":13.0,"turns":4.0},{"damage":8.0,"enemies":"Blue Slaver","floor":14.0,"turns":4.0},{"damage":20.0,"enemies":"Slime Boss","floor":16.0,"turns":9.0},{"damage":0.0,"enemies":"Spheric Guardian","floor":18.0,"turns":3.0},{"damage":32.0,"enemies":"2 Thieves","floor":20.0,"turns":3.0},{"damage":22.0,"enemies":"Shelled Parasite and Fungi","floor":23.0,"turns":9.0},{"damage":15.0,"enemies":"Book of Stabbing","floor":24.0,"turns":7.0},{"damage":6.0,"enemies":"3 Cultists","floor":25.0,"turns":4.0},{"damage":38.0,"enemies":"Cultist and Chosen","floor":27.0,"turns":8.0},{"damage":3.0,"enemies":"Centurion and Healer","floor":29.0,"turns":5.0},{"damage":14.0,"enemies":"Slavers","floor":30.0,"turns":5.0},{"damage":0.0,"enemies":"Sentry and Sphere","floor":31.0,"turns":4.0},{"damage":67,"enemies":"Collector","floor":33,"turns":7}],"seed_played":"-4036187919575901737","potions_obtained":[{"floor":4.0,"key":"Ancient Potion"},{"floor":12.0,"key":"FocusPotion"},{"floor":16.0,"key":"Poison Potion"},{"floor":23.0,"key":"PowerPotion"},{"floor":25.0,"key":"Fruit Juice"},{"floor":29.0,"key":"SpeedPotion"}],"is_trial":false,"path_per_floor":["M","?","?","M","$","R","E","R","T","$","R","M","E","M","R","B",null,"M","$","M","?","$","M","E","M","T","M","R","M","E","M","R","B"],"character_chosen":"DEFECT","items_purchased":["Redo","Steam","Defragment","Glacier","Self Repair"],"campfire_rested":1,"item_purchase_floors":[10,10,19,19,22],"current_hp_per_floor":[60,60,49,46,46,46,25,25,25,25,25,25,11,3,26,6,60,60,60,28,28,28,30,39,55,55,34,34,48,58,65,65,0],"gold":150,"neow_bonus":"TRANSFORM_TWO_CARDS","is_prod":false,"is_daily":false,"chose_seed":false,"campfire_upgraded":5,"win_rate":0,"timestamp":1558311669,"path_taken":["M","?","?","M","$","R","E","R","T","$","R","M","E","M","R","BOSS","M","$","M","?","?","M","E","M","T","M","R","M","E","M","R","BOSS"],"build_version":"2019-01-23","purchased_purges":1,"victory":false,"max_hp_per_floor":[71,71,71,71,71,71,78,78,78,78,78,78,78,78,78,78,78,78,78,78,78,78,78,78,83,83,83,83,83,83,83,83,83],"card_choices":[{"not_picked":["Compile Driver","Heatsinks"],"picked":"Redo","floor":1.0},{"not_picked":["Leap","Ball Lightning"],"picked":"Conserve Battery","floor":4.0},{"not_picked":["Force Field","Streamline"],"picked":"Rebound","floor":7.0},{"not_picked":["Leap","Capacitor"],"picked":"Electrodynamics","floor":12.0},{"not_picked":["Skim","Electrodynamics","Blizzard"],"picked":"SKIP","floor":13.0},{"not_picked":["Loop","Turbo"],"picked":"Go for the Eyes","floor":14.0},{"not_picked":["Seek","Electrodynamics"],"picked":"Creative AI","floor":16.0},{"not_picked":["Go for the Eyes","Tempest"],"picked":"Ball Lightning","floor":18.0},{"not_picked":["Leap","Compile Driver"],"picked":"Self Repair","floor":20.0},{"not_picked":["Steam+1","Turbo"],"picked":"BootSequence","floor":23.0},{"not_picked":["Reboot","Turbo"],"picked":"Loop","floor":24.0},{"not_picked":["Reprogram","Rebound","Stack"],"picked":"SKIP","floor":25.0},{"not_picked":["Glacier+1","Darkness"],"picked":"Turbo","floor":27.0},{"not_picked":["Scrape","Blizzard"],"picked":"Hologram","floor":29.0},{"not_picked":["Melter","Barrage"],"picked":"Storm","floor":30.0},{"not_picked":["Coolheaded","Skim"],"picked":"Storm","floor":31.0}],"player_experience":740425,"relics_obtained":[{"floor":7.0,"key":"Strawberry"},{"floor":9.0,"key":"Oddly Smooth Stone"},{"floor":13.0,"key":"Omamori"},{"floor":24.0,"key":"Ice Cream"},{"floor":30.0,"key":"Singing Bowl"}],"event_choices":[{"damage_healed":0.0,"max_hp_gain":0.0,"max_hp_loss":0.0,"gold_gain":150.0,"event_name":"Liars Game","player_choice":"AGREE","floor":2.0,"gold_loss":0.0,"damage_taken":0.0,"cards_obtained":["Doubt"]},{"damage_healed":0.0,"max_hp_gain":0.0,"max_hp_loss":0.0,"gold_gain":0.0,"event_name":"Scrap Ooze","player_choice":"Success","floor":3.0,"gold_loss":0.0,"damage_taken":11.0,"relics_obtained":["Ornamental Fan"]},{"damage_healed":0.0,"max_hp_gain":0.0,"max_hp_loss":0.0,"gold_gain":0.0,"event_name":"Match and Keep!","player_choice":"2 cards matched","floor":21.0,"gold_loss":0.0,"damage_taken":0.0,"cards_obtained":["Rainbow","Auto Shields"]}],"is_beta":false,"boss_relics":[{"not_picked":["Pandora\u0027s Box","Coffee Dripper"],"picked":"Astrolabe"}],"items_purged_floors":[5],"is_endless":false,"potions_floor_spawned":[4,12,16,23,25,29],"killed_by":"Collector","ascension_level":15}