{"gold_per_floor":[363,5,25,25,38,67,67,67,67,67,67,93,93,113,113,217,217,229,34,45,45,59,88,88,117,117,117,127,141,141,167,167,267,267,284,335,350,367,60,92,92,92,118,118,132,42,58,93,93,93],"floor_reached":51,"playtime":3292,"items_purged":["Strike_R","Bash"],"score":1065,"play_id":"0555ef2e-fb3b-471c-9868-ae18a436d06d","local_time":"20190609000942","is_ascension_mode":true,"campfire_choices":[{"data":"Metallicize","floor":7.0,"key":"SMITH"},{"data":"True Grit","floor":10.0,"key":"SMITH"},{"data":"Metallicize","floor":13.0,"key":"SMITH"},{"data":"Sword Boomerang","floor":15.0,"key":"SMITH"},{"data":"Inflame","floor":24.0,"key":"SMITH"},{"data":"Spot Weakness","floor":27.0,"key":"SMITH"},{"floor":30.0,"key":"REST"},{"floor":32.0,"key":"REST"},{"data":"Battle Trance","floor":41.0,"key":"SMITH"},{"floor":44.0,"key":"REST"},{"floor":49.0,"key":"REST"}],"neow_cost":"TEN_PERCENT_HP_LOSS","seed_source_timestamp":0,"circlet_count":0,"master_deck":["Strike_R+1","Strike_R+1","Defend_R+1","Defend_R+1","Defend_R+1","Defend_R+1","True Grit+1","Pommel Strike+1","Spot Weakness+1","Sword Boomerang+1","Metallicize+1","Metallicize+1","Sword Boomerang+1","Dark Embrace+1","Cleave+1","Inflame+1","Anger+1","Anger+1","Inflame+1","Inflame+1","Bludgeon+1","Headbutt+1","True Grit+1","Battle Trance+1","Inflame+1"],"special_seed":0,"relics":["Burning Blood","Pocketwatch","Ice Cream","Molten Egg 2","Boot","Velvet Choker","Orichalcum","Bronze Scales","Dodecahedron","Meat on the Bone","Sozu","Mango","ClockworkSouvenir","Omamori","Blood Vial","Centennial Puzzle","Unceasing Top"],"potions_floor_usage":[50],"damage_taken":[{"damage":10.0,"enemies":"Small Slimes","floor":1.0,"turns":4.0},{"damage":0.0,"enemies":"Cultist","floor":3.0,"turns":3.0},{"damage":8.0,"enemies":"2 Louse","floor":5.0,"turns":2.0},{"damage":29.0,"enemies":"3 Sentries","floor":6.0,"turns":6.0},{"damage":0.0,"enemies":"Lots of Slimes","floor":11.0,"turns":1.0},{"damage":26.0,"enemies":"Gremlin Nob","floor":12.0,"turns":4.0},{"damage":0.0,"enemies":"Blue Slaver","floor":14.0,"turns":4.0},{"damage":2.0,"enemies":"Hexaghost","floor":16.0,"turns":8.0},{"damage":2.0,"enemies":"2 Thieves","floor":18.0,"turns":4.0},{"damage":1.0,"enemies":"3 Byrds","floor":20.0,"turns":4.0},{"damage":0.0,"enemies":"3 Cultists","floor":22.0,"turns":5.0},{"damage":18.0,"enemies":"Gremlin Leader","floor":23.0,"turns":5.0},{"damage":33.0,"enemies":"Slavers","floor":25.0,"turns":4.0},{"damage":6.0,"enemies":"Snake Plant","floor":28.0,"turns":3.0},{"damage":7.0,"enemies":"Shelled Parasite and Fungi","floor":29.0,"turns":4.0},{"damage":11.0,"enemies":"Book of Stabbing","floor":31.0,"turns":4.0},{"damage":26.0,"enemies":"Collector","floor":33.0,"turns":7.0},{"damage":0.0,"enemies":"Orb Walker","floor":35.0,"turns":3.0},{"damage":21.0,"enemies":"2 Orb Walkers","floor":36.0,"turns":3.0},{"damage":6.0,"enemies":"3 Shapes","floor":37.0,"turns":3.0},{"damage":25.0,"enemies":"Writhing Mass","floor":38.0,"turns":5.0},{"damage":28.0,"enemies":"Reptomancer","floor":40.0,"turns":6.0},{"damage":9.0,"enemies":"Transient","floor":45.0,"turns":5.0},{"damage":4.0,"enemies":"4 Shapes","floor":47.0,"turns":2.0},{"damage":26.0,"enemies":"Giant Head","floor":48.0,"turns":6.0},{"damage":42,"enemies":"Time Eater","floor":50,"turns":8}],"seed_played":"-5813977688967331036","potions_obtained":[{"floor":1.0,"key":"SmokeBomb"},{"floor":3.0,"key":"SkillPotion"},{"floor":6.0,"key":"Energy Potion"},{"floor":12.0,"key":"GamblersBrew"},{"floor":14.0,"key":"Ancient Potion"},{"floor":20.0,"key":"EssenceOfSteel"},{"floor":23.0,"key":"Dexterity Potion"},{"floor":25.0,"key":"SpeedPotion"},{"floor":28.0,"key":"Poison Potion"},{"floor":31.0,"key":"GamblersBrew"}],"is_trial":false,"path_per_floor":["M","$","M","?","M","E","R","?","T","R","M","E","R","M","R","B",null,"M","$","M","?","M","E","R","E","T","R","M","M","R","E","R","B",null,"M","?","M","M","$","E","R","?","T","R","M","?","M","E","R","B",null],"character_chosen":"IRONCLAD","items_purchased":["Pocketwatch","Pommel Strike","Inflame","Anger+1","ClockworkSouvenir"],"campfire_rested":4,"item_purchase_floors":[2,2,19,19,39],"current_hp_per_floor":[68,68,72,72,70,47,47,47,47,47,53,33,33,39,39,43,65,69,69,72,72,72,60,60,33,33,33,33,32,53,48,69,49,66,72,71,71,52,52,42,42,42,42,67,66,66,70,52,77,55],"gold":93,"neow_bonus":"TWO_FIFTY_GOLD","is_prod":false,"is_daily":false,"chose_seed":false,"campfire_upgraded":7,"win_rate":0,"timestamp":1560056982,"path_taken":["M","$","M","?","?","E","R","?","T","R","M","E","R","?","R","BOSS","M","$","?","?","M","E","R","E","T","R","M","M","R","E","R","BOSS","M","?","M","M","$","E","R","?","T","R","?","?","?","E","R","BOSS"],"build_version":"2019-01-23","purchased_purges":2,"victory":true,"max_hp_per_floor":[72,72,72,72,72,72,72,72,72,72,72,72,72,72,72,72,72,72,72,72,72,72,72,72,72,72,72,72,72,72,72,72,72,72,72,86,86,86,86,86,86,86,86,86,86,86,86,86,86,86],"card_choices":[{"not_picked":["Fire Breathing","Perfected Strike"],"picked":"True Grit","floor":1.0},{"not_picked":["Sever Soul","Flex"],"picked":"Spot Weakness","floor":3.0},{"not_picked":["Flex","Heavy Blade"],"picked":"Sword Boomerang","floor":5.0},{"not_picked":["Burning Pact","Pommel Strike"],"picked":"Metallicize","floor":6.0},{"not_picked":["Wild Strike+1","Clash+1"],"picked":"Metallicize","floor":12.0},{"not_picked":["Hemokinesis+1","Perfected Strike+1"],"picked":"Sword Boomerang+1","floor":14.0},{"not_picked":["Brutality","Berserk"],"picked":"Dark Embrace","floor":16.0},{"not_picked":["Intimidate","Rupture"],"picked":"Cleave+1","floor":18.0},{"not_picked":["Wild Strike+1","Infernal Blade+1"],"picked":"Anger+1","floor":20.0},{"not_picked":["Cleave+1","Clash+1","Burning Pact"],"picked":"SKIP","floor":22.0},{"not_picked":["Flex","Headbutt+1"],"picked":"Inflame+1","floor":23.0},{"not_picked":["Whirlwind+1","Combust"],"picked":"Inflame+1","floor":25.0},{"not_picked":["Thunderclap+1","Havoc","Anger+1"],"picked":"SKIP","floor":28.0},{"not_picked":["Dropkick+1","Heavy Blade+1","Havoc"],"picked":"SKIP","floor":29.0},{"not_picked":["Clothesline+1","Hemokinesis+1","Double Tap"],"picked":"SKIP","floor":31.0},{"not_picked":["Double Tap","Fiend Fire+1"],"picked":"Bludgeon+1","floor":33.0},{"not_picked":["Havoc+1","Armaments+1"],"picked":"Headbutt+1","floor":35.0},{"not_picked":["Bloodletting","Whirlwind+1"],"picked":"True Grit+1","floor":36.0},{"not_picked":["Clothesline+1","Fire Breathing+1","Sever Soul+1"],"picked":"SKIP","floor":37.0},{"not_picked":["Entrench","Twin Strike+1"],"picked":"Battle Trance","floor":38.0},{"not_picked":["Headbutt+1","Flex","Berserk"],"picked":"SKIP","floor":40.0},{"not_picked":["Clothesline+1","Anger+1","Armaments"],"picked":"SKIP","floor":45.0},{"not_picked":["Clothesline+1","Infernal Blade+1"],"picked":"Inflame+1","floor":47.0},{"not_picked":["Flex","Thunderclap+1","Fire Breathing+1"],"picked":"SKIP","floor":48.0}],"player_experience":61119,"relics_obtained":[{"floor":6.0,"key":"Ice Cream"},{"floor":9.0,"key":"Molten Egg 2"},{"floor":12.0,"key":"Boot"},{"floor":23.0,"key":"Orichalcum"},{"floor":25.0,"key":"Bronze Scales"},{"floor":26.0,"key":"Dodecahedron"},{"floor":31.0,"key":"Meat on the Bone"},{"floor":36.0,"key":"Mango"},{"floor":40.0,"key":"Omamori"},{"floor":43.0,"key":"Centennial Puzzle"},{"floor":48.0,"key":"Unceasing Top"}],"event_choices":[{"cards_removed":["Strike_R"],"damage_healed":0.0,"max_hp_gain":0.0,"max_hp_loss":0.0,"gold_gain":0.0,"event_name":"Purifier","player_choice":"Purged","floor":4.0,"gold_loss":0.0,"damage_taken":0.0},{"damage_healed":0.0,"max_hp_gain":0.0,"max_hp_loss":0.0,"gold_gain":0.0,"event_name":"Upgrade Shrine","player_choice":"Upgraded","floor":8.0,"gold_loss":0.0,"damage_taken":0.0,"cards_upgraded":["Pommel Strike"]},{"damage_healed":0.0,"max_hp_gain":0.0,"max_hp_loss":0.0,"gold_gain":0.0,"event_name":"Back to Basics","player_choice":"Simplicity","floor":21.0,"gold_loss":0.0,"damage_taken":0.0,"cards_upgraded":["Strike_R","Strike_R","Strike_R","Defend_R","Defend_R","Defend_R","Defend_R"]},{"damage_healed":0.0,"max_hp_gain":0.0,"max_hp_loss":0.0,"gold_gain":0.0,"event_name":"Mysterious Sphere","player_choice":"Fight","floor":36.0,"gold_loss":0.0,"damage_taken":0.0},{"damage_healed":0.0,"max_hp_gain":0.0,"max_hp_loss":0.0,"gold_gain":0.0,"event_name":"WeMeetAgain","player_choice":"Gave Potion","floor":42.0,"gold_loss":0.0,"damage_taken":0.0,"relics_obtained":["Blood Vial"]},{"cards_removed":["Strike_R"],"damage_healed":0.0,"max_hp_gain":0.0,"max_hp_loss":0.0,"gold_gain":0.0,"event_name":"Designer","player_choice":"Upgrade and Remove","floor":46.0,"gold_loss":90.0,"damage_taken":0.0,"cards_upgraded":["Dark Embrace"]}],"is_beta":false,"boss_relics":[{"not_picked":["Coffee Dripper","Snecko Eye"],"picked":"Velvet Choker"},{"not_picked":["Mark of Pain","Lizard Tail"],"picked":"Sozu"}],"items_purged_floors":[19,39],"is_endless":false,"potions_floor_spawned":[1,3,6,12,14,20,23,25,28,31,36,37,48],"ascension_level":8}