{"gold_per_floor":[110,124,140,89,101,129,186,186,212,212,212,212,222,240,240,344,344,363,363,378,225,239,239,259,259,259,66,66,83,83,100,100,202,202,219,229,229,229,33,33,33,51,51,68,68,86,86,100,100,100],"floor_reached":51,"playtime":2271,"items_purged":["Strike_B","Injury"],"score":994,"play_id":"63b8a669-e7bd-4351-87bb-bf5c98404368","local_time":"20180825111942","is_ascension_mode":true,"campfire_choices":[{"floor":8.0,"key":"REST"},{"floor":10.0,"key":"REST"},{"data":"Zap","floor":12.0,"key":"SMITH"},{"floor":15.0,"key":"REST"},{"floor":23.0,"key":"REST"},{"data":"Defragment","floor":32.0,"key":"SMITH"},{"data":"Biased Cognition","floor":40,"key":"SMITH"},{"data":"Blind","floor":47,"key":"SMITH"},{"data":"Glacier","floor":49,"key":"SMITH"}],"neow_cost":"","seed_source_timestamp":0,"circlet_count":0,"master_deck":["Strike_B+1","Strike_B+1","Defend_B+1","Defend_B+1","Defend_B+1","Defend_B+1","Zap+1","Dualcast+1","Streamline","Compile Driver","Biased Cognition+1","Capacitor","Ball Lightning","Ball Lightning","Electrodynamics","Core Surge","Leap+1","Parasite","Self Repair","Self Repair+1","Capacitor","Blind+1","Defragment+1","Cold Snap","Electrodynamics","Glacier+1","White Noise+1"],"special_seed":0,"relics":["Cracked Core","Boot","Bag of Marbles","Dream Catcher","Cursed Key","Gremlin Horn","MutagenicStrength","Singing Bowl","Inserter","Bag of Preparation","ClockworkSouvenir"],"potions_floor_usage":[50,50,50],"damage_taken":[{"damage":1.0,"enemies":"Cultist","floor":1.0,"turns":4.0},{"damage":0.0,"enemies":"2 Louse","floor":2.0,"turns":2.0},{"damage":0.0,"enemies":"Small Slimes","floor":3.0,"turns":2.0},{"damage":12.0,"enemies":"Looter","floor":5.0,"turns":3.0},{"damage":20.0,"enemies":"Lagavulin","floor":6.0,"turns":7.0},{"damage":20.0,"enemies":"3 Sentries","floor":7.0,"turns":6.0},{"damage":0.0,"enemies":"Large Slime","floor":13.0,"turns":3.0},{"damage":13.0,"enemies":"Exordium Wildlife","floor":14.0,"turns":3.0},{"damage":0.0,"enemies":"Slime Boss","floor":16.0,"turns":5.0},{"damage":6.0,"enemies":"Spheric Guardian","floor":18.0,"turns":3.0},{"damage":14.0,"enemies":"Chosen","floor":20.0,"turns":4.0},{"damage":23.0,"enemies":"Snecko","floor":22.0,"turns":5.0},{"damage":1.0,"enemies":"Chosen and Byrds","floor":24.0,"turns":5.0},{"damage":11.0,"enemies":"Sentry and Sphere","floor":29.0,"turns":4.0},{"damage":4.0,"enemies":"3 Cultists","floor":31.0,"turns":4.0},{"damage":54.0,"enemies":"Collector","floor":33.0,"turns":8.0},{"damage":39,"enemies":"3 Darklings","floor":35,"turns":3},{"damage":14,"enemies":"3 Shapes","floor":36,"turns":6},{"damage":13,"enemies":"Maw","floor":42,"turns":7},{"damage":8,"enemies":"4 Shapes","floor":44,"turns":2},{"damage":0,"enemies":"Flame Bruiser 2 Orb","floor":46,"turns":5},{"damage":18,"enemies":"Spire Growth","floor":48,"turns":6},{"damage":65,"enemies":"Donu and Deca","floor":50,"turns":10}],"seed_played":"4226032312446008382","potions_obtained":[{"floor":3.0,"key":"SmokeBomb"},{"floor":5.0,"key":"Fire Potion"},{"floor":7.0,"key":"FearPotion"},{"floor":7.0,"key":"Strength Potion"},{"floor":14.0,"key":"Fire Potion"},{"floor":22.0,"key":"Dexterity Potion"},{"floor":24.0,"key":"EssenceOfSteel"},{"floor":35,"key":"EssenceOfSteel"},{"floor":42,"key":"Explosive Potion"},{"floor":46,"key":"FearPotion"}],"is_trial":false,"path_per_floor":["M","M","M","$","M","E","?","R","T","R","?","R","M","M","R","B",null,"M","T","M","$","M","R","M","?","T","$","?","M","?","M","R","B",null,"M","M","?","?","$","R","?","M","T","M","$","M","R","M","R","B"],"character_chosen":"DEFECT","items_purchased":["Weak Potion","Self Repair","Blind","ClockworkSouvenir"],"campfire_rested":4,"item_purchase_floors":[4,21,27,39],"current_hp_per_floor":[67,67,67,67,55,35,15,37,37,59,52,52,52,39,61,61,72,66,66,52,52,36,58,74,74,74,74,74,75,75,77,77,40,68,41,44,44,46,46,46,46,50,50,44,44,63,63,71,71,6],"gold":100,"neow_bonus":"","is_prod":false,"is_daily":false,"chose_seed":false,"campfire_upgraded":5,"win_rate":0,"timestamp":1535210382,"path_taken":["M","M","M","$","?","E","?","R","T","R","?","R","?","M","R","BOSS","M","?","M","$","M","R","M","?","T","$","?","?","?","M","R","BOSS","BOSS","M","M","?","?","$","R","?","M","T","M","?","M","R","M","R","BOSS"],"build_version":"2018-08-23v2","purchased_purges":2,"victory":true,"max_hp_per_floor":[75,75,75,75,75,75,75,75,75,75,75,75,75,75,75,75,75,75,75,75,75,75,75,75,75,75,75,75,75,75,77,77,77,77,79,79,79,81,81,81,81,81,81,83,83,85,85,87,87,87],"card_choices":[{"not_picked":["Turbo","Reprogram"],"picked":"Streamline","floor":1.0},{"not_picked":["Turbo","Stack"],"picked":"Compile Driver","floor":2.0},{"not_picked":["Go for the Eyes","FTL"],"picked":"Biased Cognition","floor":3.0},{"not_picked":["Barrage","Conserve Battery"],"picked":"Capacitor","floor":5.0},{"not_picked":["Sweeping Beam","Beam Cell","Thunder Strike"],"picked":"SKIP","floor":6.0},{"not_picked":["Compile Driver","Cold Snap"],"picked":"Ball Lightning","floor":7.0},{"not_picked":["Go for the Eyes","Hologram"],"picked":"Ball Lightning","floor":10.0},{"not_picked":["Beam Cell","Compile Driver"],"picked":"Electrodynamics","floor":13.0},{"not_picked":["Redo","Gash","Turbo"],"picked":"SKIP","floor":14.0},{"not_picked":["Reboot","Multi-Cast"],"picked":"Core Surge","floor":16.0},{"not_picked":["Go for the Eyes","Hologram+1"],"picked":"Leap+1","floor":18.0},{"not_picked":["Tempest","Hologram","Undo+1"],"picked":"SKIP","floor":20.0},{"not_picked":["Chill","Conserve Battery","Beam Cell"],"picked":"SKIP","floor":22.0},{"not_picked":["Hologram+1","Conserve Battery+1"],"picked":"Self Repair+1","floor":23.0},{"not_picked":["Sunder","Reprogram"],"picked":"Capacitor","floor":24.0},{"not_picked":["Ball Lightning","Core Surge"],"picked":"Defragment","floor":29.0},{"not_picked":["Conserve Battery","Gash","Streamline"],"picked":"Singing Bowl","floor":31.0},{"not_picked":["Hyperbeam","All For One"],"picked":"Electrodynamics","floor":33},{"not_picked":["Compile Driver","Beam Cell+1","Lockon+1"],"picked":"Singing Bowl","floor":35},{"not_picked":["Stack+1","Fusion+1"],"picked":"Glacier","floor":36},{"not_picked":["Purity","HandOfGreed","Jack Of All Trades"],"picked":"Singing Bowl","floor":38},{"not_picked":["Hologram+1","Hello World"],"picked":"White Noise+1","floor":42},{"not_picked":["Ball Lightning+1","Beam Cell","FTL"],"picked":"Singing Bowl","floor":44},{"not_picked":["Stack","Barrage","Conserve Battery+1"],"picked":"Singing Bowl","floor":46},{"not_picked":["BootSequence","Glacier","White Noise+1"],"picked":"Singing Bowl","floor":48}],"player_experience":116147,"relics_obtained":[{"floor":6.0,"key":"Boot"},{"floor":7.0,"key":"Bag of Marbles"},{"floor":9.0,"key":"Dream Catcher"},{"floor":19.0,"key":"Gremlin Horn"},{"floor":26.0,"key":"Singing Bowl"}],"event_choices":[{"event_name":"Dead Adventurer","player_choice":"Searched \u00271\u0027 times","floor":7.0,"damage_taken":0.0},{"event_name":"Golden Wing","player_choice":"Card Removal","floor":11.0,"damage_taken":0.0},{"event_name":"Drug Dealer","player_choice":"Inject Mutagens","floor":25.0,"damage_taken":0.0},{"event_name":"Back to Basics","player_choice":"Simplicity","floor":28.0,"damage_taken":0.0},{"event_name":"The Library","player_choice":"Read","floor":30.0,"damage_taken":0.0},{"event_name":"WeMeetAgain","player_choice":"Potion","floor":37,"damage_taken":0},{"event_name":"SensoryStone","player_choice":"Memory 1","floor":38,"damage_taken":0},{"event_name":"Accursed Blacksmith","player_choice":"Forge","floor":41,"damage_taken":0}],"is_beta":false,"boss_relics":[{"not_picked":["Fusion Hammer","Snecko Eye"],"picked":"Cursed Key"},{"not_picked":["Black Star","FrozenCore"],"picked":"Inserter"}],"items_purged_floors":[21,27],"is_endless":false,"potions_floor_spawned":[3,5,7,7,14,22,24,33,35,42,46],"ascension_level":9}