{"gold_per_floor":[114,124,143,21,40,101,115,115,191,208,208,231,243,275,287,401,413,436,150,150,150,164,196,196,213,287,287,306,36,49,97,97,97],"floor_reached":33,"playtime":1637,"items_purged":["Strike_B","Strike_B","Defend_B"],"score":434,"play_id":"3e2007e6-1fe6-464f-a566-912715abaaec","local_time":"20190426135113","is_ascension_mode":true,"campfire_choices":[{"data":"Go for the Eyes","floor":8,"key":"SMITH"},{"data":"Static Discharge","floor":13,"key":"SMITH"},{"data":"Dualcast","floor":15,"key":"SMITH"},{"data":"Darkness","floor":24,"key":"SMITH"},{"data":"Consume","floor":27,"key":"SMITH"},{"floor":32,"key":"REST"}],"neow_cost":"NONE","seed_source_timestamp":0,"circlet_count":0,"master_deck":["AscendersBane","Strike_B","Strike_B","Defend_B","Defend_B+1","Defend_B","Zap+1","Dualcast+1","Chill","Go for the Eyes+1","Conserve Battery+1","Cold Snap","Rainbow","Static Discharge+1","Sweeping Beam","Self Repair","Core Surge","Ball Lightning","Biased Cognition","Steam+1","Darkness+1","Consume+1","Ball Lightning","Conserve Battery","Leap","Doom and Gloom"],"special_seed":0,"relics":["Cracked Core","Tiny Chest","Symbiotic Virus","MawBank","Velvet Choker","Prayer Wheel","Turnip","Question Card","War Paint","Happy Flower"],"potions_floor_usage":[12,16,16,22,23,25,33],"damage_taken":[{"damage":0.0,"enemies":"Cultist","floor":1.0,"turns":3.0},{"damage":2,"enemies":"Jaw Worm","floor":2,"turns":3},{"damage":0,"enemies":"2 Louse","floor":3,"turns":3},{"damage":2,"enemies":"Looter","floor":5,"turns":3},{"damage":10,"enemies":"Lagavulin","floor":6,"turns":9},{"damage":10,"enemies":"3 Louse","floor":7,"turns":4},{"damage":1,"enemies":"Large Slime","floor":10,"turns":5},{"damage":4,"enemies":"Looter","floor":12,"turns":3},{"damage":1,"enemies":"2 Fungi Beasts","floor":14,"turns":2},{"damage":8,"enemies":"Hexaghost","floor":16,"turns":8},{"damage":6,"enemies":"Shell Parasite","floor":18,"turns":5},{"damage":13,"enemies":"2 Thieves","floor":22,"turns":3},{"damage":18,"enemies":"Book of Stabbing","floor":23,"turns":6},{"damage":14,"enemies":"Shelled Parasite and Fungi","floor":25,"turns":4},{"damage":17,"enemies":"Snake Plant","floor":28,"turns":2},{"damage":9,"enemies":"Centurion and Healer","floor":30,"turns":6},{"damage":52,"enemies":"Automaton","floor":33,"turns":6}],"seed_played":"1579358221317707366","potions_obtained":[{"floor":3,"key":"Swift Potion"},{"floor":7,"key":"AttackPotion"},{"floor":10,"key":"Poison Potion"},{"floor":12,"key":"FocusPotion"},{"floor":16,"key":"EssenceOfSteel"},{"floor":23,"key":"SkillPotion"},{"floor":30,"key":"EssenceOfSteel"}],"is_trial":false,"path_per_floor":["M","M","M","$","M","E","M","R","T","M","T","M","R","M","R","B",null,"M","$","?","T","M","E","R","M","T","R","M","$","M","T","R","B"],"character_chosen":"DEFECT","items_purchased":["Cold Snap","Biased Cognition","Explosive Potion","War Paint"],"campfire_rested":1,"item_purchase_floors":[4,19,19,29],"current_hp_per_floor":[68,66,66,66,64,54,44,44,44,43,43,39,39,38,38,37,66,67,67,67,67,61,50,50,43,43,43,26,26,24,24,46,0],"gold":97,"neow_bonus":"UPGRADE_CARD","is_prod":false,"is_daily":false,"chose_seed":false,"campfire_upgraded":5,"win_rate":0,"timestamp":1556301073,"path_taken":["M","M","M","$","M","E","M","R","T","M","?","?","R","M","R","BOSS","M","$","?","?","?","E","R","M","T","R","M","$","M","?","R","BOSS"],"build_version":"2019-01-23","purchased_purges":3,"victory":false,"max_hp_per_floor":[75,75,75,75,75,75,75,75,75,75,75,75,75,75,75,75,75,75,75,75,75,75,75,75,75,75,75,75,75,75,75,75,75],"card_choices":[{"not_picked":["Barrage","Fusion"],"picked":"Chill","floor":1},{"not_picked":["Chaos","Gash"],"picked":"Go for the Eyes","floor":2},{"not_picked":["Compile Driver","Beam Cell"],"picked":"Conserve Battery","floor":3},{"not_picked":["Stack","Hyperbeam","Barrage"],"picked":"SKIP","floor":5},{"not_picked":["Go for the Eyes","Turbo"],"picked":"Rainbow","floor":6},{"not_picked":["Steam","Hologram"],"picked":"Static Discharge","floor":7},{"not_picked":["Fusion","Stack"],"picked":"Sweeping Beam","floor":10},{"not_picked":["Go for the Eyes","Sweeping Beam","Coolheaded"],"picked":"SKIP","floor":12},{"not_picked":["Beam Cell","Stack"],"picked":"Self Repair","floor":14},{"not_picked":["Buffer","Amplify"],"picked":"Core Surge","floor":16},{"not_picked":["Undo","Stack"],"picked":"Ball Lightning","floor":18},{"not_picked":["Scrape+1","Streamline+1"],"picked":"Steam+1","floor":22},{"not_picked":["Storm","Conserve Battery"],"picked":"Darkness","floor":22},{"not_picked":["Hyperbeam","Sweeping Beam","Force Field"],"picked":"SKIP","floor":23},{"not_picked":["Redo","Rebound"],"picked":"Consume","floor":25},{"not_picked":["Turbo","Hologram"],"picked":"Ball Lightning","floor":25},{"not_picked":["Ball Lightning","Fusion","Leap"],"picked":"Conserve Battery","floor":28},{"not_picked":["Barrage+1","Coolheaded","Creative AI"],"picked":"Leap","floor":28},{"not_picked":["Reinforced Body","Storm","Stack"],"picked":"Doom and Gloom","floor":30},{"not_picked":["Turbo","Rebound","Coolheaded","Hologram"],"picked":"SKIP","floor":30}],"player_experience":144327,"relics_obtained":[{"floor":6,"key":"Tiny Chest"},{"floor":9,"key":"Symbiotic Virus"},{"floor":11,"key":"MawBank"},{"floor":21,"key":"Prayer Wheel"},{"floor":23,"key":"Turnip"},{"floor":26,"key":"Question Card"},{"floor":31,"key":"Happy Flower"}],"event_choices":[{"damage_healed":0,"gold_gain":0,"player_choice":"Ignored","damage_taken":0,"max_hp_gain":0,"max_hp_loss":0,"event_name":"Ghosts","floor":20,"gold_loss":0}],"is_beta":false,"boss_relics":[{"not_picked":["Astrolabe","Empty Cage"],"picked":"Velvet Choker"}],"items_purged_floors":[4,19,29],"is_endless":false,"potions_floor_spawned":[3,7,10,12,16,23,30],"killed_by":"Automaton","ascension_level":12}