{"gold_per_floor":[209,228,238,250,35,35,68,22,22,56,73,90,105,105,105,202,252,271,271,283,297,277,307,307,307,307,307,16,16,30,40,40,145,145,160,60,75,150,169,169,169,201,201,201,45,45,45,73,73,73],"floor_reached":50,"playtime":2682,"items_purged":["Twin Strike","Bite"],"score":805,"play_id":"c3b37eef-efff-485f-9bd4-6e5624d3ed04","local_time":"20180820195110","is_ascension_mode":true,"campfire_choices":[{"data":"Hemokinesis","floor":6.0,"key":"SMITH"},{"data":"Clothesline","floor":15.0,"key":"SMITH"},{"floor":24.0,"key":"REST"},{"data":"Heavy Blade","floor":27.0,"key":"SMITH"},{"data":"Demon Form","floor":29.0,"key":"SMITH"},{"floor":32.0,"key":"REST"},{"data":"Heavy Blade","floor":41.0,"key":"SMITH"},{"data":"Offering","floor":44.0,"key":"SMITH"},{"floor":46.0,"key":"REST"},{"floor":49,"key":"REST"}],"neow_cost":"NONE","seed_source_timestamp":503837937529014,"circlet_count":0,"master_deck":["Defend_R","Defend_R","Defend_R+1","Defend_R","Bash","Hemokinesis+1","Shrug It Off","Shockwave","True Grit","Heavy Blade+1","True Grit","Clothesline+1","Battle Trance+1","Demon Form+1","Spot Weakness","Bite+1","Bite+1","Bite","Entrench+1","Flame Barrier+1","Offering+1","Disarm+1","Heavy Blade+1"],"special_seed":0,"relics":["Burning Blood","Vajra","Art of War","Pear","Incense Burner","Tiny House","Thread and Needle","Paper Frog","War Paint","Philosopher\u0027s Stone","Matryoshka","Bag of Marbles","Calipers","Whetstone","Bag of Preparation"],"potions_floor_usage":[50],"damage_taken":[{"damage":4.0,"enemies":"2 Louse","floor":1.0,"turns":3.0},{"damage":11.0,"enemies":"Jaw Worm","floor":2.0,"turns":5.0},{"damage":0.0,"enemies":"Small Slimes","floor":3.0,"turns":3.0},{"damage":14.0,"enemies":"3 Louse","floor":4.0,"turns":4.0},{"damage":21.0,"enemies":"3 Sentries","floor":7.0,"turns":7.0},{"damage":24.0,"enemies":"Lagavulin","floor":10.0,"turns":5.0},{"damage":5.0,"enemies":"2 Fungi Beasts","floor":11.0,"turns":2.0},{"damage":0.0,"enemies":"Gremlin Gang","floor":12.0,"turns":3.0},{"damage":20.0,"enemies":"Large Slime","floor":13.0,"turns":7.0},{"damage":24.0,"enemies":"The Guardian","floor":16.0,"turns":13.0},{"damage":28.0,"enemies":"Spheric Guardian","floor":18.0,"turns":4.0},{"damage":9.0,"enemies":"Chosen","floor":20.0,"turns":4.0},{"damage":25.0,"enemies":"Snecko","floor":21.0,"turns":6.0},{"damage":39.0,"enemies":"Gremlin Leader","floor":23.0,"turns":7.0},{"damage":16.0,"enemies":"Cultist and Chosen","floor":30.0,"turns":7.0},{"damage":25.0,"enemies":"Centurion and Healer","floor":31.0,"turns":10.0},{"damage":61.0,"enemies":"Champ","floor":33.0,"turns":8.0},{"damage":3.0,"enemies":"Orb Walker","floor":35.0,"turns":4.0},{"damage":30.0,"enemies":"Flame Bruiser 1 Orb","floor":37.0,"turns":9.0},{"damage":2.0,"enemies":"Maw","floor":39.0,"turns":7.0},{"damage":54.0,"enemies":"Nemesis","floor":42.0,"turns":7.0},{"damage":53,"enemies":"2 Orb Walkers","floor":48,"turns":5},{"damage":67,"enemies":"Donu and Deca","floor":50,"turns":4}],"seed_played":"-3139604679464771947","potions_obtained":[{"floor":3.0,"key":"Weak Potion"},{"floor":4.0,"key":"LiquidBronze"},{"floor":7.0,"key":"Swift Potion"},{"floor":11.0,"key":"Explosive Potion"},{"floor":12.0,"key":"FearPotion"},{"floor":17.0,"key":"SpeedPotion"},{"floor":18.0,"key":"GamblersBrew"},{"floor":22.0,"key":"Weak Potion"},{"floor":31.0,"key":"FearPotion"},{"floor":35.0,"key":"SkillPotion"},{"floor":37.0,"key":"Regen Potion"}],"is_trial":false,"path_per_floor":["M","M","M","M","$","R","E","$","T","E","M","M","M","?","R","B",null,"M","?","M","M","?","E","R","?","T","R","$","R","M","M","R","B",null,"M","$","M","?","M","?","R","E","T","R","$","R","?","E","R"],"character_chosen":"IRONCLAD","items_purchased":["Vajra","Shockwave","True Grit","Flame Barrier","War Paint","Whetstone"],"campfire_rested":4,"item_purchase_floors":[5,5,8,28,28,45],"current_hp_per_floor":[74,69,75,67,67,67,52,52,62,44,45,51,37,67,67,49,85,63,63,66,51,51,22,41,41,41,41,41,41,37,32,51,14,53,64,64,56,50,66,66,66,43,43,43,43,62,62,26,45,0],"gold":73,"neow_bonus":"HUNDRED_GOLD","is_prod":false,"is_daily":false,"chose_seed":false,"campfire_upgraded":6,"win_rate":0,"timestamp":1534809070,"path_taken":["M","M","M","M","$","R","E","$","T","E","M","M","M","?","R","BOSS","M","?","M","M","?","E","R","?","T","R","$","R","?","M","R","BOSS","M","$","M","?","M","?","R","E","T","R","$","R","?","E","R","BOSS"],"build_version":"2018-08-16","purchased_purges":2,"victory":false,"max_hp_per_floor":[80,80,80,80,80,80,80,80,90,90,90,90,90,90,90,90,95,95,66,66,66,66,66,66,66,66,66,66,66,66,66,66,66,66,66,66,66,66,66,66,66,66,66,66,66,66,66,66,66,66],"card_choices":[{"not_picked":["Thunderclap","Dual Wield"],"picked":"Twin Strike","floor":1.0},{"not_picked":["Second Wind","Perfected Strike"],"picked":"Hemokinesis","floor":2.0},{"not_picked":["Entrench","Heavy Blade","Infernal Blade"],"picked":"SKIP","floor":3.0},{"not_picked":["Rage","Pommel Strike"],"picked":"Shrug It Off","floor":4.0},{"not_picked":["Bloodletting","Seeing Red","Brutality"],"picked":"SKIP","floor":7.0},{"not_picked":["Warcry","Pummel"],"picked":"Heavy Blade","floor":10.0},{"not_picked":["Sever Soul","Anger"],"picked":"True Grit","floor":11.0},{"not_picked":["Perfected Strike","Pommel Strike"],"picked":"Clothesline","floor":12.0},{"not_picked":["Rupture","Cleave"],"picked":"Battle Trance","floor":13.0},{"not_picked":["Juggernaut","Dark Embrace"],"picked":"Demon Form","floor":16.0},{"not_picked":["Cleave","Rupture"],"picked":"Spot Weakness","floor":17.0},{"not_picked":["Iron Wave+1","Anger","True Grit"],"picked":"SKIP","floor":18.0},{"not_picked":["Thunderclap+1","Dual Wield+1"],"picked":"Entrench","floor":20.0},{"not_picked":["True Grit","Fire Breathing","Thunderclap"],"picked":"SKIP","floor":21.0},{"not_picked":["Carnage+1","Dropkick","Bloodletting"],"picked":"SKIP","floor":23.0},{"not_picked":["Flame Barrier","Thunderclap","True Grit+1"],"picked":"SKIP","floor":30.0},{"not_picked":["Corruption","Thunderclap"],"picked":"Offering","floor":31.0},{"not_picked":["Pummel","Uppercut+1"],"picked":"Disarm+1","floor":35.0},{"not_picked":["Flex+1","Twin Strike+1","Rupture+1"],"picked":"SKIP","floor":37.0},{"not_picked":["Flex+1","Pummel+1"],"picked":"Heavy Blade","floor":39.0},{"not_picked":["Pommel Strike","Barricade","Clothesline+1"],"picked":"SKIP","floor":42.0},{"not_picked":["Sword Boomerang","Iron Wave","Whirlwind+1"],"picked":"SKIP","floor":48}],"player_experience":97129,"relics_obtained":[{"floor":7.0,"key":"Art of War"},{"floor":9.0,"key":"Pear"},{"floor":10.0,"key":"Incense Burner"},{"floor":23.0,"key":"Thread and Needle"},{"floor":26.0,"key":"Paper Frog"},{"floor":42.0,"key":"Matryoshka"},{"floor":43.0,"key":"Bag of Marbles"},{"floor":43.0,"key":"Calipers"},{"floor":48,"key":"Bag of Preparation"}],"event_choices":[{"event_name":"Big Fish","player_choice":"Banana","floor":14.0,"damage_taken":0.0},{"event_name":"Vampires","player_choice":"Became a vampire","floor":19.0,"damage_taken":0.0},{"event_name":"The Woman in Blue","player_choice":"Bought 1 Potion","floor":22.0,"damage_taken":0.0},{"event_name":"Upgrade Shrine","player_choice":"Upgraded","floor":25.0,"damage_taken":0.0},{"event_name":"FaceTrader","player_choice":"Touch","floor":38.0,"damage_taken":0.0},{"event_name":"Falling","player_choice":"Removed Attack","floor":40.0,"damage_taken":0.0},{"event_name":"Mysterious Sphere","player_choice":"Ignore","floor":47.0,"damage_taken":0.0}],"is_beta":false,"boss_relics":[{"not_picked":["Calling Bell","Runic Pyramid"],"picked":"Tiny House"},{"not_picked":["Empty Cage","Eternal Feather"],"picked":"Philosopher\u0027s Stone"}],"items_purged_floors":[28,36],"is_endless":false,"potions_floor_spawned":[3,4,7,11,12,18,31,35,37],"killed_by":"Donu and Deca","ascension_level":9}