{"gold_per_floor":[10,10,21,21,33,33,51,76,76,76,109,123,123,48,48,127,127,147,147,160,171,171],"floor_reached":22,"playtime":719,"items_purged":["Strike_R"],"score":382,"play_id":"8cc1fd9c-7362-4128-95af-00d64993dea4","local_time":"20190526112211","is_ascension_mode":true,"campfire_choices":[{"data":"Bash","floor":6.0,"key":"SMITH"},{"floor":10.0,"key":"REST"},{"data":"Cleave","floor":13.0,"key":"SMITH"},{"data":"Pommel Strike","floor":15.0,"key":"SMITH"}],"neow_cost":"NO_GOLD","seed_source_timestamp":0,"circlet_count":0,"master_deck":["AscendersBane","Strike_R","Strike_R","Strike_R","Strike_R","Defend_R","Defend_R","Defend_R","Defend_R","Bash+1","Headbutt+1","Pommel Strike+1","Cleave+1","Heavy Blade+1","RitualDagger","Flame Barrier"],"special_seed":0,"relics":["Burning Blood","Unceasing Top","Turnip","Centennial Puzzle","Pantograph","Ice Cream","Cursed Key"],"potions_floor_usage":[21],"damage_taken":[{"damage":8.0,"enemies":"2 Louse","floor":1.0,"turns":3.0},{"damage":7.0,"enemies":"Jaw Worm","floor":3.0,"turns":3.0},{"damage":14.0,"enemies":"Small Slimes","floor":5.0,"turns":4.0},{"damage":24.0,"enemies":"Red Slaver","floor":7.0,"turns":4.0},{"damage":35.0,"enemies":"3 Sentries","floor":8.0,"turns":10.0},{"damage":8.0,"enemies":"Gremlin Nob","floor":11.0,"turns":3.0},{"damage":12.0,"enemies":"3 Louse","floor":12.0,"turns":4.0},{"damage":45.0,"enemies":"Slime Boss","floor":16.0,"turns":8.0},{"damage":15.0,"enemies":"Shell Parasite","floor":18.0,"turns":4.0},{"damage":11.0,"enemies":"Spheric Guardian","floor":20.0,"turns":3.0},{"damage":21,"enemies":"Chosen and Byrds","floor":21,"turns":4},{"damage":1,"enemies":"Centurion and Healer","floor":22,"turns":2}],"seed_played":"4058022844171868708","potions_obtained":[{"floor":11.0,"key":"Ancient Potion"},{"floor":12.0,"key":"Weak Potion"},{"floor":16.0,"key":"AttackPotion"},{"floor":18.0,"key":"LiquidBronze"},{"floor":21,"key":"SpeedPotion"}],"is_trial":false,"path_per_floor":["M","?","M","T","M","R","M","E","T","R","E","M","R","$","R","B",null,"M","?","M","M","M"],"character_chosen":"IRONCLAD","items_purchased":[],"campfire_rested":1,"item_purchase_floors":[],"current_hp_per_floor":[66,66,65,65,57,57,39,10,10,32,30,24,24,24,24,10,59,50,44,39,24,23],"gold":171,"neow_bonus":"ONE_RARE_RELIC","is_prod":false,"is_daily":false,"chose_seed":false,"campfire_upgraded":3,"win_rate":0,"timestamp":1558891331,"path_taken":["M","?","M","?","M","R","M","E","T","R","E","M","R","$","R","BOSS","M","?","M","M","M"],"build_version":"2019-01-23","purchased_purges":1,"victory":false,"max_hp_per_floor":[75,75,75,75,75,75,75,75,75,75,75,75,75,75,75,75,75,75,75,75,75,75],"card_choices":[{"not_picked":["Thunderclap","Armaments"],"picked":"Headbutt","floor":1.0},{"not_picked":["Burning Pact","Feel No Pain","Twin Strike"],"picked":"SKIP","floor":3.0},{"not_picked":["Blood for Blood","Clothesline","Pummel"],"picked":"SKIP","floor":5.0},{"not_picked":["Twin Strike","Combust"],"picked":"Pommel Strike","floor":7.0},{"not_picked":["Bludgeon","Warcry","Feel No Pain"],"picked":"SKIP","floor":8.0},{"not_picked":["Perfected Strike","True Grit","Clothesline"],"picked":"SKIP","floor":11.0},{"not_picked":["Iron Wave","Sword Boomerang"],"picked":"Cleave","floor":12.0},{"not_picked":["Cleave","Corruption"],"picked":"Heavy Blade+1","floor":18.0},{"not_picked":["Warcry","Reckless Charge","Intimidate"],"picked":"SKIP","floor":20.0},{"not_picked":["Warcry","Spot Weakness"],"picked":"Flame Barrier","floor":21}],"player_experience":610848,"relics_obtained":[{"floor":4.0,"key":"Turnip"},{"floor":8.0,"key":"Centennial Puzzle"},{"floor":9.0,"key":"Pantograph"},{"floor":11.0,"key":"Ice Cream"}],"event_choices":[{"damage_healed":0.0,"max_hp_gain":0.0,"max_hp_loss":0.0,"gold_gain":0.0,"event_name":"Living Wall","player_choice":"Grow","floor":2.0,"gold_loss":0.0,"damage_taken":0.0,"cards_upgraded":["Headbutt"]},{"damage_healed":0.0,"max_hp_gain":0.0,"max_hp_loss":0.0,"gold_gain":0.0,"event_name":"Nest","player_choice":"Joined the Cult","floor":19.0,"gold_loss":0.0,"damage_taken":6.0,"cards_obtained":["RitualDagger"]}],"is_beta":false,"boss_relics":[{"not_picked":["Empty Cage","Calling Bell"],"picked":"Cursed Key"}],"items_purged_floors":[14],"is_endless":false,"potions_floor_spawned":[11,12,16,18,21],"killed_by":"Centurion and Healer","ascension_level":19}