{"path_per_floor":["M","M","?","M","M","E","M","R","T","M","E","M","R","E","R","B",null,"M","$","M","?","M","R","E","M","T","$","R","M","$","M","R"],"character_chosen":"THE_SILENT","items_purchased":["Vajra","Infinite Blades","Backstab","Bane"],"gold_per_floor":[119,133,133,151,167,198,212,212,212,227,255,272,272,297,297,394,394,413,39,58,58,68,68,68,68,68,68,68,88,39,54,54,54],"floor_reached":33,"campfire_rested":2,"playtime":2883,"current_hp_per_floor":[70,69,69,66,67,51,47,47,47,42,34,13,34,32,32,21,70,59,59,49,70,55,55,37,30,36,36,36,20,20,10,32,0],"items_purged":["Strike_G"],"gold":54,"score":291,"play_id":"38681169-e961-446d-ab29-38f8c7ac4cc3","local_time":"20180523205921","is_prod":false,"is_daily":false,"chose_seed":false,"is_ascension_mode":false,"campfire_upgraded":3,"timestamp":1527073161,"campfire_choices":[{"data":"Envenom","floor":8,"key":"SMITH"},{"floor":13,"key":"REST"},{"data":"Infinite Blades","floor":15,"key":"SMITH"},{"data":"Infinite Blades","floor":23,"key":"SMITH"},{"floor":28,"key":"DIG"},{"floor":32,"key":"REST"}],"path_taken":["M","M","?","M","M","E","M","R","T","M","E","M","R","E","R","BOSS","M","?","M","?","M","R","E","?","T","$","R","?","?","M","R","BOSS"],"build_version":"2018-05-17","seed_source_timestamp":40504547591461,"purchased_purges":1,"victory":false,"master_deck":["Defend_G","Defend_G","Defend_G","Defend_G","Defend_G","Strike_G","Strike_G","Strike_G","Strike_G","Survivor","Neutralize","Envenom+1","Dagger Throw","Endless Agony","Poisoned Stab","Deadly Poison","Infinite Blades+1","Cloak And Dagger","Blade Dance","Finisher","Glass Knife","Slice+1","Infinite Blades+1","Backstab","Venomology","Bane","Clumsy","Poisoned Stab","Bane","Deadly Poison"],"max_hp_per_floor":[70,70,70,70,70,70,70,70,70,70,70,70,70,70,70,70,70,70,70,70,70,70,70,70,70,76,76,76,76,76,76,76,76],"relics":["Ring of the Snake","Ice Cream","Question Card","Shovel","Darkstone Periapt","Cursed Key","Vajra","Mummified Hand","Omamori"],"card_choices":[{"not_picked":["Dodge and Roll","Outmaneuver"],"picked":"Dagger Throw","floor":1},{"not_picked":["Expertise","Deflect"],"picked":"Endless Agony","floor":2},{"not_picked":["Acrobatics","Slice"],"picked":"Poisoned Stab","floor":4},{"not_picked":["Slice","Riddle With Holes"],"picked":"Deadly Poison","floor":5},{"not_picked":["Backflip","Tools of the Trade"],"picked":"Infinite Blades","floor":6},{"not_picked":["Catalyst","Dagger Spray"],"picked":"Cloak And Dagger","floor":7},{"not_picked":["Sucker Punch","Endless Agony","Catalyst"],"picked":"Blade Dance","floor":10},{"not_picked":["Calculated Gamble","Backflip","Reflex","Blur"],"picked":"SKIP","floor":11},{"not_picked":["Blur","Dagger Spray","Deadly Poison"],"picked":"Finisher","floor":12},{"not_picked":["Quick Slash","Backflip","PiercingWail","Dagger Throw"],"picked":"SKIP","floor":14},{"not_picked":["Unload","Adrenaline","Tools of the Trade"],"picked":"Glass Knife","floor":16},{"not_picked":["Underhanded Strike","Prepared","Expertise+1"],"picked":"Slice+1","floor":18},{"not_picked":["Prepared","PiercingWail","Outmaneuver"],"picked":"Venomology","floor":20},{"not_picked":["All Out Attack","Backflip","Flying Knee+1"],"picked":"Bane","floor":22},{"not_picked":["Calculated Gamble","PiercingWail+1","Riddle With Holes"],"picked":"Poisoned Stab","floor":29},{"not_picked":["Quick Slash","Die Die Die","All Out Attack"],"picked":"Deadly Poison","floor":31}],"player_experience":54320,"potions_floor_usage":[5,11,11,11,22,24,25,33],"damage_taken":[{"damage":0,"enemies":"2 Louse","floor":1,"turns":3},{"damage":1,"enemies":"Cultist","floor":2,"turns":5},{"damage":3,"enemies":"Jaw Worm","floor":4,"turns":5},{"damage":13,"enemies":"Lots of Slimes","floor":5,"turns":6},{"damage":16,"enemies":"3 Sentries","floor":6,"turns":11},{"damage":4,"enemies":"Blue Slaver","floor":7,"turns":4},{"damage":5,"enemies":"2 Fungi Beasts","floor":10,"turns":4},{"damage":8,"enemies":"Lagavulin","floor":11,"turns":5},{"damage":21,"enemies":"Exordium Wildlife","floor":12,"turns":5},{"damage":2,"enemies":"Gremlin Nob","floor":14,"turns":3},{"damage":11,"enemies":"Hexaghost","floor":16,"turns":7},{"damage":11,"enemies":"2 Thieves","floor":18,"turns":4},{"damage":10,"enemies":"Shell Parasite","floor":20,"turns":4},{"damage":15,"enemies":"3 Cultists","floor":22,"turns":5},{"damage":18,"enemies":"Gremlin Leader","floor":24,"turns":6},{"damage":0,"enemies":"Slaver and Parasite","floor":25,"turns":1},{"damage":16,"enemies":"Cultist and Chosen","floor":29,"turns":4},{"damage":10,"enemies":"Snake Plant","floor":31,"turns":3},{"damage":40,"enemies":"Champ","floor":33,"turns":6}],"relics_obtained":[{"floor":6,"key":"Ice Cream"},{"floor":9,"key":"Question Card"},{"floor":11,"key":"Shovel"},{"floor":14,"key":"Darkstone Periapt"},{"floor":26,"key":"Mummified Hand"},{"floor":28,"key":"Omamori"}],"event_choices":[{"event_name":"The Lab","player_choice":"Got Potions","floor":3,"damage_taken":0},{"event_name":"Wheel of Change","player_choice":"Full Heal","floor":21,"damage_taken":0}],"boss_relics":[{"not_picked":["Runic Dome","Philosopher\u0027s Stone"],"picked":"Cursed Key"}],"potions_floor_spawned":[1,4,5,20,24,25],"seed_played":"3979948262013418812","killed_by":"Champ","ascension_level":0,"potions_obtained":[{"floor":1,"key":"AttackPotion"},{"floor":3,"key":"Poison Potion"},{"floor":3,"key":"Regen Potion"},{"floor":5,"key":"PowerPotion"},{"floor":20,"key":"Poison Potion"}],"is_trial":false}