{"gold_per_floor":[117,117,132,132,145,145,171,136,136,148,148,61,92,111,111,183,183,196,216,216,216,236,236,236],"floor_reached":24,"playtime":1064,"items_purged":[],"score":402,"play_id":"3f3b8284-b3ed-4a4f-9eda-7596982bbc37","local_time":"20190527095604","is_ascension_mode":true,"campfire_choices":[{"data":"Body Slam","floor":6.0,"key":"SMITH"},{"data":"1","floor":11.0,"key":"LIFT"},{"data":"Whirlwind","floor":15.0,"key":"SMITH"},{"floor":23,"key":"REST"}],"neow_cost":"NONE","seed_source_timestamp":152672956215726,"circlet_count":0,"master_deck":["AscendersBane","Strike_R","Strike_R","Strike_R","Strike_R","Strike_R","Defend_R","Defend_R","Defend_R","Defend_R","Bash+1","Anger","Armaments","Body Slam+1","Battle Trance","Whirlwind+1","Reaper","Pain"],"special_seed":0,"relics":["Burning Blood","Girya","Charon\u0027s Ashes","Shuriken","Black Star","WarpedTongs"],"potions_floor_usage":[],"damage_taken":[{"damage":15.0,"enemies":"Jaw Worm","floor":1.0,"turns":6.0},{"damage":2.0,"enemies":"2 Louse","floor":3.0,"turns":3.0},{"damage":7.0,"enemies":"Small Slimes","floor":5.0,"turns":3.0},{"damage":55.0,"enemies":"Lagavulin","floor":7.0,"turns":6.0},{"damage":4.0,"enemies":"2 Fungi Beasts","floor":10.0,"turns":3.0},{"damage":8.0,"enemies":"Gremlin Nob","floor":13.0,"turns":3.0},{"damage":6.0,"enemies":"Lots of Slimes","floor":14.0,"turns":2.0},{"damage":20.0,"enemies":"Slime Boss","floor":16.0,"turns":10.0},{"damage":35.0,"enemies":"3 Byrds","floor":18.0,"turns":5.0},{"damage":15.0,"enemies":"Chosen","floor":19.0,"turns":4.0},{"damage":42,"enemies":"Colosseum Slavers","floor":20,"turns":5},{"damage":22,"enemies":"Snake Plant","floor":22,"turns":4},{"damage":50,"enemies":"Shelled Parasite and Fungi","floor":24,"turns":2}],"seed_played":"-3205678609012658678","potions_obtained":[{"floor":3.0,"key":"SkillPotion"},{"floor":10.0,"key":"Explosive Potion"},{"floor":14.0,"key":"Energy Potion"},{"floor":22,"key":"AttackPotion"}],"is_trial":false,"path_per_floor":["M","?","M","?","M","R","E","?","T","M","R","$","E","M","R","B",null,"M","M","?","?","M","R","M"],"character_chosen":"IRONCLAD","items_purchased":["Battle Trance"],"campfire_rested":1,"item_purchase_floors":[12],"current_hp_per_floor":[66,66,70,75,74,74,25,46,46,48,48,48,46,46,46,32,73,51,51,27,27,11,37,0],"gold":236,"neow_bonus":"TEN_PERCENT_HP_BONUS","is_prod":false,"is_daily":false,"chose_seed":false,"campfire_upgraded":2,"win_rate":0,"timestamp":1558972564,"path_taken":["M","?","M","?","M","R","E","?","T","M","R","$","E","M","R","BOSS","M","M","?","?","?","R","M"],"build_version":"2019-01-23","purchased_purges":0,"victory":false,"max_hp_per_floor":[82,82,82,87,87,87,87,87,87,87,87,87,87,87,87,87,87,87,87,87,87,87,87,87],"card_choices":[{"not_picked":["Heavy Blade","Twin Strike"],"picked":"Anger","floor":1.0},{"not_picked":["Twin Strike","True Grit"],"picked":"Armaments","floor":3.0},{"not_picked":["Flex","Iron Wave"],"picked":"Body Slam","floor":5.0},{"not_picked":["Twin Strike","Heavy Blade","Power Through"],"picked":"SKIP","floor":7.0},{"not_picked":["Clothesline","Feel No Pain","Havoc"],"picked":"SKIP","floor":10.0},{"not_picked":["Offering","Inflame"],"picked":"Whirlwind","floor":13.0},{"not_picked":["Warcry","Fire Breathing","Feel No Pain"],"picked":"SKIP","floor":14.0},{"not_picked":["Brutality","Berserk"],"picked":"Reaper","floor":16.0},{"not_picked":["Sword Boomerang","Clothesline","Flex"],"picked":"SKIP","floor":18.0},{"not_picked":["Bloodletting","Sword Boomerang","Whirlwind"],"picked":"SKIP","floor":19.0},{"not_picked":["Twin Strike","Blood for Blood","Heavy Blade+1"],"picked":"SKIP","floor":22}],"player_experience":633740,"relics_obtained":[{"floor":7.0,"key":"Girya"},{"floor":9.0,"key":"Charon\u0027s Ashes"},{"floor":13.0,"key":"Shuriken"}],"event_choices":[{"damage_healed":0.0,"max_hp_gain":0.0,"max_hp_loss":0.0,"gold_gain":0.0,"event_name":"Living Wall","player_choice":"Grow","floor":2.0,"gold_loss":0.0,"damage_taken":0.0,"cards_upgraded":["Bash"]},{"damage_healed":0.0,"max_hp_gain":5.0,"max_hp_loss":0.0,"gold_gain":0.0,"event_name":"Big Fish","player_choice":"Donut","floor":4.0,"gold_loss":0.0,"damage_taken":0.0},{"damage_healed":21.0,"max_hp_gain":0.0,"max_hp_loss":0.0,"gold_gain":0.0,"event_name":"The Cleric","player_choice":"Healed","floor":8.0,"gold_loss":35.0,"damage_taken":0.0},{"damage_healed":0,"gold_gain":0,"player_choice":"Fight","damage_taken":0,"max_hp_gain":0,"max_hp_loss":0,"event_name":"Colosseum","floor":20,"gold_loss":0},{"damage_healed":0,"gold_gain":0,"player_choice":"Fled From Nobs","damage_taken":0,"max_hp_gain":0,"max_hp_loss":0,"event_name":"Colosseum","floor":20,"gold_loss":0},{"damage_healed":0,"gold_gain":0,"player_choice":"Rummage","damage_taken":0,"relics_obtained":["WarpedTongs"],"max_hp_gain":0,"max_hp_loss":0,"event_name":"Accursed Blacksmith","floor":21,"gold_loss":0,"cards_obtained":["Pain"]}],"is_beta":false,"boss_relics":[{"not_picked":["Runic Dome","Philosopher\u0027s Stone"],"picked":"Black Star"}],"items_purged_floors":[],"is_endless":false,"potions_floor_spawned":[3,10,14,22],"killed_by":"Shelled Parasite and Fungi","ascension_level":19}