{"gold_per_floor":[118,118,136,86,86,86,100,115,115,115,115,166,191,204,204,307,307,291,64,64,81,100,100,132,132,159,179,212,212,212,224,224,319,319,338,348,358,63,63,63,90,90,90,139,153,153,0,14,14,14],"floor_reached":51,"playtime":3315,"items_purged":["Defend_B","Strike_B+1"],"score":1135,"play_id":"e51e749b-9ed1-479e-9711-9c657a641a42","local_time":"20190607091443","is_ascension_mode":true,"campfire_choices":[{"floor":6,"key":"REST"},{"data":"Defragment","floor":11,"key":"SMITH"},{"floor":15,"key":"REST"},{"data":"Fission","floor":23,"key":"SMITH"},{"data":"Rainbow","floor":25,"key":"SMITH"},{"data":"Zap","floor":29,"key":"SMITH"},{"data":"White Noise","floor":32,"key":"SMITH"},{"floor":40,"key":"REST"},{"data":"Electrodynamics","floor":42,"key":"SMITH"},{"data":"Echo Form","floor":46,"key":"SMITH"},{"data":"Coolheaded","floor":49,"key":"SMITH"}],"neow_cost":"NONE","seed_source_timestamp":734108760932773,"circlet_count":0,"master_deck":["AscendersBane","Defend_B","Defend_B","Zap+1","Dualcast+1","Glacier","Defragment+1","White Noise+1","Fission+1","Coolheaded+1","Echo Form+1","Barrage+1","Rainbow+1","Hologram","Echo Form","Electrodynamics+1","Steam","Leap","Cold Snap+1"],"relics":["Cracked Core","Gremlin Horn","Letter Opener","Question Card","Omamori","Symbiotic Virus","Nuclear Battery","Strawberry","Meat on the Bone","Vajra","Molten Egg 2","Empty Cage","Runic Capacitor","Bag of Marbles","Anchor","Bird Faced Urn","Red Mask"],"potions_floor_usage":[24,28,50,50],"damage_taken":[{"damage":7,"enemies":"Small Slimes","floor":1,"turns":5},{"damage":3,"enemies":"2 Louse","floor":3,"turns":2},{"damage":0,"enemies":"Cultist","floor":7,"turns":4},{"damage":2,"enemies":"Exordium Wildlife","floor":8,"turns":5},{"damage":6,"enemies":"3 Sentries","floor":13,"turns":8},{"damage":9,"enemies":"Gremlin Gang","floor":14,"turns":4},{"damage":10,"enemies":"The Guardian","floor":16,"turns":10},{"damage":7,"enemies":"2 Thieves","floor":18,"turns":4},{"damage":2,"enemies":"Chosen","floor":21,"turns":4},{"damage":0,"enemies":"Snecko","floor":22,"turns":4},{"damage":16,"enemies":"Book of Stabbing","floor":24,"turns":6},{"damage":0,"enemies":"Snake Plant","floor":27,"turns":3},{"damage":0,"enemies":"Slavers","floor":28,"turns":3},{"damage":0,"enemies":"Shelled Parasite and Fungi","floor":31,"turns":1},{"damage":0,"enemies":"Automaton","floor":33,"turns":6},{"damage":31,"enemies":"3 Darklings","floor":35,"turns":3},{"damage":9,"enemies":"Orb Walker","floor":36,"turns":3},{"damage":4,"enemies":"Writhing Mass","floor":37,"turns":6},{"damage":1,"enemies":"Giant Head","floor":41,"turns":8},{"damage":3,"enemies":"2 Orb Walkers","floor":44,"turns":2},{"damage":0,"enemies":"Spire Growth","floor":45,"turns":3},{"damage":0,"enemies":"3 Darklings","floor":48,"turns":2},{"damage":34,"enemies":"Time Eater","floor":50,"turns":8}],"seed_played":"-4543484692356996095","potions_obtained":[{"floor":7,"key":"Energy Potion"},{"floor":16,"key":"Dexterity Potion"},{"floor":21,"key":"Regen Potion"},{"floor":22,"key":"AttackPotion"},{"floor":24,"key":"AttackPotion"},{"floor":36,"key":"AttackPotion"},{"floor":45,"key":"Strength Potion"}],"is_trial":false,"path_per_floor":["?","?","?","T","T","M","?","M","?","M","?","?","?"],"character_chosen":"DEFECT","items_purchased":["Strawberry","Runic Capacitor"],"campfire_rested":3,"item_purchase_floors":[19,38],"current_hp_per_floor":[61,46,43,43,36,58,58,56,56,56,56,56,50,41,63,53,70,63,70,70,68,68,68,66,66,66,66,66,66,66,66,66,66,78,47,50,46,46,46,70,69,69,69,66,74,74,74,80,80,48],"gold":14,"neow_bonus":"TRANSFORM_CARD","is_prod":false,"is_daily":false,"chose_seed":false,"campfire_upgraded":8,"win_rate":0,"timestamp":1559927683,"path_taken":["M","?","M","?","?","R","M","M","T","?","R","?","E","?","R","BOSS","M","$","?","?","M","R","E","R","T","M","E","R","?","M","R","BOSS","M","?","M","$","?","R","E","R","T","?","M","R","?","M","R","BOSS"],"build_version":"2019-01-23","purchased_purges":2,"victory":true,"max_hp_per_floor":[75,75,75,75,75,75,75,75,75,75,75,75,75,75,75,75,75,75,82,82,82,82,82,82,82,82,82,82,82,82,82,82,82,82,82,82,82,82,82,82,82,82,82,82,82,82,82,82,82,82],"card_choices":[{"not_picked":["Hologram","FTL"],"picked":"Defragment","floor":1},{"not_picked":["Stack","Streamline"],"picked":"White Noise","floor":3},{"not_picked":["Blizzard","Rebound","Force Field"],"picked":"SKIP","floor":7},{"not_picked":["Gash","Rebound","Streamline"],"picked":"SKIP","floor":8},{"not_picked":["Lockon","Chill","Go for the Eyes"],"picked":"Fission","floor":13},{"not_picked":["Stack","Double Energy","Rebound"],"picked":"Coolheaded","floor":14},{"not_picked":["Amplify","Seek","Rainbow"],"picked":"Echo Form","floor":16},{"not_picked":["Leap+1","Gash","Blizzard+1"],"picked":"Conserve Battery","floor":18},{"not_picked":["Streamline+1","Aggregate","Reinforced Body"],"picked":"Barrage+1","floor":21},{"not_picked":["Compile Driver","Thunder Strike","Redo","Streamline+1"],"picked":"SKIP","floor":22},{"not_picked":["Conserve Battery","BootSequence+1","Turbo+1"],"picked":"Rainbow","floor":24},{"not_picked":["Compile Driver","Gash","Conserve Battery","Redo"],"picked":"SKIP","floor":27},{"not_picked":["Stack","Compile Driver+1","Ball Lightning","Leap"],"picked":"SKIP","floor":28},{"not_picked":["Gash+1","Sweeping Beam+1","Steam"],"picked":"Echo Form","floor":31},{"not_picked":["Hyperbeam+1","Reboot","Echo Form"],"picked":"Electrodynamics","floor":33},{"not_picked":["Stack+1","Coolheaded","Fusion"],"picked":"Steam","floor":35},{"not_picked":["Darkness+1","Streamline+1","Ball Lightning+1"],"picked":"Leap","floor":36},{"not_picked":["Compile Driver+1","Static Discharge","Barrage+1","Doom and Gloom+1"],"picked":"SKIP","floor":37},{"not_picked":["Coolheaded","Melter+1","Barrage+1","Rebound+1"],"picked":"SKIP","floor":41},{"not_picked":["Reinforced Body","Ball Lightning+1","Streamline+1"],"picked":"Cold Snap+1","floor":44},{"not_picked":["White Noise","Rip and Tear+1","Tempest","Undo"],"picked":"SKIP","floor":45},{"not_picked":["Rebound+1","Stack","Gash+1","Go for the Eyes+1"],"picked":"SKIP","floor":48}],"player_experience":293698,"relics_obtained":[{"floor":9,"key":"Letter Opener"},{"floor":10,"key":"Question Card"},{"floor":12,"key":"Omamori"},{"floor":13,"key":"Symbiotic Virus"},{"floor":24,"key":"Meat on the Bone"},{"floor":26,"key":"Vajra"},{"floor":28,"key":"Molten Egg 2"},{"floor":41,"key":"Bag of Marbles"},{"floor":43,"key":"Anchor"},{"floor":44,"key":"Bird Faced Urn"}],"event_choices":[{"damage_healed":0,"gold_gain":0,"player_choice":"Entered Light","damage_taken":15,"max_hp_gain":0,"max_hp_loss":0,"event_name":"Shining Light","floor":2,"gold_loss":0,"cards_upgraded":["Strike_B","Dualcast"]},{"cards_removed":["Strike_B"],"damage_healed":0,"gold_gain":0,"player_choice":"Card Removal","damage_taken":0,"max_hp_gain":0,"max_hp_loss":0,"event_name":"The Cleric","floor":4,"gold_loss":50},{"damage_healed":0,"gold_gain":0,"player_choice":"Success","damage_taken":7,"relics_obtained":["Gremlin Horn"],"max_hp_gain":0,"max_hp_loss":0,"event_name":"Scrap Ooze","floor":5,"gold_loss":0},{"damage_healed":0,"gold_gain":0,"cards_transformed":["Strike_B"],"player_choice":"Transformed","damage_taken":0,"max_hp_gain":0,"max_hp_loss":0,"event_name":"Transmorgrifier","floor":20,"gold_loss":0,"cards_obtained":["Sunder"]},{"damage_healed":0,"gold_gain":0,"player_choice":"1 cards matched","damage_taken":0,"max_hp_gain":0,"max_hp_loss":0,"event_name":"Match and Keep!","floor":30,"gold_loss":0,"cards_obtained":["Hologram"]},{"cards_removed":["Conserve Battery"],"damage_healed":0,"gold_gain":0,"player_choice":"Removed Skill","damage_taken":0,"max_hp_gain":0,"max_hp_loss":0,"event_name":"Falling","floor":39,"gold_loss":0},{"damage_healed":0,"gold_gain":0,"player_choice":"Fight","damage_taken":0,"max_hp_gain":0,"max_hp_loss":0,"event_name":"Mysterious Sphere","floor":44,"gold_loss":0},{"damage_healed":0,"gold_gain":0,"player_choice":"Paid","damage_taken":0,"relics_obtained":["Red Mask"],"max_hp_gain":0,"max_hp_loss":0,"event_name":"Tomb of Lord Red Mask","floor":47,"gold_loss":153}],"is_beta":false,"boss_relics":[{"not_picked":["Cursed Key","Busted Crown"],"picked":"Nuclear Battery"},{"not_picked":["Coffee Dripper","FrozenCore"],"picked":"Empty Cage"}],"items_purged_floors":[19,38],"is_endless":false,"potions_floor_spawned":[7,16,21,22,24,36,45],"ascension_level":10}