{"gold_per_floor":[115,290,290,308,328,361,85,85,110,29,42,42],"floor_reached":12,"playtime":280,"items_purged":[],"score":129,"play_id":"057389c1-76ab-41b4-a02e-ce48d8a8b7a4","local_time":"20190517003410","is_ascension_mode":true,"campfire_choices":[{"data":"Cleave","floor":8.0,"key":"SMITH"}],"neow_cost":"NONE","seed_source_timestamp":1216046963642311,"circlet_count":0,"master_deck":["AscendersBane","Strike_R","Strike_R+1","Strike_R+1","Strike_R","Strike_R","Defend_R","Defend_R","Defend_R","Defend_R","Bash","Cleave+1","Ghostly Armor","Uppercut"],"special_seed":0,"relics":["Burning Blood","Whetstone","MawBank","Gremlin Horn","PreservedInsect"],"potions_floor_usage":[],"damage_taken":[{"damage":9.0,"enemies":"Small Slimes","floor":1.0,"turns":4.0},{"damage":8.0,"enemies":"2 Louse","floor":4.0,"turns":3.0},{"damage":8.0,"enemies":"Jaw Worm","floor":5.0,"turns":4.0},{"damage":40.0,"enemies":"Gremlin Nob","floor":6.0,"turns":5.0},{"damage":27,"enemies":"Large Slime","floor":11,"turns":6},{"damage":13,"enemies":"The Mushroom Lair","floor":12,"turns":1}],"seed_played":"4165094516598657704","potions_obtained":[{"floor":5.0,"key":"SpeedPotion"},{"floor":6.0,"key":"Block Potion"}],"is_trial":false,"path_per_floor":["M","?","?","M","M","E","$","R","T","$","M","?"],"character_chosen":"IRONCLAD","items_purchased":["Ghostly Armor","Gremlin Horn","Uppercut"],"campfire_rested":0,"item_purchase_floors":[7,7,10],"current_hp_per_floor":[69,69,69,67,65,31,31,31,31,31,10,0],"gold":42,"neow_bonus":"RANDOM_COMMON_RELIC","is_prod":false,"is_daily":false,"chose_seed":false,"campfire_upgraded":1,"win_rate":0,"timestamp":1558074850,"path_taken":["M","?","?","M","M","E","?","R","T","$","M","?"],"build_version":"2019-01-23","purchased_purges":0,"victory":false,"max_hp_per_floor":[80,80,80,80,80,80,80,80,80,80,80,80],"card_choices":[{"not_picked":["True Grit","Heavy Blade","Sentinel"],"picked":"SKIP","floor":1.0},{"not_picked":["Heavy Blade","Perfected Strike","Disarm"],"picked":"SKIP","floor":4.0},{"not_picked":["Pummel","Metallicize"],"picked":"Cleave","floor":5.0},{"not_picked":["Combust","Cleave","Armaments"],"picked":"SKIP","floor":6.0},{"not_picked":["Heavy Blade","Intimidate","Dual Wield"],"picked":"SKIP","floor":11}],"player_experience":557776,"relics_obtained":[{"floor":6.0,"key":"MawBank"},{"floor":9.0,"key":"PreservedInsect"}],"event_choices":[{"damage_healed":0.0,"max_hp_gain":0.0,"max_hp_loss":0.0,"gold_gain":175.0,"event_name":"Liars Game","player_choice":"AGREE","floor":2.0,"gold_loss":0.0,"damage_taken":0.0,"cards_obtained":["Doubt"]},{"cards_removed":["Doubt"],"damage_healed":0.0,"max_hp_gain":0.0,"max_hp_loss":0.0,"gold_gain":0.0,"event_name":"Living Wall","player_choice":"Forget","floor":3.0,"gold_loss":0.0,"damage_taken":0.0},{"damage_healed":0,"gold_gain":0,"player_choice":"Fought Mushrooms","damage_taken":0,"max_hp_gain":0,"max_hp_loss":0,"event_name":"Mushrooms","floor":12,"gold_loss":0}],"is_beta":false,"boss_relics":[],"items_purged_floors":[],"is_endless":false,"potions_floor_spawned":[5,6],"killed_by":"The Mushroom Lair","ascension_level":13}