{"path_per_floor":["M","?","M","M","M","R","E","R","T","M","?","E","M","?","R","B",null,"M","?","T","M","?","R","E","M","T","?","R","E","$","$","R","B",null,"M","M","?","M","$","R","M","R","T","M","R","M","?","M","R","B"],"character_chosen":"DEFECT","items_purchased":["SkillPotion","Lantern","Bottled Lightning","Double Energy"],"gold_per_floor":[118,118,128,143,154,154,180,180,180,197,197,231,246,211,211,313,313,325,325,348,364,364,364,399,412,412,412,412,437,314,166,166,271,301,312,326,326,336,59,59,72,72,72,86,86,106,156,171,171,171],"floor_reached":51,"campfire_rested":2,"playtime":3703,"item_purchase_floors":[30,31,39,39],"current_hp_per_floor":[69,69,60,60,56,56,51,51,51,43,36,29,25,47,47,38,89,87,71,71,61,61,61,38,33,33,33,33,7,7,7,33,12,94,91,91,91,78,78,78,72,72,72,65,65,53,41,25,53,5],"items_purged":["Gash"],"gold":171,"score":672,"play_id":"ae5afed4-c9b5-4337-8487-bffe819bc3e8","local_time":"20180529121629","is_prod":false,"is_daily":false,"chose_seed":false,"is_ascension_mode":false,"campfire_upgraded":8,"win_rate":0.0,"timestamp":1527560189,"campfire_choices":[{"data":"Genetic Algorithm","floor":6,"key":"SMITH"},{"data":"Hello World","floor":8,"key":"SMITH"},{"data":"Storm","floor":15,"key":"SMITH"},{"data":"Consume","floor":23,"key":"SMITH"},{"data":"Defragment","floor":28,"key":"SMITH"},{"floor":32,"key":"REST"},{"data":"Zap","floor":40,"key":"SMITH"},{"data":"Double Energy","floor":42,"key":"SMITH"},{"data":"Dualcast","floor":45,"key":"SMITH"},{"floor":49,"key":"REST"}],"path_taken":["M","?","M","?","M","R","E","R","T","M","?","E","M","?","R","BOSS","M","?","?","M","?","R","E","?","T","?","R","E","?","$","R","BOSS","M","M","?","M","$","R","M","R","T","M","R","M","?","M","R","BOSS"],"build_version":"2018-05-27","seed_source_timestamp":8163943772273,"purchased_purges":1,"victory":true,"master_deck":["Strike_B","Strike_B","Strike_B","Defend_B","Defend_B","Defend_B","Zap+1","Dualcast+1","Genetic Algorithm+1","Static Discharge","Defragment+1","Sweeping Beam","Hello World+1","Coolheaded+1","Storm+1","Rainbow","Necronomicurse","Consume+1","Barrage+1","Streamline","Leap","Barrage+1","Seek","Heatsinks+1","Double Energy+1","Static Discharge+1","Ball Lightning+1","White Noise","Redo+1"],"max_hp_per_floor":[75,75,75,75,75,75,89,89,89,89,89,89,89,89,89,89,89,89,89,89,89,89,89,89,89,89,89,89,89,89,89,89,89,94,94,94,94,94,94,94,94,94,94,94,94,94,94,94,94,94],"relics":["Cracked Core","Orichalcum","Mango","Toolbox","Kunai","Inserter","Necronomicon","Happy Flower","Bronze Scales","Ginger","Thread and Needle","Lantern","Tiny House","Bottled Lightning","Gremlin Horn","Torii"],"card_choices":[{"not_picked":["Hologram","Steam Power"],"picked":"Genetic Algorithm","floor":1},{"not_picked":["FTL","Ball Lightning"],"picked":"Static Discharge","floor":3},{"not_picked":["Beam Cell","Consume"],"picked":"Defragment","floor":4},{"not_picked":["Reinforced Body","Glacier"],"picked":"Sweeping Beam","floor":5},{"not_picked":["Sweeping Beam","Steam Power"],"picked":"Hello World","floor":7},{"not_picked":["Hologram","Genetic Algorithm"],"picked":"Coolheaded","floor":10},{"not_picked":["Chill","Leap"],"picked":"Storm","floor":12},{"not_picked":["Force Field","Coolheaded","Chill"],"picked":"SKIP","floor":13},{"not_picked":["Amplify","Creative AI"],"picked":"Rainbow","floor":16},{"not_picked":["Barrage","Stack","Compile Driver"],"picked":"SKIP","floor":18},{"not_picked":["Compile Driver","Self Repair"],"picked":"Consume","floor":21},{"not_picked":["Coolheaded","Cold Snap"],"picked":"Barrage+1","floor":24},{"not_picked":["Leap","Go for the Eyes"],"picked":"Streamline","floor":25},{"not_picked":["Chill","Chaos"],"picked":"Barrage+1","floor":29},{"not_picked":["Reboot","Creative AI"],"picked":"Seek","floor":33},{"not_picked":["Redo","Ball Lightning+1"],"picked":"Heatsinks+1","floor":35},{"not_picked":["Compile Driver","Hologram","Gash"],"picked":"SKIP","floor":36},{"not_picked":["FTL","Redo","Go for the Eyes+1"],"picked":"SKIP","floor":38},{"not_picked":["Compile Driver+1","Stack"],"picked":"Static Discharge+1","floor":41},{"not_picked":["Genetic Algorithm","Skim"],"picked":"Ball Lightning+1","floor":44},{"not_picked":["Beam Cell+1","Heatsinks"],"picked":"White Noise","floor":46},{"not_picked":["Cold Snap","Steam+1"],"picked":"Redo+1","floor":47},{"not_picked":["Heatsinks","Sweeping Beam","Coolheaded+1"],"picked":"SKIP","floor":48}],"player_experience":7711,"potions_floor_usage":[12,24,24,25,25,33,44,47,50,50],"damage_taken":[{"damage":6,"enemies":"2 Louse","floor":1,"turns":4},{"damage":9,"enemies":"Jaw Worm","floor":3,"turns":4},{"damage":0,"enemies":"Cultist","floor":4,"turns":4},{"damage":4,"enemies":"2 Fungi Beasts","floor":5,"turns":4},{"damage":19,"enemies":"3 Sentries","floor":7,"turns":7},{"damage":8,"enemies":"3 Louse","floor":10,"turns":4},{"damage":7,"enemies":"Lagavulin","floor":12,"turns":5},{"damage":4,"enemies":"Looter","floor":13,"turns":3},{"damage":9,"enemies":"Hexaghost","floor":16,"turns":9},{"damage":2,"enemies":"Shell Parasite","floor":18,"turns":6},{"damage":10,"enemies":"Spheric Guardian","floor":21,"turns":4},{"damage":23,"enemies":"Slavers","floor":24,"turns":5},{"damage":14,"enemies":"Cultist and Chosen","floor":25,"turns":7},{"damage":26,"enemies":"Gremlin Leader","floor":29,"turns":6},{"damage":21,"enemies":"Automaton","floor":33,"turns":9},{"damage":3,"enemies":"Orb Walker","floor":35,"turns":3},{"damage":0,"enemies":"3 Shapes","floor":36,"turns":3},{"damage":13,"enemies":"3 Darklings","floor":38,"turns":5},{"damage":6,"enemies":"Spire Growth","floor":41,"turns":4},{"damage":7,"enemies":"Flame Bruiser 2 Orb","floor":44,"turns":6},{"damage":12,"enemies":"Sphere and 2 Shapes","floor":46,"turns":3},{"damage":12,"enemies":"Mysterious Sphere","floor":47,"turns":4},{"damage":16,"enemies":"Spire Growth","floor":48,"turns":5},{"damage":48,"enemies":"Donu and Deca","floor":50,"turns":7}],"relics_obtained":[{"floor":7,"key":"Mango"},{"floor":9,"key":"Toolbox"},{"floor":12,"key":"Kunai"},{"floor":19,"key":"Necronomicon"},{"floor":20,"key":"Happy Flower"},{"floor":24,"key":"Bronze Scales"},{"floor":26,"key":"Ginger"},{"floor":29,"key":"Thread and Needle"},{"floor":43,"key":"Gremlin Horn"},{"floor":47,"key":"Torii"}],"event_choices":[{"event_name":"Liars Game","player_choice":"disagreed","floor":2,"damage_taken":0},{"event_name":"Golden Wing","player_choice":"Card Removal","floor":11,"damage_taken":0},{"event_name":"The Cleric","player_choice":"Healed","floor":14,"damage_taken":0},{"event_name":"Cursed Tome","player_choice":"Obtained Book","floor":19,"damage_taken":0},{"event_name":"Transmorgrifier","player_choice":"Transform","floor":22,"damage_taken":0},{"event_name":"Match and Keep!","player_choice":"1 cards matched","floor":27,"damage_taken":0},{"event_name":"Tomb of Lord Red Mask","player_choice":"Ignored","floor":37,"damage_taken":0},{"event_name":"Mysterious Sphere","player_choice":"Fight","floor":47,"damage_taken":0}],"boss_relics":[{"not_picked":["Calling Bell","Nuclear Battery"],"picked":"Inserter"},{"not_picked":["Eternal Feather","Runic Dome"],"picked":"Tiny House"}],"items_purged_floors":[30],"potions_floor_spawned":[1,7,10,13,16,24,29,33,38,44,47,48],"seed_played":"8581610415792350887","ascension_level":0,"potions_obtained":[{"floor":1,"key":"EssenceOfSteel"},{"floor":7,"key":"FocusPotion"},{"floor":10,"key":"Swift Potion"},{"floor":13,"key":"AttackPotion"},{"floor":24,"key":"Regen Potion"},{"floor":29,"key":"Swift Potion"},{"floor":33,"key":"SkillPotion"},{"floor":34,"key":"FearPotion"},{"floor":38,"key":"Weak Potion"},{"floor":44,"key":"Strength Potion"},{"floor":47,"key":"PowerPotion"}],"is_trial":false}