{"gold_per_floor":[111,27,46,56,76,76,108,125,125,125,125,125,125,157,157,233,233,246,196,207,220,19,19,37,47,47,47,47],"floor_reached":28,"playtime":1209,"items_purged":["Strike_G"],"score":460,"play_id":"91490b5e-5b59-45ef-a87c-90a65ff95332","local_time":"20190405232248","is_ascension_mode":true,"campfire_choices":[{"data":"Footwork","floor":6.0,"key":"SMITH"},{"data":"Noxious Fumes","floor":11.0,"key":"SMITH"},{"data":"Neutralize","floor":13.0,"key":"SMITH"},{"data":"Dash","floor":15.0,"key":"SMITH"},{"data":"Calculated Gamble","floor":23,"key":"SMITH"}],"neow_cost":"NONE","seed_source_timestamp":698617160670994,"circlet_count":0,"master_deck":["AscendersBane","Defend_G+1","Defend_G","Defend_G","Defend_G","Defend_G","Strike_G","Strike_G","Strike_G","Strike_G","Survivor+1","Neutralize+1","Deadly Poison+1","Noxious Fumes+1","Footwork+1","Escape Plan","Dash+1","Corpse Explosion","Deflect+1","Well Laid Plans","Calculated Gamble+1","PiercingWail","Writhe"],"special_seed":0,"relics":["Ring of the Snake","NeowsBlessing","Pen Nib","Mummified Hand","Gambling Chip","Sozu","Molten Egg 2","Darkstone Periapt"],"potions_floor_usage":[],"damage_taken":[{"damage":0.0,"enemies":"2 Louse","floor":1.0,"turns":1.0},{"damage":0.0,"enemies":"Cultist","floor":3.0,"turns":1.0},{"damage":0.0,"enemies":"Small Slimes","floor":4.0,"turns":1.0},{"damage":0.0,"enemies":"Exordium Wildlife","floor":5.0,"turns":7.0},{"damage":27.0,"enemies":"Lagavulin","floor":7.0,"turns":7.0},{"damage":8.0,"enemies":"Exordium Thugs","floor":8.0,"turns":6.0},{"damage":11.0,"enemies":"3 Sentries","floor":14.0,"turns":9.0},{"damage":22.0,"enemies":"Hexaghost","floor":16.0,"turns":10.0},{"damage":13.0,"enemies":"3 Byrds","floor":18.0,"turns":3.0},{"damage":11,"enemies":"Spheric Guardian","floor":20,"turns":5},{"damage":10,"enemies":"Cultist and Chosen","floor":21,"turns":5},{"damage":10,"enemies":"Sentry and Sphere","floor":24,"turns":4},{"damage":0,"enemies":"Snake Plant","floor":25,"turns":5},{"damage":16,"enemies":"Book of Stabbing","floor":28,"turns":5}],"seed_played":"-6965821823338421010","potions_obtained":[{"floor":1.0,"key":"SpeedPotion"},{"floor":3.0,"key":"Energy Potion"},{"floor":16.0,"key":"Weak Potion"}],"is_trial":false,"path_per_floor":["M","$","M","M","M","R","E","M","T","?","R","?","R","E","R","B",null,"M","?","M","M","$","R","M","M","T","?","E"],"character_chosen":"THE_SILENT","items_purchased":["Noxious Fumes","Well Laid Plans","Calculated Gamble"],"campfire_rested":0,"item_purchase_floors":[2,22,22],"current_hp_per_floor":[59,59,59,59,59,59,32,24,24,46,46,46,46,35,35,13,53,40,40,29,19,19,19,9,9,9,15,0],"gold":47,"neow_bonus":"THREE_ENEMY_KILL","is_prod":false,"is_daily":false,"chose_seed":false,"campfire_upgraded":5,"win_rate":0,"timestamp":1554528168,"path_taken":["M","$","M","M","M","R","E","M","T","?","R","?","R","E","R","BOSS","M","?","M","M","$","R","?","M","T","?","E"],"build_version":"2019-01-23","purchased_purges":1,"victory":false,"max_hp_per_floor":[66,66,66,66,66,66,66,66,66,66,66,66,66,66,66,66,66,66,66,66,66,66,66,66,66,66,72,72],"card_choices":[{"not_picked":["Endless Agony","Eviscerate"],"picked":"Deadly Poison","floor":1.0},{"not_picked":["Accuracy","Backflip"],"picked":"Footwork","floor":3.0},{"not_picked":["Underhanded Strike","Terror"],"picked":"Escape Plan","floor":4.0},{"not_picked":["Dagger Throw","Cloak And Dagger","Eviscerate"],"picked":"SKIP","floor":5.0},{"not_picked":["Corpse Explosion","Reflex"],"picked":"Dash","floor":7.0},{"not_picked":["Deadly Poison","Finisher","Distraction"],"picked":"SKIP","floor":8.0},{"not_picked":["Outmaneuver","Dagger Spray","Underhanded Strike"],"picked":"SKIP","floor":14.0},{"not_picked":["Doppelganger","Burst"],"picked":"Corpse Explosion","floor":16.0},{"not_picked":["Masterful Stab","Flechettes"],"picked":"Deflect+1","floor":18.0},{"not_picked":["Blade Dance","Deflect","Reflex"],"picked":"SKIP","floor":20},{"not_picked":["Terror","Deflect","Prepared+1"],"picked":"SKIP","floor":21},{"not_picked":["Backflip","Acrobatics+1"],"picked":"PiercingWail","floor":24},{"not_picked":["Outmaneuver","Flying Knee","Underhanded Strike"],"picked":"SKIP","floor":25}],"player_experience":457052,"relics_obtained":[{"floor":7.0,"key":"Pen Nib"},{"floor":9.0,"key":"Mummified Hand"},{"floor":14.0,"key":"Gambling Chip"},{"floor":26,"key":"Molten Egg 2"}],"event_choices":[{"damage_healed":22.0,"max_hp_gain":0.0,"max_hp_loss":0.0,"gold_gain":0.0,"event_name":"Big Fish","player_choice":"Banana","floor":10.0,"gold_loss":0.0,"damage_taken":0.0},{"damage_healed":0.0,"max_hp_gain":0.0,"max_hp_loss":0.0,"gold_gain":0.0,"event_name":"Accursed Blacksmith","player_choice":"Forge","floor":12.0,"gold_loss":0.0,"damage_taken":0.0,"cards_upgraded":["Deadly Poison"]},{"damage_healed":0,"gold_gain":0,"player_choice":"Upgraded Two","damage_taken":0,"max_hp_gain":0,"max_hp_loss":0,"event_name":"Designer","floor":19,"gold_loss":50,"cards_upgraded":["Defend_G","Survivor"]},{"damage_healed":0,"gold_gain":0,"player_choice":"Opened","damage_taken":0,"relics_obtained":["Darkstone Periapt"],"max_hp_gain":0,"max_hp_loss":0,"event_name":"The Mausoleum","floor":27,"gold_loss":0,"cards_obtained":["Writhe"]}],"is_beta":false,"boss_relics":[{"not_picked":["White Beast Statue","Empty Cage"],"picked":"Sozu"}],"items_purged_floors":[22],"is_endless":false,"potions_floor_spawned":[1,3,16,24],"killed_by":"Book of Stabbing","ascension_level":20}