{"gold_per_floor":[118,68,86,96,109,134,150,176,176,176],"floor_reached":10,"playtime":294,"items_purged":[],"score":80,"play_id":"0820f493-3c06-4a74-abc5-1354f029b8c2","local_time":"20181115191051","is_ascension_mode":false,"campfire_choices":[],"neow_cost":"NONE","seed_source_timestamp":11263329461287,"circlet_count":0,"master_deck":["Strike_B","Strike_B","Strike_B","Defend_B","Defend_B","Defend_B","Defend_B","Zap","Dualcast","Go for the Eyes","Ball Lightning","Defragment","White Noise","Sweeping Beam","Hello World"],"relics":["Cracked Core","Omamori","Ginger","Mummified Hand","Bottled Lightning"],"potions_floor_usage":[8,10],"damage_taken":[{"damage":2,"enemies":"Small Slimes","floor":1,"turns":3},{"damage":0,"enemies":"Jaw Worm","floor":3,"turns":4},{"damage":2,"enemies":"2 Louse","floor":4,"turns":2},{"damage":11,"enemies":"Red Slaver","floor":5,"turns":4},{"damage":21,"enemies":"Lagavulin","floor":6,"turns":6},{"damage":17,"enemies":"Gremlin Gang","floor":7,"turns":3},{"damage":16,"enemies":"Gremlin Nob","floor":8,"turns":3},{"damage":8,"enemies":"Exordium Thugs","floor":10,"turns":1}],"seed_played":"4546531485841469171","potions_obtained":[{"floor":4,"key":"Ancient Potion"},{"floor":7,"key":"Poison Potion"},{"floor":8,"key":"Energy Potion"}],"is_trial":false,"path_per_floor":["M","?","M","M","M","E","M","E","T","M"],"character_chosen":"DEFECT","items_purchased":[],"campfire_rested":0,"item_purchase_floors":[],"current_hp_per_floor":[73,73,73,71,60,39,22,6,6,0],"gold":176,"neow_bonus":"RANDOM_COMMON_RELIC","is_prod":false,"is_daily":false,"chose_seed":false,"campfire_upgraded":0,"win_rate":0,"timestamp":1542269451,"path_taken":["M","?","M","M","M","E","M","E","T","M"],"build_version":"2018-11-13","purchased_purges":0,"victory":false,"max_hp_per_floor":[75,75,75,75,75,75,75,75,75,75],"card_choices":[{"not_picked":["Cold Snap","Recycle"],"picked":"Go for the Eyes","floor":1},{"not_picked":["Force Field","Chill"],"picked":"Ball Lightning","floor":3},{"not_picked":["Scrape","Steam"],"picked":"Defragment","floor":4},{"not_picked":["Steam","Consume"],"picked":"White Noise","floor":5},{"not_picked":["Amplify","Go for the Eyes","Compile Driver"],"picked":"SKIP","floor":6},{"not_picked":["Lockon","Double Energy"],"picked":"Sweeping Beam","floor":7},{"not_picked":["Rebound","Turbo"],"picked":"Hello World","floor":8}],"player_experience":210572,"relics_obtained":[{"floor":6,"key":"Ginger"},{"floor":8,"key":"Mummified Hand"},{"floor":9,"key":"Bottled Lightning"}],"event_choices":[{"cards_removed":["Strike_B"],"damage_healed":0,"gold_gain":0,"player_choice":"Card Removal","damage_taken":0,"max_hp_gain":0,"max_hp_loss":0,"event_name":"The Cleric","floor":2,"gold_loss":50}],"is_beta":true,"boss_relics":[],"items_purged_floors":[],"is_endless":false,"potions_floor_spawned":[4,7,8],"killed_by":"Exordium Thugs","ascension_level":0}