{"gold_per_floor":[114,37,112,131,131,158,158,169,193,193,212,225,150,178,178,178],"floor_reached":16,"playtime":686,"items_purged":["Strike_G"],"score":263,"play_id":"f17800b7-ba41-4625-9c98-67af8a9b8d64","local_time":"20190330030406","is_ascension_mode":true,"campfire_choices":[{"data":"Survivor","floor":10,"key":"SMITH"},{"data":"Dagger Spray","floor":15,"key":"SMITH"}],"neow_cost":"NONE","seed_source_timestamp":107681756730749,"circlet_count":0,"master_deck":["AscendersBane","Defend_G","Defend_G","Defend_G","Defend_G","Defend_G","Strike_G+1","Strike_G","Strike_G","Strike_G","Survivor+1","Neutralize+1","Dagger Spray+1","Footwork+1","Well Laid Plans","After Image"],"relics":["Ring of the Snake","NeowsBlessing","Whetstone","Orichalcum","PreservedInsect"],"potions_floor_usage":[16],"damage_taken":[{"damage":0,"enemies":"Small Slimes","floor":1,"turns":1},{"damage":0,"enemies":"2 Louse","floor":4,"turns":1},{"damage":0,"enemies":"Gremlin Nob","floor":6,"turns":1},{"damage":0,"enemies":"Cultist","floor":8,"turns":5},{"damage":5,"enemies":"3 Louse","floor":11,"turns":3},{"damage":3,"enemies":"Exordium Wildlife","floor":12,"turns":6},{"damage":32,"enemies":"3 Sentries","floor":14,"turns":11},{"damage":35,"enemies":"Hexaghost","floor":16,"turns":14}],"seed_played":"3383931076260862970","potions_obtained":[{"floor":6,"key":"SmokeBomb"},{"floor":12,"key":"Dexterity Potion"},{"floor":14,"key":"Explosive Potion"}],"is_trial":false,"path_per_floor":["M","$","?","M","?","E","?","M","T","R","M","M","$","E","R","B"],"character_chosen":"THE_SILENT","items_purchased":["Footwork"],"campfire_rested":0,"item_purchase_floors":[2],"current_hp_per_floor":[59,59,48,48,66,66,66,66,66,66,61,58,58,26,26,0],"gold":178,"neow_bonus":"THREE_ENEMY_KILL","is_prod":false,"is_daily":false,"chose_seed":false,"campfire_upgraded":2,"win_rate":0,"timestamp":1553936646,"path_taken":["M","$","?","M","?","E","?","M","T","R","M","M","$","E","R","BOSS"],"build_version":"2019-01-23","purchased_purges":1,"victory":false,"max_hp_per_floor":[66,66,66,66,66,66,66,66,66,66,66,66,66,66,66,66],"card_choices":[{"not_picked":["Leg Sweep","Masterful Stab"],"picked":"Dagger Spray","floor":1},{"not_picked":["Underhanded Strike","Cloak And Dagger"],"picked":"Well Laid Plans","floor":4},{"not_picked":["Quick Slash","Bane","Riddle With Holes"],"picked":"SKIP","floor":6},{"not_picked":["Dagger Spray","Distraction","Blade Dance"],"picked":"SKIP","floor":8},{"not_picked":["Poisoned Stab","Prepared","Accuracy"],"picked":"SKIP","floor":11},{"not_picked":["Flechettes","Catalyst","Accuracy"],"picked":"SKIP","floor":12},{"not_picked":["Night Terror","Outmaneuver"],"picked":"After Image","floor":14}],"player_experience":357073,"relics_obtained":[{"floor":6,"key":"Whetstone"},{"floor":9,"key":"Orichalcum"},{"floor":14,"key":"PreservedInsect"}],"event_choices":[{"damage_healed":0,"gold_gain":75,"player_choice":"Gather Gold","damage_taken":11,"max_hp_gain":0,"max_hp_loss":0,"event_name":"World of Goop","floor":3,"gold_loss":0},{"damage_healed":22,"gold_gain":0,"player_choice":"Banana","damage_taken":0,"max_hp_gain":0,"max_hp_loss":0,"event_name":"Big Fish","floor":5,"gold_loss":0},{"damage_healed":0,"gold_gain":0,"player_choice":"Grow","damage_taken":0,"max_hp_gain":0,"max_hp_loss":0,"event_name":"Living Wall","floor":7,"gold_loss":0,"cards_upgraded":["Footwork"]}],"is_beta":false,"boss_relics":[],"items_purged_floors":[13],"is_endless":false,"potions_floor_spawned":[6,12,14],"killed_by":"Hexaghost","ascension_level":19}