{"gold_per_floor":[115,115,132,132,146,174,174,74,74,74,85,85,85,31,31,107,107,125,46,61,61,61,61],"floor_reached":23,"playtime":860,"items_purged":[],"score":318,"play_id":"cff855fc-fb1c-4737-b649-34998b324965","local_time":"20180910170647","is_ascension_mode":true,"campfire_choices":[{"data":"Iron Wave","floor":7.0,"key":"SMITH"},{"data":"Bash","floor":12,"key":"SMITH"},{"floor":15,"key":"REST"}],"neow_cost":"NONE","seed_source_timestamp":2310414813714246,"circlet_count":0,"master_deck":["Strike_R","Strike_R","Strike_R","Strike_R","Defend_R","Defend_R","Defend_R","Defend_R","Bash+1","AscendersBane","Iron Wave+1","Iron Wave+1","Warcry","Anger","Headbutt","Shrug It Off","Bludgeon","Uppercut"],"special_seed":0,"relics":["Burning Blood","NeowsBlessing","Mummified Hand","Singing Bowl","Happy Flower","Busted Crown"],"potions_floor_usage":[11,16,16],"damage_taken":[{"damage":0.0,"enemies":"Jaw Worm","floor":1.0,"turns":1.0},{"damage":0.0,"enemies":"Small Slimes","floor":3.0,"turns":1.0},{"damage":0.0,"enemies":"Cultist","floor":5.0,"turns":1.0},{"damage":43.0,"enemies":"3 Sentries","floor":6.0,"turns":13.0},{"damage":0,"enemies":"3 Louse","floor":11,"turns":4},{"damage":42,"enemies":"The Guardian","floor":16,"turns":11},{"damage":5,"enemies":"Chosen","floor":18,"turns":3},{"damage":18,"enemies":"Spheric Guardian","floor":20,"turns":4},{"damage":70,"enemies":"Gremlin Leader","floor":23,"turns":6}],"seed_played":"2053492267451093974","potions_obtained":[{"floor":6.0,"key":"SpeedPotion"},{"floor":11,"key":"Weak Potion"}],"is_trial":false,"path_per_floor":["M","?","M","?","M","E","R","$","T","?","M","R","?","$","R","B",null,"M","$","M","?","$"],"character_chosen":"IRONCLAD","items_purchased":["Anger","Strength Potion","Shrug It Off","Uppercut"],"campfire_rested":1,"item_purchase_floors":[8,8,14,19],"current_hp_per_floor":[74,74,75,68,74,37,37,37,37,37,43,43,36,36,58,22,62,65,65,55,55,55,0],"gold":61,"neow_bonus":"THREE_ENEMY_KILL","is_prod":false,"is_daily":false,"chose_seed":false,"campfire_upgraded":2,"win_rate":0,"timestamp":1536613607,"path_taken":["M","?","?","?","?","E","R","$","T","?","M","R","?","$","R","BOSS","M","$","M","?","$","E"],"build_version":"2018-09-06","purchased_purges":0,"victory":false,"max_hp_per_floor":[75,75,75,75,75,75,75,75,75,75,75,75,75,75,75,75,75,77,77,79,79,79,79],"card_choices":[{"not_picked":["Armaments","Flex"],"picked":"Iron Wave","floor":1.0},{"not_picked":["Clash","Sword Boomerang"],"picked":"Iron Wave","floor":3.0},{"not_picked":["Bloodletting","Wild Strike"],"picked":"Warcry","floor":5.0},{"not_picked":["Blood for Blood","Pommel Strike","Havoc"],"picked":"SKIP","floor":6.0},{"not_picked":["Wild Strike","Barricade"],"picked":"Headbutt","floor":11},{"not_picked":["Juggernaut","Exhume"],"picked":"Bludgeon","floor":16},{"not_picked":["Blood for Blood"],"picked":"Singing Bowl","floor":18},{"not_picked":["Havoc"],"picked":"Singing Bowl","floor":20}],"player_experience":139174,"relics_obtained":[{"floor":6.0,"key":"Mummified Hand"},{"floor":9.0,"key":"Singing Bowl"}],"event_choices":[{"event_name":"Living Wall","player_choice":"Grow","floor":2.0,"damage_taken":0.0},{"event_name":"Golden Wing","player_choice":"Card Removal","floor":4.0,"damage_taken":0.0},{"event_name":"Golden Idol","player_choice":"Ignored","floor":10.0,"damage_taken":0.0},{"event_name":"Scrap Ooze","player_choice":"success","floor":13,"damage_taken":7},{"event_name":"Beggar","player_choice":"Ignored","floor":21,"damage_taken":0}],"is_beta":false,"boss_relics":[{"not_picked":["Black Star","Astrolabe"],"picked":"Busted Crown"}],"items_purged_floors":[],"is_endless":false,"potions_floor_spawned":[6,11],"killed_by":"Gremlin Leader","ascension_level":14}