{"gold_per_floor":[211,211,18,68,85,85,110,110,110,75,89,104,129,141,141,218,218,234,234,7,23,23,23,57,57,57,57,68,101,111,124,124,124],"floor_reached":33,"playtime":1925,"items_purged":[],"score":531,"play_id":"effc0297-8f54-412c-b20f-5544a56e0730","local_time":"20190523123439","is_ascension_mode":true,"campfire_choices":[{"data":"Sweeping Beam","floor":6.0,"key":"SMITH"},{"data":"Static Discharge","floor":8.0,"key":"SMITH"},{"floor":15.0,"key":"REST"},{"data":"Loop","floor":23,"key":"SMITH"},{"floor":25,"key":"REST"},{"data":"Amplify","floor":32,"key":"SMITH"}],"neow_cost":"NONE","seed_source_timestamp":104806123261700,"circlet_count":0,"master_deck":["AscendersBane","Strike_B","Strike_B","Strike_B","Strike_B","Defend_B","Defend_B","Defend_B","Defend_B","Zap","Dualcast","Compile Driver","Steam","Sweeping Beam+1","Static Discharge+1","Darkness","Tempest","Loop+1","Conserve Battery","Amplify+1","Cold Snap","Self Repair","Static Discharge","Heatsinks+1"],"special_seed":0,"relics":["Cracked Core","DataDisk","Oddly Smooth Stone","Darkstone Periapt","Art of War","Black Star","Lee\u0027s Waffle","Meat on the Bone","Vajra","Potion Belt","Bottled Lightning","Peace Pipe","Bag of Preparation"],"potions_floor_usage":[24,33],"damage_taken":[{"damage":7.0,"enemies":"Jaw Worm","floor":1.0,"turns":3.0},{"damage":2.0,"enemies":"Small Slimes","floor":5.0,"turns":3.0},{"damage":24.0,"enemies":"3 Sentries","floor":7.0,"turns":5.0},{"damage":0.0,"enemies":"Cultist","floor":11.0,"turns":3.0},{"damage":9.0,"enemies":"Blue Slaver","floor":12.0,"turns":3.0},{"damage":20.0,"enemies":"Gremlin Nob","floor":13.0,"turns":4.0},{"damage":15.0,"enemies":"Exordium Wildlife","floor":14.0,"turns":3.0},{"damage":35,"enemies":"Slime Boss","floor":16,"turns":6},{"damage":41,"enemies":"2 Thieves","floor":18,"turns":5},{"damage":4,"enemies":"Spheric Guardian","floor":21,"turns":3},{"damage":70,"enemies":"Slavers","floor":24,"turns":5},{"damage":4,"enemies":"Snecko","floor":28,"turns":3},{"damage":36,"enemies":"Book of Stabbing","floor":29,"turns":4},{"damage":28,"enemies":"Shelled Parasite and Fungi","floor":30,"turns":6},{"damage":20,"enemies":"Sentry and Sphere","floor":31,"turns":5},{"damage":43,"enemies":"Collector","floor":33,"turns":3}],"seed_played":"5472472561514556484","potions_obtained":[{"floor":1.0,"key":"Weak Potion"},{"floor":7.0,"key":"Swift Potion"},{"floor":12.0,"key":"Regen Potion"},{"floor":18,"key":"SkillPotion"},{"floor":21,"key":"PowerPotion"},{"floor":31,"key":"AttackPotion"}],"is_trial":false,"path_per_floor":["M","?","$","?","M","R","E","R","T","?","M","M","E","M","R","B",null,"M","?","$","M","?","R","E","R","T","$","M","E","M","M","R","B"],"character_chosen":"DEFECT","items_purchased":["DataDisk","Steam","Lee\u0027s Waffle"],"campfire_rested":2,"item_purchase_floors":[3,3,20],"current_hp_per_floor":[57,57,57,57,55,55,31,31,31,48,48,39,31,16,37,2,54,13,3,78,74,74,74,16,39,39,39,47,37,35,41,41,0],"gold":124,"neow_bonus":"HUNDRED_GOLD","is_prod":false,"is_daily":false,"chose_seed":false,"campfire_upgraded":4,"win_rate":0,"timestamp":1558636479,"path_taken":["M","?","$","?","?","R","E","R","T","?","M","M","E","M","R","BOSS","M","?","?","M","?","R","E","R","T","$","M","E","?","M","R","BOSS"],"build_version":"2019-01-23","purchased_purges":0,"victory":false,"max_hp_per_floor":[71,71,71,71,71,71,71,71,71,71,71,71,71,71,71,71,71,71,71,78,78,78,78,78,78,78,78,78,78,78,78,78,78],"card_choices":[{"not_picked":["Barrage","Rebound"],"picked":"Compile Driver","floor":1.0},{"not_picked":["Hello World","Blizzard"],"picked":"Sweeping Beam","floor":5.0},{"not_picked":["Steam","Stack"],"picked":"Static Discharge","floor":7.0},{"not_picked":["Blizzard","Go for the Eyes"],"picked":"Darkness","floor":11.0},{"not_picked":["Skim","Sweeping Beam"],"picked":"Tempest","floor":12.0},{"not_picked":["Gash","Capacitor"],"picked":"Loop","floor":13.0},{"not_picked":["Double Energy","Melter"],"picked":"Conserve Battery","floor":14.0},{"not_picked":["Machine Learning","Buffer"],"picked":"Amplify","floor":16},{"not_picked":["Skim","Gash"],"picked":"Cold Snap","floor":18},{"not_picked":["Stack","Ball Lightning","Reprogram"],"picked":"SKIP","floor":21},{"not_picked":["Lockon","Rip and Tear+1"],"picked":"Self Repair","floor":24},{"not_picked":["Doom and Gloom+1","Steam","Turbo+1"],"picked":"SKIP","floor":28},{"not_picked":["Stack+1","Skim"],"picked":"Static Discharge","floor":29},{"not_picked":["Tempest","Hologram"],"picked":"Heatsinks+1","floor":30},{"not_picked":["Ball Lightning+1","Recycle","Meteor Strike"],"picked":"SKIP","floor":31}],"player_experience":781212,"relics_obtained":[{"floor":7.0,"key":"Oddly Smooth Stone"},{"floor":9.0,"key":"Darkstone Periapt"},{"floor":13.0,"key":"Art of War"},{"floor":24,"key":"Vajra"},{"floor":24,"key":"Potion Belt"},{"floor":26,"key":"Bottled Lightning"},{"floor":29,"key":"Peace Pipe"},{"floor":29,"key":"Bag of Preparation"}],"event_choices":[{"damage_healed":0.0,"max_hp_gain":0.0,"max_hp_loss":0.0,"gold_gain":0.0,"event_name":"Shining Light","player_choice":"Ignored","floor":2.0,"gold_loss":0.0,"damage_taken":0.0},{"damage_healed":0.0,"max_hp_gain":0.0,"max_hp_loss":0.0,"gold_gain":50.0,"event_name":"Golden Shrine","player_choice":"Pray","floor":4.0,"gold_loss":0.0,"damage_taken":0.0},{"damage_healed":17.0,"max_hp_gain":0.0,"max_hp_loss":0.0,"gold_gain":0.0,"event_name":"The Cleric","player_choice":"Healed","floor":10.0,"gold_loss":35.0,"damage_taken":0.0},{"damage_healed":0,"gold_gain":0,"player_choice":"Damaged","damage_taken":10,"max_hp_gain":0,"max_hp_loss":0,"event_name":"Wheel of Change","floor":19,"gold_loss":0},{"damage_healed":0,"gold_gain":0,"player_choice":"Gave Potion","damage_taken":0,"relics_obtained":["Meat on the Bone"],"max_hp_gain":0,"max_hp_loss":0,"event_name":"WeMeetAgain","floor":22,"gold_loss":0}],"is_beta":false,"boss_relics":[{"not_picked":["Runic Dome","Busted Crown"],"picked":"Black Star"}],"items_purged_floors":[],"is_endless":false,"potions_floor_spawned":[1,7,11,12,18,21,31],"killed_by":"Collector","ascension_level":16}