{"gold_per_floor":[110,110,110,126,126,158,158,183,261,279,309,328,363,374,374,477,477,487,507,507,507,522,522,556,556,556,556,567,567,586,596,596,596],"floor_reached":33,"playtime":2617,"items_purged":[],"score":337,"play_id":"b5cfe847-2952-4d88-95ee-3c4e89aa7df1","local_time":"20181103092057","is_ascension_mode":false,"campfire_choices":[{"floor":7,"key":"RECALL"},{"data":"Demon Form","floor":15,"key":"SMITH"},{"data":"Limit Break","floor":23,"key":"SMITH"},{"floor":25,"key":"REST"},{"data":"Armaments","floor":27,"key":"SMITH"},{"floor":32,"key":"REST"}],"neow_cost":"NONE","seed_source_timestamp":14510572088138,"circlet_count":0,"master_deck":["Strike_R","Strike_R","Strike_R+1","Strike_R","Strike_R","Defend_R","Defend_R+1","Defend_R","Defend_R","Bash","Twin Strike","Whirlwind","Armaments+1","Uppercut","Headbutt","Pummel","Demon Form+1","Limit Break+1","Shrug It Off+1","Spot Weakness","Flex","Writhe","Shrug It Off","Flex"],"relics":["Burning Blood","NeowsBlessing","Lantern","Mercury Hourglass","StoneCalendar","Pen Nib","Philosopher\u0027s Stone","Nilry\u0027s Codex","Darkstone Periapt","Pear","Dead Branch"],"potions_floor_usage":[13,22,24,30,33],"damage_taken":[{"damage":0,"enemies":"2 Louse","floor":1,"turns":1},{"damage":0,"enemies":"Small Slimes","floor":4,"turns":1},{"damage":0,"enemies":"Lagavulin","floor":6,"turns":1},{"damage":6,"enemies":"Jaw Worm","floor":10,"turns":2},{"damage":8,"enemies":"Gremlin Nob","floor":11,"turns":3},{"damage":5,"enemies":"Lots of Slimes","floor":12,"turns":2},{"damage":23,"enemies":"Lagavulin","floor":13,"turns":5},{"damage":0,"enemies":"Looter","floor":14,"turns":2},{"damage":21,"enemies":"The Guardian","floor":16,"turns":7},{"damage":18,"enemies":"Shell Parasite","floor":18,"turns":4},{"damage":0,"enemies":"3 Byrds","floor":19,"turns":3},{"damage":5,"enemies":"Snecko","floor":22,"turns":3},{"damage":41,"enemies":"Slavers","floor":24,"turns":3},{"damage":32,"enemies":"Cultist and Chosen","floor":28,"turns":6},{"damage":23,"enemies":"Centurion and Healer","floor":30,"turns":4},{"damage":11,"enemies":"Snecko","floor":31,"turns":4},{"damage":51,"enemies":"Champ","floor":33,"turns":7}],"seed_played":"7981921925883534160","potions_obtained":[{"floor":4,"key":"LiquidBronze"},{"floor":10,"key":"BloodPotion"},{"floor":12,"key":"SneckoOil"},{"floor":13,"key":"Explosive Potion"},{"floor":16,"key":"Swift Potion"},{"floor":18,"key":"Dexterity Potion"},{"floor":24,"key":"SpeedPotion"},{"floor":28,"key":"EssenceOfSteel"}],"is_trial":false,"path_per_floor":["M","$","?","M","?","E","R","T","T","M","E","M","E","M","R","B",null,"M","M","?","$","M","R","E","R","T","R","M","?","M","M","R","B"],"character_chosen":"IRONCLAD","items_purchased":[],"campfire_rested":2,"item_purchase_floors":[],"current_hp_per_floor":[80,80,80,80,64,70,70,70,70,70,68,69,60,66,66,51,80,68,74,58,58,59,59,24,48,58,58,32,38,21,16,44,0],"gold":596,"neow_bonus":"THREE_ENEMY_KILL","is_prod":false,"is_daily":false,"chose_seed":false,"campfire_upgraded":3,"win_rate":0,"timestamp":1541197257,"path_taken":["M","$","?","M","?","E","R","?","T","M","E","M","E","M","R","BOSS","M","?","?","$","M","R","E","R","T","R","M","?","M","M","R","BOSS"],"build_version":"2018-11-01v2","purchased_purges":0,"victory":false,"max_hp_per_floor":[80,80,80,80,80,80,80,80,80,80,80,80,80,80,80,80,80,80,80,80,80,80,80,80,80,90,90,90,96,96,96,96,96],"card_choices":[{"not_picked":["Body Slam","Cleave"],"picked":"Twin Strike","floor":1},{"not_picked":["Battle Trance","Pommel Strike"],"picked":"Whirlwind","floor":4},{"not_picked":["True Grit","Sentinel","Sword Boomerang"],"picked":"SKIP","floor":6},{"not_picked":["Seeing Red","Spot Weakness"],"picked":"Armaments","floor":10},{"not_picked":["Carnage","Entrench"],"picked":"Uppercut","floor":11},{"not_picked":["Perfected Strike","Cleave"],"picked":"Headbutt","floor":12},{"not_picked":["Sentinel","Twin Strike"],"picked":"Pummel","floor":13},{"not_picked":["Anger","Perfected Strike"],"picked":"Demon Form","floor":14},{"not_picked":["Dark Embrace","Exhume"],"picked":"Limit Break","floor":16},{"not_picked":["Bloodletting","Twin Strike+1","Intimidate"],"picked":"SKIP","floor":18},{"not_picked":["Dual Wield","Warcry"],"picked":"Shrug It Off+1","floor":19},{"not_picked":["Warcry","Shrug It Off","Clash"],"picked":"SKIP","floor":22},{"not_picked":["Sword Boomerang","Clash"],"picked":"Spot Weakness","floor":24},{"not_picked":["True Grit","Infernal Blade"],"picked":"Flex","floor":28},{"not_picked":["Rage","Sentinel"],"picked":"Shrug It Off","floor":30},{"not_picked":["Armaments","Heavy Blade"],"picked":"Flex","floor":31}],"player_experience":160129,"relics_obtained":[{"floor":6,"key":"Lantern"},{"floor":9,"key":"Mercury Hourglass"},{"floor":11,"key":"StoneCalendar"},{"floor":13,"key":"Pen Nib"},{"floor":20,"key":"Nilry\u0027s Codex"},{"floor":24,"key":"Darkstone Periapt"},{"floor":26,"key":"Pear"}],"event_choices":[{"damage_healed":0,"gold_gain":0,"player_choice":"Ignored","damage_taken":0,"max_hp_gain":0,"max_hp_loss":0,"event_name":"Liars Game","floor":3,"gold_loss":0},{"damage_healed":0,"gold_gain":0,"player_choice":"Entered Light","damage_taken":16,"max_hp_gain":0,"max_hp_loss":0,"event_name":"Shining Light","floor":5,"gold_loss":0,"cards_upgraded":["Strike_R","Defend_R"]},{"damage_healed":0,"gold_gain":0,"player_choice":"Obtained Book","damage_taken":16,"max_hp_gain":0,"max_hp_loss":0,"event_name":"Cursed Tome","floor":20,"gold_loss":0},{"damage_healed":0,"gold_gain":0,"player_choice":"Opened","damage_taken":0,"relics_obtained":["Dead Branch"],"max_hp_gain":0,"max_hp_loss":0,"event_name":"The Mausoleum","floor":29,"gold_loss":0,"cards_obtained":["Writhe"]}],"is_beta":true,"boss_relics":[{"not_picked":["Fusion Hammer","Cursed Key"],"picked":"Philosopher\u0027s Stone"}],"items_purged_floors":[],"is_endless":false,"potions_floor_spawned":[4,10,12,13,16,18,24,28],"killed_by":"Champ","ascension_level":0}