{"gold_per_floor":[111,111,129,142,162,87,87,105,130,130,142,142,171,182,182,253,253,266,266,72,92,102,102,102,102,102,102,122,138,138,156,156,156],"floor_reached":33,"playtime":1860,"items_purged":[],"score":502,"play_id":"a2bf4d35-7823-47a2-9da6-6f9153bbcb15","local_time":"20190404013608","is_ascension_mode":true,"campfire_choices":[{"data":"Dagger Spray","floor":7,"key":"SMITH"},{"data":"Tools of the Trade","floor":10,"key":"SMITH"},{"data":"Neutralize","floor":12,"key":"SMITH"},{"data":"Dash","floor":15,"key":"SMITH"},{"data":"Malaise","floor":23,"key":"SMITH"},{"data":"Footwork","floor":25,"key":"SMITH"},{"data":"Dodge and Roll","floor":27,"key":"SMITH"},{"data":"Bandage Up","floor":30,"key":"SMITH"},{"data":"Deadly Poison","floor":32,"key":"SMITH"}],"neow_cost":"NONE","seed_source_timestamp":533230228492336,"circlet_count":0,"master_deck":["AscendersBane","Defend_G+1","Defend_G","Defend_G","Defend_G","Defend_G","Strike_G","Strike_G","Strike_G+1","Survivor","Neutralize+1","Dagger Throw","Backstab","Dagger Spray+1","Tools of the Trade+1","Quick Slash","PiercingWail","Dash+1","Malaise+1","Dodge and Roll+1","Footwork+1","Acrobatics","Bandage Up+1","Reflex+1","Deadly Poison+1","Blade Dance"],"relics":["Ring of the Snake","NeowsBlessing","Pen Nib","Dream Catcher","Cursed Key"],"potions_floor_usage":[5,8,16,33,33],"damage_taken":[{"damage":0,"enemies":"Small Slimes","floor":1,"turns":1},{"damage":0,"enemies":"2 Louse","floor":3,"turns":1},{"damage":0,"enemies":"Jaw Worm","floor":4,"turns":1},{"damage":0,"enemies":"Blue Slaver","floor":5,"turns":4},{"damage":6,"enemies":"Exordium Thugs","floor":8,"turns":6},{"damage":0,"enemies":"Red Slaver","floor":11,"turns":4},{"damage":25,"enemies":"Lagavulin","floor":13,"turns":4},{"damage":0,"enemies":"2 Fungi Beasts","floor":14,"turns":2},{"damage":9,"enemies":"Hexaghost","floor":16,"turns":12},{"damage":4,"enemies":"Chosen","floor":18,"turns":5},{"damage":2,"enemies":"Colosseum Slavers","floor":19,"turns":6},{"damage":0,"enemies":"3 Byrds","floor":21,"turns":7},{"damage":25,"enemies":"Centurion and Healer","floor":22,"turns":8},{"damage":9,"enemies":"Snake Plant","floor":28,"turns":5},{"damage":7,"enemies":"Shelled Parasite and Fungi","floor":29,"turns":8},{"damage":0,"enemies":"Snecko","floor":31,"turns":7},{"damage":35,"enemies":"Automaton","floor":33,"turns":14}],"seed_played":"-8901571146398273108","potions_obtained":[{"floor":3,"key":"SneckoOil"},{"floor":4,"key":"Fruit Juice"},{"floor":5,"key":"Regen Potion"},{"floor":13,"key":"PowerPotion"},{"floor":21,"key":"Dexterity Potion"},{"floor":29,"key":"Swift Potion"}],"is_trial":false,"path_per_floor":["M","?","M","M","M","?","R","M","T","R","M","R","E","M","R","B",null,"M","?","$","M","M","R","?","R","T","R","M","M","R","M","R","B"],"character_chosen":"THE_SILENT","items_purchased":["Footwork","Acrobatics","Bandage Up"],"campfire_rested":0,"item_purchase_floors":[20,20,20],"current_hp_per_floor":[59,39,39,39,44,44,44,53,53,53,53,53,28,28,28,19,58,54,52,52,56,35,35,35,35,35,35,30,27,27,27,27,0],"gold":156,"neow_bonus":"THREE_ENEMY_KILL","is_prod":false,"is_daily":false,"chose_seed":false,"campfire_upgraded":9,"win_rate":0,"timestamp":1554363368,"path_taken":["M","?","M","M","M","?","R","M","T","R","M","R","E","M","R","BOSS","M","?","$","M","M","R","?","R","T","R","M","?","R","M","R","BOSS"],"build_version":"2019-01-23","purchased_purges":0,"victory":false,"max_hp_per_floor":[66,66,66,66,71,71,71,71,71,71,71,71,71,71,71,71,71,71,71,71,71,71,71,71,71,71,71,71,71,71,71,71,71],"card_choices":[{"not_picked":["Sucker Punch","PiercingWail"],"picked":"Dagger Throw","floor":1},{"not_picked":["Slice","Eviscerate","Terror"],"picked":"SKIP","floor":3},{"not_picked":["Backflip","Outmaneuver"],"picked":"Backstab","floor":4},{"not_picked":["Backflip","Acrobatics"],"picked":"Dagger Spray","floor":5},{"not_picked":["Calculated Gamble","Dodge and Roll"],"picked":"Tools of the Trade","floor":8},{"not_picked":["Choke","Deflect"],"picked":"Quick Slash","floor":11},{"not_picked":["Escape Plan","Dodge and Roll"],"picked":"PiercingWail","floor":13},{"not_picked":["Prepared","Sucker Punch"],"picked":"Dash","floor":14},{"not_picked":["Wraith Form v2","Die Die Die"],"picked":"Malaise","floor":16},{"not_picked":["Riddle With Holes","Outmaneuver"],"picked":"Dodge and Roll","floor":18},{"not_picked":["Underhanded Strike","Flechettes"],"picked":"Reflex+1","floor":21},{"not_picked":["Outmaneuver","Bane"],"picked":"Deadly Poison","floor":22},{"not_picked":["Prepared","Dodge and Roll","Dash+1"],"picked":"SKIP","floor":28},{"not_picked":["All Out Attack","Acrobatics","Reflex+1"],"picked":"SKIP","floor":29},{"not_picked":["Deflect","Dash+1","Dagger Throw"],"picked":"SKIP","floor":31}],"player_experience":438043,"relics_obtained":[{"floor":9,"key":"Pen Nib"},{"floor":13,"key":"Dream Catcher"}],"event_choices":[{"damage_healed":0,"gold_gain":0,"player_choice":"Entered Light","damage_taken":20,"max_hp_gain":0,"max_hp_loss":0,"event_name":"Shining Light","floor":2,"gold_loss":0,"cards_upgraded":["Defend_G","Strike_G"]},{"cards_removed":["Strike_G"],"damage_healed":0,"gold_gain":0,"player_choice":"Card Removal","damage_taken":0,"max_hp_gain":0,"max_hp_loss":0,"event_name":"The Cleric","floor":6,"gold_loss":75},{"damage_healed":0,"gold_gain":0,"player_choice":"Fight","damage_taken":0,"max_hp_gain":0,"max_hp_loss":0,"event_name":"Colosseum","floor":19,"gold_loss":0},{"damage_healed":0,"gold_gain":0,"player_choice":"Fled From Nobs","damage_taken":0,"max_hp_gain":0,"max_hp_loss":0,"event_name":"Colosseum","floor":19,"gold_loss":0},{"damage_healed":0,"gold_gain":0,"cards_transformed":["Strike_G"],"player_choice":"Transformed","damage_taken":0,"max_hp_gain":0,"max_hp_loss":0,"event_name":"Transmorgrifier","floor":24,"gold_loss":0,"cards_obtained":["Blade Dance"]}],"is_beta":false,"boss_relics":[{"not_picked":["Tiny House","Empty Cage"],"picked":"Cursed Key"}],"items_purged_floors":[],"is_endless":false,"potions_floor_spawned":[3,4,5,13,21,29],"killed_by":"Automaton","ascension_level":20}