{"path_per_floor":["M","?","?","M","$","R","E","R","T","R","E","M","?","M","R","B",null,"M","M","?","M"],"character_chosen":"DEFECT","items_purchased":["Frozen Egg 2","Echo Form"],"gold_per_floor":[360,360,410,429,33,33,65,65,65,65,90,108,108,118,118,218,218,238,255,255,269,269],"floor_reached":22,"campfire_rested":1,"playtime":1036,"item_purchase_floors":[5,5],"current_hp_per_floor":[72,72,72,69,69,69,52,52,52,52,29,29,29,22,44,4,75,62,39,39,36,0],"items_purged":[],"gold":269,"score":194,"play_id":"4e6d4ea8-b63b-4920-9772-401e61606c36","local_time":"20180529124038","is_prod":false,"is_daily":false,"chose_seed":false,"is_ascension_mode":false,"campfire_upgraded":3,"win_rate":0,"timestamp":1527561638,"campfire_choices":[{"data":"Dualcast","floor":6,"key":"SMITH"},{"data":"Genetic Algorithm","floor":8,"key":"SMITH"},{"data":"Leap","floor":10,"key":"SMITH"},{"floor":15,"key":"REST"}],"path_taken":["M","?","?","M","$","R","E","R","T","R","E","?","?","M","R","BOSS","M","?","?","M","M"],"build_version":"2018-05-27","seed_source_timestamp":11941409646301,"purchased_purges":0,"victory":false,"master_deck":["Strike_B+1","Strike_B","Strike_B+1","Strike_B","Defend_B","Defend_B","Defend_B","Defend_B","Zap+1","Dualcast+1","Clumsy","Streamline","Leap+1","Echo Form+1","Genetic Algorithm+1","Static Discharge+1","Rebound","Creative AI+1","Electrodynamics+1","Beam Cell+1"],"max_hp_per_floor":[75,75,75,75,75,75,75,75,75,75,75,75,75,75,75,75,75,75,75,75,75,75],"relics":["Cracked Core","Frozen Egg 2","Bronze Scales","Whetstone","Ice Cream","Inserter"],"card_choices":[{"not_picked":["Redo","Leap"],"picked":"Streamline","floor":1},{"not_picked":["Cold Snap","Auto Shields"],"picked":"Leap","floor":4},{"not_picked":["Barrage","Redo"],"picked":"Genetic Algorithm","floor":7},{"not_picked":["Streamline","Hologram"],"picked":"Static Discharge+1","floor":11},{"not_picked":["Sweeping Beam","Steam"],"picked":"Rebound","floor":12},{"not_picked":["Coolheaded","Chill"],"picked":"Creative AI+1","floor":14},{"not_picked":["Creative AI+1","Echo Form+1"],"picked":"Electrodynamics+1","floor":16},{"not_picked":["Streamline","White Noise"],"picked":"Beam Cell+1","floor":18},{"not_picked":["Steam","Compile Driver","Coolheaded"],"picked":"SKIP","floor":19},{"not_picked":["White Noise","Beam Cell","Hologram"],"picked":"SKIP","floor":21}],"player_experience":11414,"potions_floor_usage":[7],"damage_taken":[{"damage":3,"enemies":"2 Louse","floor":1,"turns":3},{"damage":3,"enemies":"Jaw Worm","floor":4,"turns":3},{"damage":17,"enemies":"3 Sentries","floor":7,"turns":6},{"damage":23,"enemies":"Gremlin Nob","floor":11,"turns":4},{"damage":0,"enemies":"Cultist","floor":12,"turns":3},{"damage":7,"enemies":"Exordium Wildlife","floor":14,"turns":3},{"damage":40,"enemies":"Hexaghost","floor":16,"turns":8},{"damage":13,"enemies":"Chosen","floor":18,"turns":5},{"damage":23,"enemies":"2 Thieves","floor":19,"turns":4},{"damage":3,"enemies":"Snecko","floor":21,"turns":4},{"damage":39,"enemies":"3 Cultists","floor":22,"turns":4}],"relics_obtained":[{"floor":7,"key":"Bronze Scales"},{"floor":9,"key":"Whetstone"},{"floor":11,"key":"Ice Cream"}],"event_choices":[{"event_name":"Living Wall","player_choice":"Grow","floor":2,"damage_taken":0},{"event_name":"Golden Wing","player_choice":"Gained Gold","floor":3,"damage_taken":0},{"event_name":"Golden Idol","player_choice":"Ignored","floor":13,"damage_taken":0},{"event_name":"Drug Dealer","player_choice":"Ignored","floor":20,"damage_taken":0}],"boss_relics":[{"not_picked":["Velvet Choker","Runic Dome"],"picked":"Inserter"}],"items_purged_floors":[],"potions_floor_spawned":[4,12,16,19],"seed_played":"-5609427141293800261","killed_by":"3 Cultists","ascension_level":0,"potions_obtained":[{"floor":4,"key":"Energy Potion"},{"floor":12,"key":"Strength Potion"},{"floor":16,"key":"Ancient Potion"},{"floor":19,"key":"SpeedPotion"}],"is_trial":false}