{"gold_per_floor":[115,115,115,127,144,144,72,72,95,20,20,54,65,77,77,182,182,199,212,20,47,47,47,64,64,119,134,154,166,166,181,181,278,278,290,144,144,156,156,156,156,156,231,244,269,269,279,289,289,289,289,289,150,185,185],"floor_reached":55,"playtime":1417,"items_purged":["Bash"],"score":699,"play_id":"acd6a749-4fcf-4e7d-98a0-3ee9d67c1196","local_time":"20181103101726","is_ascension_mode":false,"campfire_choices":[{"floor":6,"key":"RECALL"},{"data":"Uppercut","floor":11,"key":"SMITH"},{"data":"Limit Break","floor":15,"key":"SMITH"},{"floor":23,"key":"REST"},{"floor":32,"key":"REST"},{"data":"Whirlwind","floor":40,"key":"SMITH"},{"data":"Inflame","floor":42,"key":"SMITH"},{"floor":46,"key":"REST"},{"floor":49,"key":"REST"},{"data":"Heavy Blade","floor":52,"key":"SMITH"}],"neow_cost":"NONE","seed_source_timestamp":18884118622257,"circlet_count":0,"master_deck":["Strike_R","Strike_R","Strike_R","Strike_R","Defend_R","Defend_R","Defend_R","Defend_R","Dropkick","Iron Wave","Uppercut+1","Inflame+1","Limit Break+1","Limit Break","Flex+1","Anger","Whirlwind+1","Flex+1","Limit Break+1","Heavy Blade+1","Pommel Strike","Metallicize+1","Headbutt+1","Offering","Infernal Blade","Parasite","Double Tap","Thunderclap+1"],"relics":["Burning Blood","Happy Flower","CultistMask","Orichalcum","Sozu","Red Skull","Red Mask","Tiny Chest","Mark of Pain","Anchor","Mercury Hourglass","Molten Egg 2","PreservedInsect","Smiling Mask"],"potions_floor_usage":[14,14,27,28],"damage_taken":[{"damage":1,"enemies":"Jaw Worm","floor":1,"turns":3},{"damage":1,"enemies":"Cultist","floor":4,"turns":4},{"damage":11,"enemies":"2 Louse","floor":5,"turns":3},{"damage":43,"enemies":"3 Sentries","floor":12,"turns":10},{"damage":2,"enemies":"Looter","floor":13,"turns":3},{"damage":2,"enemies":"Gremlin Gang","floor":14,"turns":5},{"damage":12,"enemies":"The Guardian","floor":16,"turns":8},{"damage":15,"enemies":"2 Thieves","floor":18,"turns":5},{"damage":29,"enemies":"3 Byrds","floor":19,"turns":5},{"damage":31,"enemies":"Masked Bandits","floor":21,"turns":4},{"damage":8,"enemies":"Snecko","floor":24,"turns":4},{"damage":19,"enemies":"Shelled Parasite and Fungi","floor":27,"turns":3},{"damage":1,"enemies":"Chosen and Byrds","floor":28,"turns":3},{"damage":9,"enemies":"Snake Plant","floor":29,"turns":2},{"damage":5,"enemies":"Centurion and Healer","floor":31,"turns":3},{"damage":18,"enemies":"Collector","floor":33,"turns":5},{"damage":12,"enemies":"Orb Walker","floor":35,"turns":3},{"damage":4,"enemies":"3 Darklings","floor":38,"turns":3},{"damage":45,"enemies":"Writhing Mass","floor":44,"turns":5},{"damage":27,"enemies":"Maw","floor":47,"turns":5},{"damage":0,"enemies":"Sphere and 2 Shapes","floor":48,"turns":2},{"damage":71,"enemies":"Time Eater","floor":50,"turns":7},{"damage":28,"enemies":"Shield and Spear","floor":54,"turns":4},{"damage":79,"enemies":"The Heart","floor":55,"turns":3}],"seed_played":"-2632977147886521434","potions_obtained":[{"floor":0,"key":"BloodPotion"},{"floor":0,"key":"Regen Potion"},{"floor":0,"key":"FearPotion"},{"floor":1,"key":"Poison Potion"},{"floor":12,"key":"FearPotion"},{"floor":14,"key":"SteroidPotion"}],"is_trial":false,"path_per_floor":["M","?","?","M","M","R","$","?","T","$","R","E","M","M","R","B",null,"M","M","$","?","?","R","M","?","T","M","M","M","$","M","R","B",null,"M","$","?","M","$","R","T","R","T","M","T","R","M","M","R","B",null,"R","$","E","B"],"character_chosen":"IRONCLAD","items_purchased":["Uppercut","Red Skull","Whirlwind","Anchor","Double Tap"],"campfire_rested":4,"item_purchase_floors":[7,20,20,36,53],"current_hp_per_floor":[80,73,73,78,73,73,73,73,73,73,73,36,40,64,64,58,80,71,48,48,23,23,47,45,30,30,17,22,19,19,20,45,33,85,79,79,79,81,81,81,81,81,81,42,42,67,46,52,77,12,85,85,85,63,0],"gold":185,"neow_bonus":"THREE_SMALL_POTIONS","is_prod":false,"is_daily":false,"chose_seed":false,"campfire_upgraded":5,"win_rate":0,"timestamp":1541200646,"path_taken":["M","?","?","?","M","R","$","?","T","?","R","E","M","M","R","BOSS","M","M","?","?","?","R","?","?","T","M","M","M","?","M","R","BOSS","M","$","?","M","?","R","?","R","T","M","?","R","M","M","R","BOSS","R","$","E","BOSS"],"build_version":"2018-11-01v2","purchased_purges":1,"victory":false,"max_hp_per_floor":[80,80,80,80,80,80,80,80,80,80,80,80,80,80,80,80,80,80,80,80,80,80,80,80,85,85,85,85,85,85,85,85,85,85,85,85,85,85,85,85,85,85,85,85,85,85,85,85,85,85,85,85,85,85,85],"card_choices":[{"not_picked":["Sever Soul","Corruption"],"picked":"Dropkick","floor":1},{"not_picked":["Sword Boomerang","Carnage","True Grit"],"picked":"SKIP","floor":4},{"not_picked":["Shockwave","Clothesline"],"picked":"Iron Wave","floor":5},{"not_picked":["Body Slam","Iron Wave","True Grit"],"picked":"SKIP","floor":12},{"not_picked":["Carnage","Rampage"],"picked":"Inflame","floor":13},{"not_picked":["Metallicize","Fire Breathing"],"picked":"Limit Break","floor":14},{"not_picked":["Feed","Juggernaut"],"picked":"Limit Break","floor":16},{"not_picked":["Entrench","Cleave"],"picked":"Flex+1","floor":18},{"not_picked":["Wild Strike","Cleave"],"picked":"Anger","floor":19},{"not_picked":["Sword Boomerang+1","Anger"],"picked":"Flex+1","floor":21},{"not_picked":["Headbutt","Double Tap"],"picked":"Heavy Blade","floor":24},{"not_picked":["Wild Strike","Flex","Heavy Blade"],"picked":"SKIP","floor":27},{"not_picked":["Flex","Perfected Strike"],"picked":"Pommel Strike","floor":28},{"not_picked":["Havoc","Iron Wave"],"picked":"Metallicize+1","floor":29},{"not_picked":["Brutality","Shockwave"],"picked":"Headbutt+1","floor":31},{"not_picked":["Dark Embrace","Reaper"],"picked":"Offering","floor":33},{"not_picked":["True Grit+1","Combust+1"],"picked":"Infernal Blade","floor":35},{"not_picked":["Whirlwind","Clash+1","Feel No Pain+1"],"picked":"SKIP","floor":38},{"not_picked":["Burning Pact","Wild Strike+1","Fiend Fire+1"],"picked":"SKIP","floor":44},{"not_picked":["Iron Wave+1","Perfected Strike+1","Shrug It Off"],"picked":"SKIP","floor":47},{"not_picked":["Sentinel","Anger+1","Burning Pact"],"picked":"SKIP","floor":48},{"not_picked":["Wild Strike+1","Anger+1"],"picked":"Thunderclap+1","floor":54}],"player_experience":164464,"relics_obtained":[{"floor":12,"key":"Orichalcum"},{"floor":21,"key":"Red Mask"},{"floor":26,"key":"Tiny Chest"},{"floor":41,"key":"Mercury Hourglass"},{"floor":43,"key":"Molten Egg 2"},{"floor":45,"key":"PreservedInsect"},{"floor":54,"key":"Smiling Mask"}],"event_choices":[{"cards_removed":["Strike_R"],"damage_healed":0,"gold_gain":0,"player_choice":"Card Removal","damage_taken":7,"max_hp_gain":0,"max_hp_loss":0,"event_name":"Golden Wing","floor":2,"gold_loss":0},{"damage_healed":0,"gold_gain":0,"player_choice":"Gave Potion","damage_taken":0,"relics_obtained":["Happy Flower"],"max_hp_gain":0,"max_hp_loss":0,"event_name":"WeMeetAgain","floor":3,"gold_loss":0},{"damage_healed":0,"gold_gain":0,"player_choice":"Trade","damage_taken":0,"relics_obtained":["CultistMask"],"max_hp_gain":0,"max_hp_loss":0,"event_name":"FaceTrader","floor":8,"gold_loss":0},{"damage_healed":0,"gold_gain":0,"player_choice":"Fought Bandits","damage_taken":0,"max_hp_gain":0,"max_hp_loss":0,"event_name":"Masked Bandits","floor":21,"gold_loss":0},{"damage_healed":0,"gold_gain":0,"player_choice":"Copied","damage_taken":0,"max_hp_gain":0,"max_hp_loss":0,"event_name":"Duplicator","floor":22,"gold_loss":0,"cards_obtained":["Limit Break"]},{"damage_healed":0,"gold_gain":0,"player_choice":"Shed Blood","damage_taken":20,"max_hp_gain":5,"max_hp_loss":0,"event_name":"Forgotten Altar","floor":25,"gold_loss":0},{"damage_healed":0,"gold_gain":0,"player_choice":"Bought 0 Potions","damage_taken":0,"max_hp_gain":0,"max_hp_loss":0,"event_name":"The Woman in Blue","floor":37,"gold_loss":0}],"is_beta":true,"boss_relics":[{"not_picked":["Black Star","Orrery"],"picked":"Sozu"},{"not_picked":["Runic Pyramid","White Beast Statue"],"picked":"Mark of Pain"}],"items_purged_floors":[10],"is_endless":false,"potions_floor_spawned":[1,12,14,18,19,27,29,33,38,44,47,54],"killed_by":"The Heart","ascension_level":0}