{"gold_per_floor":[115,115,34,34,53,53,78,78,78,90,90,140,140,158,158,237,237,257,257,257,12,39,39,50,50,50,82,82,101,111,121,121,121],"floor_reached":33,"playtime":1605,"items_purged":[],"score":551,"play_id":"92ae8cf8-62b2-4023-9006-315c6768c065","local_time":"20190402020118","is_ascension_mode":true,"campfire_choices":[{"data":"Noxious Fumes","floor":6.0,"key":"SMITH"},{"floor":8.0,"key":"REST"},{"data":"Well Laid Plans","floor":11.0,"key":"SMITH"},{"data":"Sucker Punch","floor":13.0,"key":"SMITH"},{"data":"Survivor","floor":15.0,"key":"SMITH"},{"data":"Skewer","floor":23,"key":"SMITH"},{"data":"Predator","floor":25,"key":"SMITH"},{"data":"PiercingWail","floor":28,"key":"SMITH"},{"data":"Adrenaline","floor":32,"key":"SMITH"}],"neow_cost":"NONE","seed_source_timestamp":362123466135551,"circlet_count":0,"master_deck":["AscendersBane","Defend_G+1","Defend_G","Defend_G","Defend_G","Defend_G+1","Strike_G+1","Strike_G","Strike_G","Strike_G","Strike_G+1","Survivor+1","Neutralize+1","PiercingWail+1","Noxious Fumes+1","Well Laid Plans+1","Sucker Punch+1","Caltrops","Adrenaline+1","Skewer+1","Predator+1","PiercingWail"],"special_seed":0,"relics":["Eternal Feather","Paper Crane","War Paint","Coffee Dripper","Bag of Preparation","Lantern","Blue Candle","Mango"],"potions_floor_usage":[18,30,33],"damage_taken":[{"damage":10.0,"enemies":"Cultist","floor":1.0,"turns":5.0},{"damage":0.0,"enemies":"2 Louse","floor":5.0,"turns":4.0},{"damage":41.0,"enemies":"3 Sentries","floor":7.0,"turns":8.0},{"damage":0.0,"enemies":"Jaw Worm","floor":10.0,"turns":4.0},{"damage":7.0,"enemies":"Large Slime","floor":14.0,"turns":5.0},{"damage":3.0,"enemies":"The Guardian","floor":16.0,"turns":12.0},{"damage":0,"enemies":"Shell Parasite","floor":18,"turns":6},{"damage":4,"enemies":"2 Thieves","floor":24,"turns":4},{"damage":8,"enemies":"Book of Stabbing","floor":27,"turns":6},{"damage":14,"enemies":"Centurion and Healer","floor":29,"turns":5},{"damage":32,"enemies":"3 Cultists","floor":30,"turns":7},{"damage":3,"enemies":"Snake Plant","floor":31,"turns":3},{"damage":54,"enemies":"Champ","floor":33,"turns":13}],"seed_played":"-3397531497461697136","potions_obtained":[{"floor":5.0,"key":"Regen Potion"},{"floor":14.0,"key":"Block Potion"},{"floor":16.0,"key":"Strength Potion"},{"floor":24,"key":"Fire Potion"},{"floor":30,"key":"LiquidBronze"}],"is_trial":false,"path_per_floor":["M","?","$","?","M","R","E","R","T","M","R","?","R","M","R","B",null,"M","?","?","$","T","R","M","R","T","E","R","M","M","M","R","B"],"character_chosen":"THE_SILENT","items_purchased":["Noxious Fumes","Bag of Preparation","Predator"],"campfire_rested":1,"item_purchase_floors":[3,21,21],"current_hp_per_floor":[49,49,49,29,29,38,12,40,40,40,49,49,58,51,60,57,64,64,46,46,46,46,58,54,66,66,72,84,70,38,35,47,0],"gold":121,"neow_bonus":"BOSS_RELIC","is_prod":false,"is_daily":false,"chose_seed":false,"campfire_upgraded":8,"win_rate":0,"timestamp":1554192078,"path_taken":["M","?","$","?","M","R","E","R","T","M","R","?","R","?","R","BOSS","M","?","?","$","?","R","M","R","T","E","R","M","?","M","R","BOSS"],"build_version":"2019-01-23","purchased_purges":0,"victory":false,"max_hp_per_floor":[66,66,66,66,66,66,66,66,66,66,66,66,66,66,66,66,66,66,71,71,71,71,71,71,71,71,85,85,85,85,85,85,85],"card_choices":[{"not_picked":["Outmaneuver","Quick Slash"],"picked":"PiercingWail","floor":1.0},{"not_picked":["Setup","Bane","All Out Attack"],"picked":"SKIP","floor":5.0},{"not_picked":["Accuracy","Dodge and Roll"],"picked":"Well Laid Plans","floor":7.0},{"not_picked":["Terror","Blur"],"picked":"Sucker Punch","floor":10.0},{"not_picked":["Dagger Throw","Slice"],"picked":"Caltrops","floor":14.0},{"not_picked":["A Thousand Cuts","Night Terror"],"picked":"Adrenaline","floor":16.0},{"not_picked":["Reflex","Flechettes","Well Laid Plans"],"picked":"SKIP","floor":18},{"not_picked":["Dagger Throw","Slice","Deflect+1"],"picked":"SKIP","floor":24},{"not_picked":["Quick Slash","Grand Finale","Flying Knee"],"picked":"SKIP","floor":27},{"not_picked":["Quick Slash","Skewer"],"picked":"PiercingWail","floor":29},{"not_picked":["Bane","Cloak And Dagger","Poisoned Stab"],"picked":"SKIP","floor":30},{"not_picked":["Outmaneuver","Finisher","Distraction"],"picked":"SKIP","floor":31}],"player_experience":418717,"relics_obtained":[{"floor":7.0,"key":"Paper Crane"},{"floor":9.0,"key":"War Paint"},{"floor":22,"key":"Lantern"},{"floor":26,"key":"Blue Candle"},{"floor":27,"key":"Mango"}],"event_choices":[{"damage_healed":0.0,"max_hp_gain":0.0,"max_hp_loss":0.0,"gold_gain":0.0,"event_name":"Living Wall","player_choice":"Grow","floor":2.0,"gold_loss":0.0,"damage_taken":0.0,"cards_upgraded":["Neutralize"]},{"damage_healed":0.0,"max_hp_gain":0.0,"max_hp_loss":0.0,"gold_gain":0.0,"event_name":"Shining Light","player_choice":"Entered Light","floor":4.0,"gold_loss":0.0,"damage_taken":20.0,"cards_upgraded":["Strike_G","Strike_G"]},{"damage_healed":0.0,"max_hp_gain":0.0,"max_hp_loss":0.0,"gold_gain":50.0,"event_name":"Golden Shrine","player_choice":"Pray","floor":12.0,"gold_loss":0.0,"damage_taken":0.0},{"damage_healed":0,"gold_gain":0,"player_choice":"Shed Blood","damage_taken":23,"max_hp_gain":5,"max_hp_loss":0,"event_name":"Forgotten Altar","floor":19,"gold_loss":0},{"damage_healed":0,"gold_gain":0,"player_choice":"Read","damage_taken":0,"max_hp_gain":0,"max_hp_loss":0,"event_name":"The Library","floor":20,"gold_loss":0,"cards_obtained":["Skewer"]}],"is_beta":false,"boss_relics":[{"not_picked":["Lizard Tail","Orrery"],"picked":"Coffee Dripper"}],"items_purged_floors":[],"is_endless":false,"potions_floor_spawned":[5,14,16,24,29,30],"killed_by":"Champ","ascension_level":20}