{"gold_per_floor":[118,133,146,160,170,170,195,195,195,215,241,241,272,272,272,401,401,401,401,401,401,401,401,401,401,401,401,401,401,401,401],"floor_reached":31,"playtime":1323,"items_purged":[],"score":261,"play_id":"57b55597-400b-4402-a2df-40bb9ccf6a3f","local_time":"20181106191410","is_ascension_mode":false,"campfire_choices":[{"data":"Chaos","floor":6,"key":"SMITH"},{"floor":8,"key":"RECALL"},{"data":"Dualcast","floor":15,"key":"SMITH"},{"floor":23,"key":"REST"},{"floor":25,"key":"REST"},{"data":"White Noise","floor":28,"key":"SMITH"}],"neow_cost":"NONE","seed_source_timestamp":5763481993694,"circlet_count":0,"master_deck":["Strike_B","Strike_B","Strike_B","Strike_B","Defend_B","Defend_B","Defend_B","Defend_B","Zap+1","Dualcast+1","Redo","Chaos+1","Go for the Eyes","Self Repair","Leap","Injury","Barrage","Buffer","Ball Lightning","Impatience","Darkness","Ball Lightning+1","Go for the Eyes+1","White Noise+1","Aggregate"],"relics":["Cracked Core","Sundial","Ancient Tea Set","Golden Idol","Matryoshka","Ectoplasm","Orichalcum","Nunchaku"],"potions_floor_usage":[7,7,11,22],"damage_taken":[{"damage":0,"enemies":"Small Slimes","floor":1,"turns":3},{"damage":8,"enemies":"2 Louse","floor":2,"turns":2},{"damage":1,"enemies":"Cultist","floor":3,"turns":4},{"damage":5,"enemies":"Red Slaver","floor":4,"turns":4},{"damage":0,"enemies":"Looter","floor":5,"turns":3},{"damage":6,"enemies":"Lagavulin","floor":7,"turns":5},{"damage":3,"enemies":"Large Slime","floor":10,"turns":6},{"damage":17,"enemies":"Gremlin Nob","floor":11,"turns":4},{"damage":31,"enemies":"3 Sentries","floor":13,"turns":8},{"damage":69,"enemies":"Hexaghost","floor":16,"turns":12},{"damage":21,"enemies":"Shell Parasite","floor":18,"turns":9},{"damage":17,"enemies":"Spheric Guardian","floor":20,"turns":4},{"damage":23,"enemies":"Snake Plant","floor":21,"turns":5},{"damage":18,"enemies":"Centurion and Healer","floor":22,"turns":5},{"damage":4,"enemies":"Snecko","floor":24,"turns":6},{"damage":38,"enemies":"3 Cultists","floor":27,"turns":5},{"damage":9,"enemies":"Shelled Parasite and Fungi","floor":29,"turns":5},{"damage":0,"enemies":"Centurion and Healer","floor":31,"turns":2}],"seed_played":"52363362367321607","potions_obtained":[{"floor":2,"key":"Weak Potion"},{"floor":5,"key":"Energy Potion"},{"floor":7,"key":"EssenceOfSteel"},{"floor":10,"key":"Ancient Potion"},{"floor":11,"key":"GamblersBrew"},{"floor":21,"key":"PowerPotion"},{"floor":27,"key":"Block Potion"}],"is_trial":false,"path_per_floor":["M","M","M","M","M","R","E","R","T","M","E","?","E","?","R","B",null,"M","?","M","M","M","R","M","R","T","M","R","M","$","M"],"character_chosen":"DEFECT","items_purchased":[],"campfire_rested":2,"item_purchase_floors":[],"current_hp_per_floor":[75,67,66,61,61,61,55,55,55,52,42,42,18,75,75,6,75,61,47,37,21,3,25,28,50,50,19,19,17,17,17],"gold":401,"neow_bonus":"UPGRADE_CARD","is_prod":false,"is_daily":false,"chose_seed":false,"campfire_upgraded":3,"win_rate":0,"timestamp":1541492050,"path_taken":["M","M","M","M","M","R","E","R","T","M","E","?","E","?","R","BOSS","M","?","M","M","M","R","M","R","T","M","R","?","$","M"],"build_version":"2018-11-02","purchased_purges":0,"victory":false,"max_hp_per_floor":[75,75,75,75,75,75,75,75,75,75,75,75,75,75,75,75,75,75,75,75,75,75,75,75,75,75,75,75,75,75,75],"card_choices":[{"not_picked":["Stack","Undo","Compile Driver"],"picked":"SKIP","floor":1},{"not_picked":["Barrage","Amplify"],"picked":"Skim","floor":2},{"not_picked":["Hologram","Stack","Barrage"],"picked":"SKIP","floor":3},{"not_picked":["Beam Cell","Cold Snap"],"picked":"Redo","floor":4},{"not_picked":["Coolheaded","Redo"],"picked":"Chaos","floor":5},{"not_picked":["Capacitor","Beam Cell"],"picked":"Go for the Eyes","floor":7},{"not_picked":["Auto Shields","Recycle"],"picked":"Self Repair","floor":10},{"not_picked":["Sweeping Beam","Blizzard"],"picked":"Leap","floor":11},{"not_picked":["Meteor Strike","Stack"],"picked":"Barrage","floor":13},{"not_picked":["All For One","Meteor Strike"],"picked":"Buffer","floor":16},{"not_picked":["Reinforced Body","Rebound"],"picked":"Ball Lightning","floor":18},{"not_picked":["Glacier+1","Barrage"],"picked":"Darkness","floor":20},{"not_picked":["Genetic Algorithm","Static Discharge"],"picked":"Ball Lightning+1","floor":21},{"not_picked":["Beam Cell","Redo"],"picked":"Go for the Eyes+1","floor":22},{"not_picked":["Stack","Compile Driver","Reinforced Body+1"],"picked":"SKIP","floor":24},{"not_picked":["FTL+1","Stack"],"picked":"White Noise","floor":27},{"not_picked":["Static Discharge","Go for the Eyes+1"],"picked":"Aggregate","floor":29}],"player_experience":186916,"relics_obtained":[{"floor":7,"key":"Sundial"},{"floor":11,"key":"Ancient Tea Set"},{"floor":13,"key":"Matryoshka"},{"floor":26,"key":"Orichalcum"},{"floor":26,"key":"Nunchaku"}],"event_choices":[{"damage_healed":0,"gold_gain":0,"player_choice":"Take Wound","damage_taken":0,"relics_obtained":["Golden Idol"],"max_hp_gain":0,"max_hp_loss":0,"event_name":"Golden Idol","floor":12,"gold_loss":0,"cards_obtained":["Injury"]},{"cards_removed":["Skim"],"damage_healed":57,"gold_gain":0,"player_choice":"Offered Uncommon","damage_taken":0,"max_hp_gain":0,"max_hp_loss":0,"event_name":"Bonfire Elementals","floor":14,"gold_loss":0},{"damage_healed":0,"gold_gain":0,"player_choice":"CARD ","damage_taken":14,"max_hp_gain":0,"max_hp_loss":0,"event_name":"Knowing Skull","floor":19,"potions_obtained":[],"gold_loss":0,"cards_obtained":["Impatience"]}],"is_beta":true,"boss_relics":[{"not_picked":["Tiny House","Eternal Feather"],"picked":"Ectoplasm"}],"items_purged_floors":[],"is_endless":false,"potions_floor_spawned":[2,5,7,10,11,21,27],"killed_by":"Centurion and Healer","ascension_level":0}