{"gold_per_floor":[111,111,126,150,169,169,192,192,218,218,237,262,295,365,365,490,490,509,509,509,608,533,533,33,33,56,77,77,97,118,139,139,259,259,272,272,33,54,54,54,77,141,141,141,141,141,141],"floor_reached":47,"playtime":1223,"items_purged":["Strike_R"],"score":486,"play_id":"c5d278af-ea7c-4eaf-9344-afd2a194145b","local_time":"20190421173054","is_ascension_mode":true,"campfire_choices":[{"data":"Flame Barrier","floor":6.0,"key":"SMITH"},{"data":"Bash","floor":8.0,"key":"SMITH"},{"data":"Pommel Strike","floor":10.0,"key":"SMITH"},{"data":"Cleave","floor":15.0,"key":"SMITH"},{"data":"Strike_R","floor":23.0,"key":"SMITH"},{"data":"Whirlwind","floor":25.0,"key":"SMITH"},{"data":"Defend_R","floor":32.0,"key":"SMITH"},{"data":"Defend_R","floor":40.0,"key":"SMITH"},{"data":"Inflame","floor":46,"key":"SMITH"}],"neow_cost":"NONE","seed_source_timestamp":0,"circlet_count":0,"master_deck":["Strike_R+1","Strike_R+1","Defend_R+1","Defend_R+1","Defend_R","Bash+1","Flame Barrier+1","Pommel Strike+1","Cleave+1","Whirlwind+1","Shrug It Off+1","Ghostly Armor+1","Inflame+1"],"special_seed":0,"relics":["Burning Blood","Whetstone","Golden Idol","Strawberry","Juzu Bracelet","Dream Catcher","Coffee Dripper","MutagenicStrength","Chemical X","Lantern","Orichalcum","Eternal Feather","Kunai","Shovel","Dodecahedron"],"potions_floor_usage":[],"damage_taken":[{"damage":4.0,"enemies":"Jaw Worm","floor":1.0,"turns":4.0},{"damage":6.0,"enemies":"Small Slimes","floor":3.0,"turns":3.0},{"damage":1.0,"enemies":"Cultist","floor":5.0,"turns":3.0},{"damage":2.0,"enemies":"Exordium Wildlife","floor":7.0,"turns":4.0},{"damage":11.0,"enemies":"Looter","floor":11.0,"turns":3.0},{"damage":28.0,"enemies":"Large Slime","floor":12.0,"turns":6.0},{"damage":20.0,"enemies":"3 Sentries","floor":13.0,"turns":8.0},{"damage":8.0,"enemies":"Slime Boss","floor":16.0,"turns":10.0},{"damage":0.0,"enemies":"Chosen","floor":18.0,"turns":3.0},{"damage":0.0,"enemies":"Spheric Guardian","floor":27.0,"turns":1.0},{"damage":0.0,"enemies":"3 Cultists","floor":29.0,"turns":3.0},{"damage":16.0,"enemies":"Shelled Parasite and Fungi","floor":30.0,"turns":2.0},{"damage":15.0,"enemies":"Centurion and Healer","floor":31.0,"turns":3.0},{"damage":64.0,"enemies":"Automaton","floor":33.0,"turns":13.0},{"damage":9.0,"enemies":"3 Shapes","floor":35.0,"turns":1.0},{"damage":0.0,"enemies":"3 Darklings","floor":38.0,"turns":1.0},{"damage":2.0,"enemies":"Spire Growth","floor":41.0,"turns":4.0},{"damage":72.0,"enemies":"2 Orb Walkers","floor":42.0,"turns":6.0},{"damage":32,"enemies":"Writhing Mass","floor":47,"turns":1}],"seed_played":"-7323761268046685514","potions_obtained":[{"floor":5.0,"key":"Explosive Potion"},{"floor":7.0,"key":"EssenceOfSteel"},{"floor":13.0,"key":"GamblersBrew"},{"floor":16.0,"key":"Regen Potion"},{"floor":18.0,"key":"Dexterity Potion"},{"floor":29.0,"key":"Poison Potion"},{"floor":41.0,"key":"Swift Potion"}],"is_trial":false,"path_per_floor":["M","?","M","T","M","R","M","R","T","R","M","M","E","?","R","B",null,"M","?","?","?","?","R","$","R","T","M","?","M","M","M","R","B",null,"M","?","$","M","$","R","M","?","T","?","?","R","M"],"character_chosen":"IRONCLAD","items_purchased":["Whirlwind","Chemical X","Lantern","Kunai"],"campfire_rested":0,"item_purchase_floors":[24,24,24,37],"current_hp_per_floor":[80,60,60,67,72,72,76,76,76,76,71,49,35,35,35,33,87,87,79,79,79,79,79,79,79,79,85,85,87,77,68,68,10,87,84,84,84,87,87,87,87,21,21,21,21,27,0],"gold":141,"neow_bonus":"RANDOM_COMMON_RELIC","is_prod":false,"is_daily":false,"chose_seed":false,"campfire_upgraded":9,"win_rate":0,"timestamp":1555889454,"path_taken":["M","?","M","?","?","R","M","R","T","R","M","M","E","?","R","BOSS","M","?","?","?","?","R","$","R","T","M","?","M","M","M","R","BOSS","M","?","$","M","?","R","M","?","T","?","?","R","M"],"build_version":"2019-01-23","purchased_purges":1,"victory":false,"max_hp_per_floor":[80,80,80,87,87,87,87,87,87,87,87,87,87,87,87,87,87,87,87,87,87,87,87,87,87,87,87,87,87,87,87,87,87,87,87,87,87,87,87,87,87,87,87,87,87,87,87],"card_choices":[{"not_picked":["True Grit","Armaments"],"picked":"Flame Barrier","floor":1.0},{"not_picked":["Bloodletting","Flex"],"picked":"Pommel Strike","floor":3.0},{"not_picked":["Anger","Entrench","Infernal Blade"],"picked":"SKIP","floor":5.0},{"not_picked":["Armaments","Thunderclap","Battle Trance"],"picked":"SKIP","floor":7.0},{"not_picked":["Anger","Metallicize","Iron Wave"],"picked":"SKIP","floor":11.0},{"not_picked":["Immolate","Flex","Rupture"],"picked":"SKIP","floor":12.0},{"not_picked":["Heavy Blade","Iron Wave"],"picked":"Cleave","floor":13.0},{"not_picked":["Clothesline","Iron Wave+1","Armaments+1"],"picked":"SKIP","floor":18.0},{"not_picked":["Pommel Strike","Perfected Strike"],"picked":"Shrug It Off+1","floor":27.0},{"not_picked":["Thunderclap","True Grit","Heavy Blade+1"],"picked":"SKIP","floor":29.0},{"not_picked":["Blood for Blood+1","Sword Boomerang+1","Warcry"],"picked":"SKIP","floor":30.0},{"not_picked":["Rage","Warcry+1","Intimidate+1"],"picked":"SKIP","floor":31.0},{"not_picked":["Power Through","Cleave+1"],"picked":"Ghostly Armor+1","floor":35.0},{"not_picked":["Shrug It Off","Heavy Blade","Iron Wave"],"picked":"SKIP","floor":38.0},{"not_picked":["Perfected Strike","Second Wind","Warcry+1"],"picked":"SKIP","floor":41.0},{"not_picked":["Havoc","Pommel Strike"],"picked":"Inflame","floor":42.0}],"player_experience":488640,"relics_obtained":[{"floor":4.0,"key":"Strawberry"},{"floor":9.0,"key":"Juzu Bracelet"},{"floor":13.0,"key":"Dream Catcher"},{"floor":26.0,"key":"Orichalcum"},{"floor":42.0,"key":"Shovel"},{"floor":43.0,"key":"Dodecahedron"}],"event_choices":[{"damage_healed":0.0,"max_hp_gain":0.0,"max_hp_loss":0.0,"gold_gain":0.0,"event_name":"Golden Idol","player_choice":"Take Damage","floor":2.0,"gold_loss":0.0,"damage_taken":20.0,"relics_obtained":["Golden Idol"]},{"damage_healed":0.0,"max_hp_gain":0.0,"max_hp_loss":0.0,"gold_gain":70.0,"event_name":"Golden Wing","player_choice":"Gained Gold","floor":14.0,"gold_loss":0.0,"damage_taken":0.0},{"damage_healed":0.0,"max_hp_gain":0.0,"max_hp_loss":0.0,"gold_gain":0.0,"event_name":"Wheel of Change","player_choice":"Damaged","floor":19.0,"gold_loss":0.0,"damage_taken":8.0},{"damage_healed":0.0,"max_hp_gain":0.0,"max_hp_loss":0.0,"gold_gain":0.0,"event_name":"Drug Dealer","player_choice":"Inject Mutagens","floor":20.0,"gold_loss":0.0,"damage_taken":0.0,"relics_obtained":["MutagenicStrength"]},{"damage_healed":0.0,"max_hp_gain":0.0,"max_hp_loss":0.0,"gold_gain":99.0,"event_name":"Nest","player_choice":"Stole From Cult","floor":21.0,"gold_loss":0.0,"damage_taken":0.0},{"cards_removed":["Strike_R"],"damage_healed":0.0,"max_hp_gain":0.0,"max_hp_loss":0.0,"gold_gain":0.0,"event_name":"Beggar","player_choice":"Gave Gold","floor":22.0,"gold_loss":75.0,"damage_taken":0.0},{"cards_removed":["Defend_R"],"damage_healed":0.0,"max_hp_gain":0.0,"max_hp_loss":0.0,"gold_gain":0.0,"event_name":"Purifier","player_choice":"Purged","floor":36.0,"gold_loss":0.0,"damage_taken":0.0},{"damage_healed":0.0,"max_hp_gain":0.0,"max_hp_loss":0.0,"gold_gain":0.0,"event_name":"Mysterious Sphere","player_choice":"Fight","floor":42.0,"gold_loss":0.0,"damage_taken":0.0},{"damage_healed":0.0,"max_hp_gain":0.0,"max_hp_loss":0.0,"gold_gain":0.0,"event_name":"FaceTrader","player_choice":"Leave","floor":44.0,"gold_loss":0.0,"damage_taken":0.0},{"cards_removed":["Strike_R"],"damage_healed":0.0,"max_hp_gain":0.0,"max_hp_loss":0.0,"gold_gain":0.0,"event_name":"Falling","player_choice":"Removed Attack","floor":45.0,"gold_loss":0.0,"damage_taken":0.0}],"is_beta":false,"boss_relics":[{"not_picked":["Cursed Key","Runic Cube"],"picked":"Coffee Dripper"},{"not_picked":["Runic Dome","Mark of Pain"],"picked":"Eternal Feather"}],"items_purged_floors":[24],"is_endless":false,"potions_floor_spawned":[5,7,13,16,18,29,41],"killed_by":"Writhing Mass","ascension_level":3}