{"gold_per_floor":[112,112,77,97,97,97,140,140,140,140,159,203,226,170,170,170],"floor_reached":16,"playtime":371,"items_purged":[],"score":266,"play_id":"1ea72f98-9ca5-4605-9041-c8153c53eac7","local_time":"20190421113029","is_ascension_mode":true,"campfire_choices":[{"data":"Cloak And Dagger","floor":6,"key":"SMITH"},{"data":"Neutralize","floor":8,"key":"SMITH"},{"data":"Deadly Poison","floor":15,"key":"SMITH"}],"neow_cost":"NONE","seed_source_timestamp":652392628192678,"circlet_count":0,"master_deck":["AscendersBane","Defend_G","Defend_G","Defend_G+1","Defend_G","Defend_G+1","Strike_G","Strike_G","Strike_G","Strike_G","Survivor","Neutralize+1","Cloak And Dagger+1","Leg Sweep","Deadly Poison+1","Dash","Poisoned Stab","PiercingWail"],"relics":["Ring of the Snake","NeowsBlessing","Golden Idol","Pantograph","Shuriken","StoneCalendar"],"potions_floor_usage":[7],"damage_taken":[{"damage":0,"enemies":"Small Slimes","floor":1,"turns":1},{"damage":0,"enemies":"Jaw Worm","floor":4,"turns":1},{"damage":0,"enemies":"3 Sentries","floor":7,"turns":1},{"damage":2,"enemies":"2 Louse","floor":11,"turns":3},{"damage":35,"enemies":"Gremlin Nob","floor":12,"turns":4},{"damage":1,"enemies":"Exordium Wildlife","floor":13,"turns":6},{"damage":37,"enemies":"Slime Boss","floor":16,"turns":6}],"seed_played":"5433838625206252459","potions_obtained":[{"floor":1,"key":"Strength Potion"}],"is_trial":false,"path_per_floor":["M","?","?","M","?","R","E","R","T","?","M","E","M","$","R","B"],"character_chosen":"THE_SILENT","items_purchased":["PiercingWail"],"campfire_rested":0,"item_purchase_floors":[14],"current_hp_per_floor":[59,39,55,55,55,55,55,55,55,48,46,11,10,10,10,0],"gold":170,"neow_bonus":"THREE_ENEMY_KILL","is_prod":false,"is_daily":false,"chose_seed":false,"campfire_upgraded":3,"win_rate":0,"timestamp":1555867829,"path_taken":["M","?","?","M","?","R","E","R","T","?","M","E","M","$","R","BOSS"],"build_version":"2019-01-23","purchased_purges":0,"victory":false,"max_hp_per_floor":[66,66,66,66,60,60,60,60,60,60,60,60,60,60,60,60],"card_choices":[{"not_picked":["Underhanded Strike","Blur"],"picked":"Cloak And Dagger","floor":1},{"not_picked":["Choke","Eviscerate"],"picked":"Leg Sweep","floor":4},{"not_picked":["Deflect","Catalyst"],"picked":"Deadly Poison","floor":7},{"not_picked":["Blade Dance","Sucker Punch","Underhanded Strike"],"picked":"SKIP","floor":11},{"not_picked":["Underhanded Strike","Noxious Fumes"],"picked":"Dash","floor":12},{"not_picked":["Blade Dance","Terror"],"picked":"Poisoned Stab","floor":13}],"player_experience":482296,"relics_obtained":[{"floor":7,"key":"Pantograph"},{"floor":9,"key":"Shuriken"},{"floor":12,"key":"StoneCalendar"}],"event_choices":[{"damage_healed":0,"gold_gain":0,"player_choice":"Entered Light","damage_taken":20,"max_hp_gain":0,"max_hp_loss":0,"event_name":"Shining Light","floor":2,"gold_loss":0,"cards_upgraded":["Defend_G","Defend_G"]},{"damage_healed":16,"gold_gain":0,"player_choice":"Healed","damage_taken":0,"max_hp_gain":0,"max_hp_loss":0,"event_name":"The Cleric","floor":3,"gold_loss":35},{"damage_healed":0,"gold_gain":0,"player_choice":"Lose Max HP","damage_taken":0,"relics_obtained":["Golden Idol"],"max_hp_gain":0,"max_hp_loss":6,"event_name":"Golden Idol","floor":5,"gold_loss":0},{"cards_removed":["Strike_G"],"damage_healed":0,"gold_gain":0,"player_choice":"Card Removal","damage_taken":7,"max_hp_gain":0,"max_hp_loss":0,"event_name":"Golden Wing","floor":10,"gold_loss":0}],"is_beta":false,"boss_relics":[],"items_purged_floors":[],"is_endless":false,"potions_floor_spawned":[1],"killed_by":"Slime Boss","ascension_level":20}