{"gold_per_floor":[117,135,149,149,169,202,214,258,270,298,28,44,70,70],"floor_reached":14,"playtime":2380,"items_purged":[],"score":102,"play_id":"c8aff5d4-539b-4004-9f77-88571209ff6d","local_time":"20190601140248","is_ascension_mode":false,"campfire_choices":[{"floor":7,"key":"REST"}],"neow_cost":"PERCENT_DAMAGE","seed_source_timestamp":233940462659848,"circlet_count":0,"master_deck":["Strike_R","Strike_R","Strike_R","Defend_R","Defend_R","Defend_R","Bash","Shrug It Off","Dark Embrace","Flex","Anger","Flame Barrier","Uppercut","Warcry","Clash","Anger","Metallicize","Good Instincts","Spot Weakness","Clash"],"relics":["Burning Blood","MawBank","Bronze Scales","Lantern","Odd Mushroom"],"potions_floor_usage":[8,14],"damage_taken":[{"damage":6,"enemies":"Jaw Worm","floor":1,"turns":5},{"damage":9,"enemies":"Cultist","floor":2,"turns":4},{"damage":0,"enemies":"Small Slimes","floor":3,"turns":2},{"damage":4,"enemies":"3 Louse","floor":5,"turns":3},{"damage":50,"enemies":"3 Sentries","floor":6,"turns":15},{"damage":13,"enemies":"Lagavulin","floor":8,"turns":5},{"damage":5,"enemies":"Large Slime","floor":10,"turns":5},{"damage":3,"enemies":"Gremlin Gang","floor":12,"turns":3},{"damage":18,"enemies":"The Mushroom Lair","floor":13,"turns":4},{"damage":28,"enemies":"3 Sentries","floor":14,"turns":6}],"seed_played":"-552464315384167407","potions_obtained":[{"floor":2,"key":"GamblersBrew"},{"floor":3,"key":"LiquidBronze"},{"floor":6,"key":"PowerPotion"},{"floor":13,"key":"FearPotion"}],"is_trial":false,"path_per_floor":["?","M","?"],"character_chosen":"IRONCLAD","items_purchased":["Lantern","Metallicize","Good Instincts"],"campfire_rested":1,"item_purchase_floors":[11,11,11],"current_hp_per_floor":[56,53,59,59,61,17,41,34,34,35,35,38,26,0],"gold":70,"neow_bonus":"TRANSFORM_TWO_CARDS","is_prod":false,"is_daily":false,"chose_seed":false,"campfire_upgraded":0,"win_rate":0,"timestamp":1559426568,"path_taken":["M","M","M","?","M","E","R","E","T","M","$","?","?","E"],"build_version":"2019-01-23","purchased_purges":0,"victory":false,"max_hp_per_floor":[80,80,80,80,80,80,80,80,80,80,80,80,80,80],"card_choices":[{"not_picked":["Heavy Blade","Rupture"],"picked":"Flex","floor":1},{"not_picked":["Intimidate","Clothesline"],"picked":"Anger","floor":2},{"not_picked":["Searing Blow","Burning Pact"],"picked":"Flame Barrier","floor":3},{"not_picked":["Flex","Headbutt"],"picked":"Uppercut","floor":5},{"not_picked":["Sever Soul","Body Slam"],"picked":"Warcry","floor":6},{"not_picked":["Flex","Pummel"],"picked":"Clash","floor":8},{"not_picked":["Uppercut","True Grit"],"picked":"Anger","floor":10},{"not_picked":["Armaments","Hemokinesis"],"picked":"Spot Weakness","floor":12},{"not_picked":["Dark Embrace","Corruption"],"picked":"Clash","floor":13}],"player_experience":39789,"relics_obtained":[{"floor":6,"key":"MawBank"},{"floor":8,"key":"Bronze Scales"},{"floor":13,"key":"Odd Mushroom"}],"event_choices":[{"cards_removed":["Strike_R"],"damage_healed":0,"gold_gain":0,"player_choice":"Purged","damage_taken":0,"max_hp_gain":0,"max_hp_loss":0,"event_name":"Purifier","floor":4,"gold_loss":0},{"damage_healed":0,"gold_gain":0,"player_choice":"Fought Mushrooms","damage_taken":0,"max_hp_gain":0,"max_hp_loss":0,"event_name":"Mushrooms","floor":13,"gold_loss":0}],"is_beta":false,"boss_relics":[],"items_purged_floors":[],"is_endless":false,"potions_floor_spawned":[2,3,6,13],"killed_by":"3 Sentries","ascension_level":0}