{"gold_per_floor":[114,129,129,149,167,167,193,210,233,265,278,378,363,396,396,396],"floor_reached":16,"playtime":1423,"items_purged":[],"score":180,"play_id":"217436bb-8fb6-4ef6-84a0-e956e43f0a88","local_time":"20190330210804","is_ascension_mode":true,"campfire_choices":[{"data":"Zap","floor":6,"key":"SMITH"},{"data":"Double Energy","floor":15,"key":"SMITH"}],"neow_cost":"NONE","seed_source_timestamp":0,"circlet_count":0,"master_deck":["Strike_B","Strike_B","Strike_B","Strike_B","Defend_B","Defend_B","Defend_B","Zap+1","Dualcast","Blind","Hologram","Glacier","Tempest","Self Repair","Auto Shields","Machine Learning","Reinforced Body","Stack","Streamline","Double Energy+1"],"special_seed":0,"relics":["Cracked Core","Ornamental Fan","Happy Flower","Boot"],"potions_floor_usage":[10,14],"damage_taken":[{"damage":2,"enemies":"Jaw Worm","floor":1,"turns":4},{"damage":1,"enemies":"Cultist","floor":2,"turns":4},{"damage":11,"enemies":"Small Slimes","floor":4,"turns":3},{"damage":3,"enemies":"Red Slaver","floor":5,"turns":4},{"damage":19,"enemies":"Gremlin Nob","floor":7,"turns":4},{"damage":8,"enemies":"Blue Slaver","floor":8,"turns":4},{"damage":16,"enemies":"Lagavulin","floor":10,"turns":8},{"damage":0,"enemies":"2 Fungi Beasts","floor":11,"turns":4},{"damage":10,"enemies":"Exordium Thugs","floor":13,"turns":5},{"damage":7,"enemies":"Gremlin Nob","floor":14,"turns":4},{"damage":27,"enemies":"Hexaghost","floor":16,"turns":15}],"seed_played":"8619627286616512401","potions_obtained":[{"floor":7,"key":"AttackPotion"},{"floor":11,"key":"FocusPotion"},{"floor":13,"key":"SteroidPotion"},{"floor":14,"key":"SteroidPotion"}],"is_trial":false,"path_per_floor":["M","M","?","M","M","R","E","M","T","E","M","?","M","E","R","B"],"character_chosen":"DEFECT","items_purchased":[],"campfire_rested":0,"item_purchase_floors":[],"current_hp_per_floor":[66,65,65,54,51,51,39,38,38,29,36,36,26,26,26,0],"gold":396,"neow_bonus":"RANDOM_COLORLESS","is_prod":false,"is_daily":false,"chose_seed":false,"campfire_upgraded":2,"win_rate":0,"timestamp":1554001684,"path_taken":["M","M","?","M","M","R","E","M","T","E","?","?","?","E","R","BOSS"],"build_version":"2019-01-23","purchased_purges":0,"victory":false,"max_hp_per_floor":[75,75,75,75,75,75,75,75,75,75,75,75,75,75,75,75],"card_choices":[{"not_picked":["Coolheaded","Redo"],"picked":"Hologram","floor":1},{"not_picked":["FTL","Gash"],"picked":"Glacier","floor":2},{"not_picked":["Fusion","Stack"],"picked":"Tempest","floor":4},{"not_picked":["Redo","Aggregate"],"picked":"Self Repair","floor":5},{"not_picked":["Stack","Barrage"],"picked":"Auto Shields","floor":7},{"not_picked":["Stack","Leap"],"picked":"Machine Learning","floor":8},{"not_picked":["Conserve Battery","Tempest"],"picked":"Reinforced Body","floor":10},{"not_picked":["Redo","Storm"],"picked":"Stack","floor":11},{"not_picked":["Gash","Redo"],"picked":"Streamline","floor":13},{"not_picked":["Streamline","Leap"],"picked":"Double Energy","floor":14}],"player_experience":514296,"relics_obtained":[{"floor":7,"key":"Ornamental Fan"},{"floor":10,"key":"Happy Flower"},{"floor":14,"key":"Boot"}],"event_choices":[{"cards_removed":["Defend_B"],"damage_healed":0,"gold_gain":0,"player_choice":"Offered Basic","damage_taken":0,"max_hp_gain":0,"max_hp_loss":0,"event_name":"Bonfire Elementals","floor":3,"gold_loss":0},{"damage_healed":0,"gold_gain":100,"player_choice":"Pray","damage_taken":0,"max_hp_gain":0,"max_hp_loss":0,"event_name":"Golden Shrine","floor":12,"gold_loss":0}],"is_beta":false,"boss_relics":[],"items_purged_floors":[],"is_endless":false,"potions_floor_spawned":[7,11,13,14],"killed_by":"Hexaghost","ascension_level":9}