{"gold_per_floor":[210,228,245,6,6,37,37,37,37,70,70,70,86,120,120,197,197,213,225,150,169,180,210,210,224,224,249,261,273,285,352,364,454,466,493,518,313,313,337,367,378,407,432,432,18,35,62,62,62,62,62,62,62,12,42,42],"floor_reached":57,"playtime":2344,"items_purged":["Strike_R","Berserk+1","Hemokinesis","Iron Wave"],"score":3082,"play_id":"a3aa264d-8373-4914-b467-547cb8c993ed","local_time":"20190610004559","is_ascension_mode":true,"campfire_choices":[{"data":"Demon Form","floor":8.0,"key":"SMITH"},{"floor":11.0,"key":"REST"},{"data":"Offering","floor":15.0,"key":"SMITH"},{"floor":24.0,"key":"DIG"},{"floor":28.0,"key":"DIG"},{"floor":32.0,"key":"DIG"},{"floor":49.0,"key":"RECALL"},{"floor":53.0,"key":"DIG"}],"neow_cost":"NONE","seed_source_timestamp":3361573895555,"circlet_count":0,"master_deck":["AscendersBane","Defend_R","Defend_R","Defend_R","Defend_R","Bash","Whirlwind","Demon Form+1","Flame Barrier","Sword Boomerang+1","Offering+1","Limit Break","Reaper+1","Corruption","Dual Wield+1","Heavy Blade+1","True Grit+1","Pommel Strike+1","Dark Embrace","Offering","Fire Breathing+1","Infernal Blade+1","Disarm","Shrug It Off","Dual Wield","Pommel Strike+1","Evolve+1","True Grit+1"],"special_seed":0,"relics":["Burning Blood","Shovel","Molten Egg 2","Orichalcum","Mercury Hourglass","Snecko Eye","Pen Nib","Pantograph","Paper Frog","MawBank","Mummified Hand","Tiny Chest","The Courier","Astrolabe","Bag of Preparation","Letter Opener","Turnip","Bottled Lightning","Smiling Mask","Red Skull","Centennial Puzzle","Blue Candle","Pear","Vajra"],"potions_floor_usage":[56,56],"damage_taken":[{"damage":10.0,"enemies":"2 Louse","floor":1.0,"turns":3.0},{"damage":16.0,"enemies":"Jaw Worm","floor":2.0,"turns":4.0},{"damage":1.0,"enemies":"Cultist","floor":3.0,"turns":3.0},{"damage":22.0,"enemies":"Gremlin Nob","floor":6.0,"turns":4.0},{"damage":21.0,"enemies":"Lagavulin","floor":10.0,"turns":6.0},{"damage":14.0,"enemies":"Exordium Wildlife","floor":13.0,"turns":6.0},{"damage":11.0,"enemies":"Gremlin Nob","floor":14.0,"turns":3.0},{"damage":9.0,"enemies":"Slime Boss","floor":16.0,"turns":4.0},{"damage":21.0,"enemies":"Chosen","floor":18.0,"turns":4.0},{"damage":6.0,"enemies":"Spheric Guardian","floor":19.0,"turns":3.0},{"damage":48.0,"enemies":"Shelled Parasite and Fungi","floor":21.0,"turns":4.0},{"damage":32.0,"enemies":"Snake Plant","floor":22.0,"turns":4.0},{"damage":17.0,"enemies":"Gremlin Leader","floor":23.0,"turns":5.0},{"damage":25.0,"enemies":"Centurion and Healer","floor":25.0,"turns":6.0},{"damage":58.0,"enemies":"Slavers","floor":27.0,"turns":5.0},{"damage":11.0,"enemies":"Gremlin Leader","floor":31.0,"turns":6.0},{"damage":19.0,"enemies":"Champ","floor":33.0,"turns":7.0},{"damage":30.0,"enemies":"Orb Walker","floor":35.0,"turns":4.0},{"damage":16.0,"enemies":"3 Shapes","floor":36.0,"turns":4.0},{"damage":12.0,"enemies":"Reptomancer","floor":40.0,"turns":2.0},{"damage":30.0,"enemies":"Writhing Mass","floor":41.0,"turns":4.0},{"damage":52.0,"enemies":"Nemesis","floor":42.0,"turns":5.0},{"damage":7.0,"enemies":"Jaw Worm Horde","floor":46.0,"turns":4.0},{"damage":12.0,"enemies":"Reptomancer","floor":47.0,"turns":4.0},{"damage":127.0,"enemies":"Awakened One","floor":50.0,"turns":8.0},{"damage":42.0,"enemies":"Donu and Deca","floor":51.0,"turns":4.0},{"damage":12,"enemies":"Shield and Spear","floor":55,"turns":2},{"damage":113,"enemies":"The Heart","floor":56,"turns":6}],"seed_played":"-1469399370470269169","potions_obtained":[{"floor":1.0,"key":"AttackPotion"},{"floor":2.0,"key":"Ancient Potion"},{"floor":6.0,"key":"Swift Potion"},{"floor":19.0,"key":"Strength Potion"},{"floor":21.0,"key":"Fire Potion"},{"floor":27.0,"key":"Energy Potion"},{"floor":42.0,"key":"EntropicBrew"},{"floor":46.0,"key":"FearPotion"}],"is_trial":false,"path_per_floor":["M","M","M","$","?","E","$","R","T","E","R","$","M","E","R","B",null,"M","M","$","M","M","E","R","M","T","E","R","?","?","E","R","B",null,"M","M","$","T","T","E","M","E","T","?","$","M","E","?","R","B","B",null,"R","$","E","B",null],"character_chosen":"IRONCLAD","items_purchased":["Demon Form","Hemokinesis","Bag of Preparation","Red Skull","Shrug It Off","Dual Wield","Pommel Strike+1","Centennial Puzzle"],"campfire_rested":1,"item_purchase_floors":[4,4,37,45,45,45,45,45],"current_hp_per_floor":[64,54,59,59,59,43,43,43,43,28,50,50,42,37,37,34,65,58,58,58,37,42,69,69,75,75,75,75,75,75,70,70,75,75,51,60,60,60,60,75,75,29,29,29,29,75,75,75,75,75,75,75,85,85,85,40],"gold":42,"neow_bonus":"HUNDRED_GOLD","is_prod":false,"is_daily":false,"chose_seed":false,"campfire_upgraded":2,"win_rate":0,"timestamp":1560098759,"path_taken":["M","M","M","$","?","E","$","R","T","E","R","$","M","E","R","BOSS","M","M","$","M","M","E","R","M","T","E","R","?","?","E","R","BOSS","M","M","$","?","?","E","?","E","T","?","$","M","E","?","R","BOSS","BOSS","R","$","E","BOSS"],"build_version":"2019-01-23","purchased_purges":4,"victory":true,"max_hp_per_floor":[75,75,75,75,75,75,75,75,75,75,75,75,75,75,75,75,75,75,75,75,75,75,75,75,75,75,75,75,75,75,75,75,75,75,75,75,75,75,75,75,75,75,75,75,75,75,75,75,75,75,75,75,85,85,85,85],"card_choices":[{"not_picked":["Uppercut","Bloodletting"],"picked":"Whirlwind","floor":1.0},{"not_picked":["Twin Strike","Shrug It Off"],"picked":"Iron Wave","floor":2.0},{"not_picked":["Burning Pact","Power Through","Body Slam"],"picked":"SKIP","floor":3.0},{"not_picked":["Pommel Strike","Cleave"],"picked":"Flame Barrier","floor":6.0},{"not_picked":["Iron Wave+1","Havoc"],"picked":"Sword Boomerang+1","floor":10.0},{"not_picked":["Uppercut+1","Clash+1"],"picked":"Offering","floor":13.0},{"not_picked":["Clash+1","Ghostly Armor"],"picked":"Limit Break","floor":14.0},{"not_picked":["Bludgeon+1","Immolate+1"],"picked":"Reaper+1","floor":16.0},{"not_picked":["Hemokinesis+1","Uppercut+1"],"picked":"Corruption","floor":18.0},{"not_picked":["Reckless Charge+1","Thunderclap+1","Body Slam+1"],"picked":"SKIP","floor":19.0},{"not_picked":["Clash+1","Iron Wave+1"],"picked":"Dual Wield+1","floor":21.0},{"not_picked":["Combust+1","True Grit"],"picked":"Heavy Blade+1","floor":22.0},{"not_picked":["Wild Strike+1","Headbutt+1"],"picked":"True Grit+1","floor":23.0},{"not_picked":["Dual Wield","Seeing Red"],"picked":"Pommel Strike+1","floor":25.0},{"not_picked":["Havoc","Power Through+1"],"picked":"Dark Embrace","floor":27.0},{"not_picked":["Cleave+1","Armaments","Second Wind"],"picked":"SKIP","floor":31.0},{"not_picked":["Fiend Fire+1","Demon Form"],"picked":"Offering","floor":33.0},{"not_picked":["Perfected Strike+1","True Grit+1"],"picked":"Disarm","floor":35.0},{"not_picked":["Warcry","Clash+1","Thunderclap+1"],"picked":"SKIP","floor":36.0},{"not_picked":["Clothesline+1","Battle Trance","Double Tap"],"picked":"SKIP","floor":40.0},{"not_picked":["Wild Strike+1","Perfected Strike+1","Spot Weakness+1"],"picked":"SKIP","floor":41.0},{"not_picked":["Anger+1","Rampage+1","Flex"],"picked":"SKIP","floor":42.0},{"not_picked":["Armaments+1","Flex+1","Clash+1"],"picked":"SKIP","floor":46.0},{"not_picked":["Blood for Blood+1","Twin Strike+1"],"picked":"Evolve+1","floor":47.0},{"not_picked":["Clothesline+1","Dark Embrace"],"picked":"True Grit+1","floor":55}],"player_experience":1208940,"relics_obtained":[{"floor":6.0,"key":"Shovel"},{"floor":9.0,"key":"Molten Egg 2"},{"floor":10.0,"key":"Orichalcum"},{"floor":14.0,"key":"Mercury Hourglass"},{"floor":23.0,"key":"Pen Nib"},{"floor":24.0,"key":"Pantograph"},{"floor":26.0,"key":"Paper Frog"},{"floor":27.0,"key":"MawBank"},{"floor":28.0,"key":"Mummified Hand"},{"floor":31.0,"key":"Tiny Chest"},{"floor":32.0,"key":"The Courier"},{"floor":38.0,"key":"Letter Opener"},{"floor":40.0,"key":"Turnip"},{"floor":42.0,"key":"Bottled Lightning"},{"floor":43.0,"key":"Smiling Mask"},{"floor":47.0,"key":"Blue Candle"},{"floor":53.0,"key":"Pear"},{"floor":55,"key":"Vajra"}],"event_choices":[{"damage_healed":0.0,"max_hp_gain":0.0,"max_hp_loss":0.0,"gold_gain":0.0,"event_name":"The Cleric","player_choice":"Leave","floor":5.0,"gold_loss":0.0,"damage_taken":0.0},{"damage_healed":0.0,"max_hp_gain":0.0,"max_hp_loss":0.0,"gold_gain":0.0,"event_name":"Vampires","player_choice":"Ignored","floor":29.0,"gold_loss":0.0,"damage_taken":0.0},{"cards_removed":["Strike_R"],"damage_healed":0.0,"max_hp_gain":0.0,"max_hp_loss":0.0,"gold_gain":0.0,"event_name":"Bonfire Elementals","player_choice":"Offered Basic","floor":30.0,"gold_loss":0.0,"damage_taken":0.0},{"damage_healed":0.0,"max_hp_gain":0.0,"max_hp_loss":0.0,"gold_gain":0.0,"event_name":"The Moai Head","player_choice":"Ignored","floor":44.0,"gold_loss":0.0,"damage_taken":0.0},{"damage_healed":0.0,"max_hp_gain":0.0,"max_hp_loss":0.0,"gold_gain":0.0,"event_name":"SensoryStone","player_choice":"Memory 1","floor":48.0,"gold_loss":0.0,"damage_taken":0.0}],"is_beta":false,"boss_relics":[{"not_picked":["Runic Pyramid","Philosopher\u0027s Stone"],"picked":"Snecko Eye"},{"not_picked":["Orrery","Calling Bell"],"picked":"Astrolabe"}],"items_purged_floors":[20,37,45,54],"is_endless":false,"potions_floor_spawned":[1,2,6,19,21,27,31,33,41,42,46],"ascension_level":20}