{"gold_per_floor":[111,6,6,20,20,46,46,79,79,126,155,127,159,187,199,312,324,324,13,0,0,0,0,0,0,0,0,0,0,0,0,0,0,0,0,0,0,0,0,0,0,0,0,0,0,0,0,0,0,0],"floor_reached":51,"playtime":3983,"items_purged":[],"score":1074,"play_id":"6accc930-83d5-421d-84de-6f4643811359","local_time":"20190609195120","is_ascension_mode":true,"campfire_choices":[{"data":"Cloak And Dagger","floor":7.0,"key":"SMITH"},{"floor":15.0,"key":"REST"},{"data":"Burst","floor":30.0,"key":"SMITH"},{"data":"Bouncing Flask","floor":32.0,"key":"SMITH"},{"data":"Glass Knife","floor":40.0,"key":"SMITH"},{"data":"Dodge and Roll","floor":44.0,"key":"SMITH"},{"data":"Well Laid Plans","floor":47.0,"key":"SMITH"},{"data":"Backflip","floor":49.0,"key":"SMITH"}],"neow_cost":"NONE","seed_source_timestamp":0,"circlet_count":0,"master_deck":["Defend_G","Defend_G","Defend_G","Defend_G","Defend_G","Survivor","Neutralize+1","Well Laid Plans+1","Footwork+1","Dagger Throw","Cloak And Dagger+1","Heel Hook","Glass Knife+1","Bouncing Flask+1","Dodge and Roll+1","After Image+1","Dodge and Roll+1","Dagger Spray","Dagger Throw+1","Flying Knee+1","Burst+1","After Image+1","Terror+1","Distraction+1","Escape Plan+1","PiercingWail+1","Backflip+1","Backflip+1","Dodge and Roll+1"],"special_seed":0,"relics":["Ring of the Snake","Singing Bowl","Bag of Preparation","MawBank","Frozen Egg 2","Ectoplasm","Thread and Needle","Orichalcum","Blood Vial","Pen Nib","Astrolabe","Red Mask","Oddly Smooth Stone","Anchor","Ornamental Fan"],"potions_floor_usage":[],"damage_taken":[{"damage":0.0,"enemies":"Jaw Worm","floor":1.0,"turns":5.0},{"damage":0.0,"enemies":"Small Slimes","floor":4.0,"turns":4.0},{"damage":25.0,"enemies":"Lagavulin","floor":6.0,"turns":11.0},{"damage":2.0,"enemies":"3 Sentries","floor":8.0,"turns":11.0},{"damage":15.0,"enemies":"Lagavulin","floor":10.0,"turns":7.0},{"damage":0.0,"enemies":"Cultist","floor":11.0,"turns":3.0},{"damage":0.0,"enemies":"2 Fungi Beasts","floor":13.0,"turns":3.0},{"damage":0.0,"enemies":"Large Slime","floor":14.0,"turns":7.0},{"damage":2.0,"enemies":"Hexaghost","floor":16.0,"turns":9.0},{"damage":0.0,"enemies":"Shell Parasite","floor":18.0,"turns":6.0},{"damage":1.0,"enemies":"2 Thieves","floor":20.0,"turns":5.0},{"damage":0.0,"enemies":"Chosen and Byrds","floor":22.0,"turns":11.0},{"damage":0.0,"enemies":"Book of Stabbing","floor":23.0,"turns":8.0},{"damage":14.0,"enemies":"Gremlin Leader","floor":27.0,"turns":9.0},{"damage":0.0,"enemies":"Snecko","floor":28.0,"turns":6.0},{"damage":0.0,"enemies":"Centurion and Healer","floor":29.0,"turns":8.0},{"damage":0.0,"enemies":"Shelled Parasite and Fungi","floor":31.0,"turns":6.0},{"damage":8.0,"enemies":"Automaton","floor":33.0,"turns":10.0},{"damage":0.0,"enemies":"Orb Walker","floor":35.0,"turns":4.0},{"damage":0.0,"enemies":"3 Darklings","floor":37.0,"turns":7.0},{"damage":0.0,"enemies":"Maw","floor":38.0,"turns":7.0},{"damage":1.0,"enemies":"Nemesis","floor":42.0,"turns":9.0},{"damage":0.0,"enemies":"Giant Head","floor":45.0,"turns":8.0},{"damage":0.0,"enemies":"Sphere and 2 Shapes","floor":46.0,"turns":7.0},{"damage":0.0,"enemies":"3 Darklings","floor":48.0,"turns":7.0},{"damage":31,"enemies":"Time Eater","floor":50,"turns":20}],"seed_played":"-4673564917220109596","potions_obtained":[{"floor":1.0,"key":"Dexterity Potion"},{"floor":8.0,"key":"SteroidPotion"},{"floor":12.0,"key":"Energy Potion"},{"floor":12.0,"key":"GhostInAJar"},{"floor":12.0,"key":"Poison Potion"},{"floor":14.0,"key":"Block Potion"},{"floor":20.0,"key":"PowerPotion"},{"floor":23.0,"key":"SkillPotion"},{"floor":27.0,"key":"FairyPotion"},{"floor":31.0,"key":"Weak Potion"},{"floor":37.0,"key":"GhostInAJar"},{"floor":46.0,"key":"Block Potion"}],"is_trial":false,"path_per_floor":["M","$","?","M","?","E","R","E","T","E","M","?","M","M","R","B",null,"M","$","M","?","M","E","$","?","T","E","M","M","R","M","R","B",null,"M","?","M","M","?","R","?","E","T","R","E","M","R","M","R","B",null],"character_chosen":"THE_SILENT","items_purchased":["Footwork","Dagger Throw","Thread and Needle"],"campfire_rested":1,"item_purchase_floors":[2,2,19],"current_hp_per_floor":[63,63,63,63,56,31,31,29,29,14,14,14,16,16,37,35,63,63,63,64,64,64,66,66,66,66,54,56,58,58,62,62,56,73,75,75,79,82,78,78,78,77,77,77,78,78,78,78,78,47],"gold":0,"neow_bonus":"UPGRADE_CARD","is_prod":false,"is_daily":false,"chose_seed":false,"campfire_upgraded":7,"win_rate":1,"timestamp":1560127880,"path_taken":["M","$","?","M","?","E","R","E","T","E","M","?","?","M","R","BOSS","M","$","M","?","M","E","$","?","T","E","M","?","R","M","R","BOSS","M","?","M","M","?","R","?","E","T","R","E","?","R","M","R","BOSS"],"build_version":"2019-01-23","purchased_purges":0,"victory":true,"max_hp_per_floor":[70,70,70,70,70,70,70,70,70,70,70,70,72,72,72,72,72,72,72,74,74,74,76,76,76,76,76,76,76,76,78,78,78,78,78,78,80,82,78,78,78,78,78,78,78,78,78,78,78,78],"card_choices":[{"not_picked":["Dagger Spray","Heel Hook"],"picked":"Well Laid Plans","floor":1.0},{"not_picked":["Reflex","Quick Slash","Masterful Stab"],"picked":"SKIP","floor":4.0},{"not_picked":["Outmaneuver","Riddle With Holes"],"picked":"Cloak And Dagger","floor":6.0},{"not_picked":["Dagger Throw","PiercingWail"],"picked":"Heel Hook","floor":8.0},{"not_picked":["Finisher","Blur"],"picked":"Glass Knife","floor":10.0},{"not_picked":["Deflect","Blur"],"picked":"Bouncing Flask","floor":11.0},{"not_picked":["Riddle With Holes","Poisoned Stab","Deadly Poison"],"picked":"Singing Bowl","floor":13.0},{"not_picked":["Expertise","Dagger Throw"],"picked":"Dodge and Roll","floor":14.0},{"not_picked":["Envenom+1","Phantasmal Killer"],"picked":"After Image+1","floor":16.0},{"not_picked":["Reflex","Prepared"],"picked":"Dodge and Roll+1","floor":18.0},{"not_picked":["Choke","Underhanded Strike","Blade Dance"],"picked":"Singing Bowl","floor":20.0},{"not_picked":["Riddle With Holes","Cloak And Dagger"],"picked":"Dagger Spray","floor":22.0},{"not_picked":["Slice+1","Riddle With Holes+1","Blade Dance"],"picked":"Singing Bowl","floor":23.0},{"not_picked":["Dagger Spray","Outmaneuver"],"picked":"Dagger Throw+1","floor":27.0},{"not_picked":["Bane","Deadly Poison+1"],"picked":"Flying Knee+1","floor":28.0},{"not_picked":["Concentrate","Deflect"],"picked":"Burst","floor":29.0},{"not_picked":["Expertise+1","Dagger Spray","Slice"],"picked":"Singing Bowl","floor":31.0},{"not_picked":["Phantasmal Killer","Night Terror"],"picked":"After Image+1","floor":33.0},{"not_picked":["Backstab","Quick Slash+1"],"picked":"Escape Plan+1","floor":35.0},{"not_picked":["Sucker Punch","Predator","Flying Knee"],"picked":"Singing Bowl","floor":37.0},{"not_picked":["Deflect+1","Eviscerate+1","Wraith Form v2+1"],"picked":"Singing Bowl","floor":38.0},{"not_picked":["Outmaneuver","Well Laid Plans+1"],"picked":"PiercingWail+1","floor":42.0},{"not_picked":["Flying Knee","Dagger Throw"],"picked":"Backflip","floor":45.0},{"not_picked":["Deflect+1","Setup"],"picked":"Backflip+1","floor":46.0},{"not_picked":["Caltrops+1","Deadly Poison"],"picked":"Dodge and Roll+1","floor":48.0}],"player_experience":64411,"relics_obtained":[{"floor":6.0,"key":"Singing Bowl"},{"floor":8.0,"key":"Bag of Preparation"},{"floor":9.0,"key":"MawBank"},{"floor":10.0,"key":"Frozen Egg 2"},{"floor":23.0,"key":"Orichalcum"},{"floor":26.0,"key":"Blood Vial"},{"floor":27.0,"key":"Pen Nib"},{"floor":42.0,"key":"Oddly Smooth Stone"},{"floor":43.0,"key":"Anchor"},{"floor":45.0,"key":"Ornamental Fan"}],"event_choices":[{"damage_healed":0.0,"max_hp_gain":0.0,"max_hp_loss":0.0,"gold_gain":0.0,"event_name":"Living Wall","player_choice":"Grow","floor":3.0,"gold_loss":0.0,"damage_taken":0.0,"cards_upgraded":["Footwork"]},{"cards_removed":["Strike_G"],"damage_healed":0.0,"max_hp_gain":0.0,"max_hp_loss":0.0,"gold_gain":0.0,"event_name":"Golden Wing","player_choice":"Card Removal","floor":5.0,"gold_loss":0.0,"damage_taken":7.0},{"damage_healed":0.0,"max_hp_gain":0.0,"max_hp_loss":0.0,"gold_gain":0.0,"event_name":"The Woman in Blue","player_choice":"Bought 3 Potions","floor":12.0,"gold_loss":0.0,"damage_taken":0.0},{"cards_removed":["Strike_G"],"damage_healed":0.0,"max_hp_gain":0.0,"max_hp_loss":0.0,"gold_gain":0.0,"event_name":"Bonfire Elementals","player_choice":"Offered Basic","floor":25.0,"gold_loss":0.0,"damage_taken":0.0},{"damage_healed":0.0,"max_hp_gain":0.0,"max_hp_loss":0.0,"gold_gain":0.0,"event_name":"Tomb of Lord Red Mask","player_choice":"Paid","floor":36.0,"gold_loss":0.0,"damage_taken":0.0,"relics_obtained":["Red Mask"]},{"damage_healed":0.0,"max_hp_gain":0.0,"max_hp_loss":4.0,"gold_gain":0.0,"event_name":"Winding Halls","player_choice":"Max HP","floor":39.0,"gold_loss":0.0,"damage_taken":0.0},{"cards_removed":["Underhanded Strike"],"damage_healed":0.0,"max_hp_gain":0.0,"max_hp_loss":0.0,"gold_gain":0.0,"event_name":"Purifier","player_choice":"Purged","floor":41.0,"gold_loss":0.0,"damage_taken":0.0}],"is_beta":false,"boss_relics":[{"not_picked":["White Beast Statue","Orrery"],"picked":"Ectoplasm"},{"not_picked":["Runic Pyramid","Velvet Choker"],"picked":"Astrolabe"}],"items_purged_floors":[],"is_endless":false,"potions_floor_spawned":[1,8,14,20,23,27,31,37,38,46],"ascension_level":8}