{"path_per_floor":["M","M","M","M","?","E","R","E","T","E","M","$","R","M","R","B",null,"M","M","?","M","M","E","R","E","T","R","M","R","M","E","R"],"character_chosen":"THE_SILENT","items_purchased":["Question Card","Leg Sweep"],"gold_per_floor":[211,230,242,257,257,291,291,317,370,397,408,14,14,32,32,130,130,117,132,132,146,160,193,193,221,221,221,233,233,253,288,288,288],"floor_reached":33,"campfire_rested":3,"playtime":2028,"item_purchase_floors":[12,12],"current_hp_per_floor":[70,66,64,59,59,39,39,27,34,29,28,28,28,15,38,25,77,70,56,53,35,20,38,38,23,37,37,21,41,33,10,30,0],"items_purged":["Defend_G"],"gold":288,"score":370,"play_id":"0c45a9e5-e8d8-4b84-8b30-9c8040568eca","local_time":"20180601171640","is_prod":false,"is_daily":false,"chose_seed":false,"is_ascension_mode":true,"campfire_upgraded":4,"win_rate":0.0,"timestamp":1527837400,"campfire_choices":[{"data":"Noxious Fumes","floor":7,"key":"SMITH"},{"data":"Outmaneuver","floor":13,"key":"SMITH"},{"floor":15,"key":"REST"},{"data":"Outmaneuver","floor":24,"key":"SMITH"},{"data":"Tools of the Trade","floor":27,"key":"SMITH"},{"floor":29,"key":"REST"},{"floor":32,"key":"REST"}],"path_taken":["M","M","?","M","?","E","R","E","T","E","M","?","R","M","R","BOSS","M","M","?","M","M","E","R","E","T","R","M","R","M","E","R","BOSS"],"build_version":"2018-05-30v2","seed_source_timestamp":27501200498282,"purchased_purges":1,"victory":false,"master_deck":["Defend_G","Defend_G","Defend_G","Defend_G","Survivor","Neutralize+1","Slice","Noxious Fumes+1","Quick Slash","Escape Plan","Outmaneuver+1","Outmaneuver+1","Leg Sweep","Dash","Tools of the Trade+1","Heel Hook+1","Prepared","Bite","Bite","Bite","Bite","Bite","Dagger Throw+1","Glass Knife","Acrobatics","Deflect+1","Distraction","Tactician"],"max_hp_per_floor":[70,70,70,70,70,70,70,70,77,77,77,77,77,77,77,77,77,77,77,53,53,53,53,53,53,67,67,67,67,67,67,67,67],"relics":["Ring of the Snake","Whetstone","Bottled Flame","Strawberry","Bronze Scales","Question Card","Sozu","Gremlin Horn","Ancient Tea Set","Mango","Toolbox"],"card_choices":[{"not_picked":["Catalyst","Deadly Poison","Choke"],"picked":"SKIP","floor":1},{"not_picked":["Endless Agony","Deadly Poison"],"picked":"Slice","floor":2},{"not_picked":["Acrobatics","Sucker Punch"],"picked":"Noxious Fumes","floor":3},{"not_picked":["Deadly Poison","Flechettes"],"picked":"Quick Slash","floor":4},{"not_picked":["Choke","Sucker Punch"],"picked":"Escape Plan","floor":6},{"not_picked":["Dodge and Roll","Acrobatics","Deflect"],"picked":"SKIP","floor":8},{"not_picked":["Dagger Spray","Poisoned Stab"],"picked":"Outmaneuver","floor":10},{"not_picked":["Unload","Underhanded Strike"],"picked":"Outmaneuver","floor":11},{"not_picked":["Leg Sweep","PiercingWail","Choke"],"picked":"Dash","floor":14},{"not_picked":["Envenom","Burst","Doppelganger"],"picked":"Tools of the Trade","floor":16},{"not_picked":["Dagger Throw","Deflect","Dodge and Roll+1"],"picked":"Heel Hook+1","floor":18},{"not_picked":["Dagger Throw","Expertise","Slice"],"picked":"Prepared","floor":19},{"not_picked":["Dagger Spray","Noxious Fumes","Poisoned Stab"],"picked":"Dagger Throw+1","floor":21},{"not_picked":["Dagger Spray","Riddle With Holes","Dagger Throw"],"picked":"Glass Knife","floor":22},{"not_picked":["PiercingWail+1","Endless Agony","Caltrops"],"picked":"Acrobatics","floor":23},{"not_picked":["PiercingWail","Dodge and Roll","Reflex"],"picked":"Deflect+1","floor":25},{"not_picked":["Dagger Spray","Crippling Poison","Choke+1"],"picked":"Distraction","floor":28},{"not_picked":["Bouncing Flask","Flying Knee","Prepared","Deflect"],"picked":"SKIP","floor":30},{"not_picked":["Caltrops","Deflect","Poisoned Stab"],"picked":"Tactician","floor":31}],"player_experience":40130,"potions_floor_usage":[8,16,16,31],"damage_taken":[{"damage":0,"enemies":"Cultist","floor":1,"turns":5},{"damage":4,"enemies":"Small Slimes","floor":2,"turns":4},{"damage":2,"enemies":"Jaw Worm","floor":3,"turns":4},{"damage":5,"enemies":"2 Fungi Beasts","floor":4,"turns":4},{"damage":20,"enemies":"Lagavulin","floor":6,"turns":9},{"damage":12,"enemies":"Gremlin Nob","floor":8,"turns":3},{"damage":5,"enemies":"Lagavulin","floor":10,"turns":6},{"damage":1,"enemies":"Blue Slaver","floor":11,"turns":4},{"damage":13,"enemies":"3 Louse","floor":14,"turns":3},{"damage":13,"enemies":"Hexaghost","floor":16,"turns":9},{"damage":7,"enemies":"2 Thieves","floor":18,"turns":4},{"damage":14,"enemies":"Spheric Guardian","floor":19,"turns":6},{"damage":22,"enemies":"Snake Plant","floor":21,"turns":5},{"damage":25,"enemies":"Cultist and Chosen","floor":22,"turns":7},{"damage":8,"enemies":"Gremlin Leader","floor":23,"turns":8},{"damage":27,"enemies":"Book of Stabbing","floor":25,"turns":6},{"damage":26,"enemies":"Snecko","floor":28,"turns":6},{"damage":16,"enemies":"Chosen and Byrds","floor":30,"turns":6},{"damage":33,"enemies":"Slavers","floor":31,"turns":6},{"damage":62,"enemies":"Champ","floor":33,"turns":10}],"relics_obtained":[{"floor":6,"key":"Whetstone"},{"floor":8,"key":"Bottled Flame"},{"floor":9,"key":"Strawberry"},{"floor":10,"key":"Bronze Scales"},{"floor":23,"key":"Gremlin Horn"},{"floor":25,"key":"Ancient Tea Set"},{"floor":26,"key":"Mango"},{"floor":31,"key":"Toolbox"}],"event_choices":[{"event_name":"Purifier","player_choice":"One Purge","floor":5,"damage_taken":0},{"event_name":"Vampires","player_choice":"Became a vampire","floor":20,"damage_taken":0}],"boss_relics":[{"not_picked":["Cursed Key","Black Star"],"picked":"Sozu"}],"items_purged_floors":[12],"potions_floor_spawned":[1,3,6,11,14,23,25,28,30,31],"seed_played":"-8333331286491895562","killed_by":"Champ","ascension_level":1,"potions_obtained":[{"floor":1,"key":"Swift Potion"},{"floor":3,"key":"Poison Potion"},{"floor":6,"key":"Fire Potion"},{"floor":11,"key":"SkillPotion"},{"floor":14,"key":"SpeedPotion"}],"is_trial":false}