{"gold_per_floor":[116,131,43,59,59,59,71,103,128,128,159,171,171,186,186,265,265,282,298,313,313,156,156,115,115,162,262,297,326,352,369,369,443,443,456,468,468,22,22,22,45,64,64,64,76,91,91,191,191,191],"floor_reached":51,"playtime":2103,"items_purged":[],"score":1211,"play_id":"08cead38-541f-4762-94b3-3f4756613bee","local_time":"20190524225724","is_ascension_mode":true,"campfire_choices":[{"data":"Inflame","floor":6.0,"key":"SMITH"},{"data":"Blood for Blood","floor":10.0,"key":"SMITH"},{"data":"Shrug It Off","floor":13.0,"key":"SMITH"},{"data":"Pommel Strike","floor":15.0,"key":"SMITH"},{"data":"Shrug It Off","floor":23.0,"key":"SMITH"},{"data":"Cleave","floor":25.0,"key":"SMITH"},{"data":"Impervious","floor":32.0,"key":"SMITH"},{"data":"Barricade","floor":40.0,"key":"SMITH"},{"data":"Flash of Steel","floor":49,"key":"SMITH"}],"neow_cost":"NONE","seed_source_timestamp":304374868135425,"circlet_count":0,"master_deck":["AscendersBane","Strike_R+1","Strike_R+1","Strike_R+1","Defend_R+1","Defend_R+1","Defend_R+1","Defend_R+1","Bash+1","Shrug It Off+1","Inflame+1","Pommel Strike+1","Blood for Blood+1","Impervious+1","Cleave+1","Shrug It Off+1","Battle Trance","Barricade+1","Flash of Steel+1"],"special_seed":0,"relics":["Burning Blood","Red Skull","Happy Flower","Orichalcum","Sozu","Blood Vial","Potion Belt","Du-Vu Doll","Meat on the Bone","Oddly Smooth Stone","Red Mask","Anchor","Busted Crown","FaceOfCleric","Incense Burner","Bag of Marbles","Calipers","Magic Flower"],"potions_floor_usage":[50],"damage_taken":[{"damage":0.0,"enemies":"Cultist","floor":1.0,"turns":3.0},{"damage":7.0,"enemies":"Jaw Worm","floor":2.0,"turns":3.0},{"damage":2.0,"enemies":"Small Slimes","floor":4.0,"turns":4.0},{"damage":4.0,"enemies":"2 Fungi Beasts","floor":7.0,"turns":4.0},{"damage":40.0,"enemies":"Lagavulin","floor":8.0,"turns":5.0},{"damage":20.0,"enemies":"3 Sentries","floor":11.0,"turns":6.0},{"damage":3.0,"enemies":"Blue Slaver","floor":12.0,"turns":4.0},{"damage":7.0,"enemies":"Exordium Thugs","floor":14.0,"turns":3.0},{"damage":5.0,"enemies":"Slime Boss","floor":16.0,"turns":8.0},{"damage":11.0,"enemies":"Shell Parasite","floor":18.0,"turns":4.0},{"damage":7.0,"enemies":"3 Byrds","floor":19.0,"turns":5.0},{"damage":21.0,"enemies":"Snecko","floor":20.0,"turns":4.0},{"damage":3.0,"enemies":"Colosseum Slavers","floor":27.0,"turns":4.0},{"damage":13.0,"enemies":"Colosseum Nobs","floor":27.0,"turns":5.0},{"damage":13.0,"enemies":"Book of Stabbing","floor":28.0,"turns":4.0},{"damage":6.0,"enemies":"Masked Bandits","floor":29.0,"turns":3.0},{"damage":15.0,"enemies":"Slavers","floor":30.0,"turns":5.0},{"damage":8.0,"enemies":"Chosen and Byrds","floor":31.0,"turns":5.0},{"damage":28.0,"enemies":"Collector","floor":33.0,"turns":9.0},{"damage":0.0,"enemies":"3 Shapes","floor":35.0,"turns":3.0},{"damage":3.0,"enemies":"Orb Walker","floor":36.0,"turns":4.0},{"damage":1.0,"enemies":"Transient","floor":42.0,"turns":5.0},{"damage":19.0,"enemies":"Spire Growth","floor":45.0,"turns":5.0},{"damage":0,"enemies":"Writhing Mass","floor":46,"turns":8},{"damage":0,"enemies":"Mind Bloom Boss Battle","floor":48,"turns":6},{"damage":26,"enemies":"Time Eater","floor":50,"turns":14}],"seed_played":"-5016057516466244274","potions_obtained":[{"floor":2.0,"key":"Energy Potion"},{"floor":7.0,"key":"LiquidBronze"},{"floor":12.0,"key":"Fire Potion"}],"is_trial":false,"path_per_floor":["M","M","$","M","?","R","M","E","T","R","E","M","R","M","R","B",null,"M","M","M","?","$","R","$","R","T","?","E","?","E","M","R","B",null,"M","M","?","$","?","R","T","M","T","?","M","M","$","?","R","B",null],"character_chosen":"IRONCLAD","items_purchased":["Inflame","Blood Vial","Battle Trance","Incense Burner","Flash of Steel"],"campfire_rested":0,"item_purchase_floors":[3,22,24,38,38],"current_hp_per_floor":[74,73,73,75,75,75,75,41,41,41,27,30,30,29,29,30,64,59,58,43,43,43,43,43,43,43,43,50,52,45,45,45,37,66,74,75,75,75,71,71,71,72,72,72,60,69,69,75,75,60],"gold":191,"neow_bonus":"UPGRADE_CARD","is_prod":false,"is_daily":false,"chose_seed":false,"campfire_upgraded":9,"win_rate":0,"timestamp":1558760244,"path_taken":["M","?","?","M","?","R","M","E","T","R","E","M","R","M","R","BOSS","M","M","?","?","$","R","$","R","T","?","E","?","E","M","R","BOSS","M","M","?","?","?","R","?","M","T","?","M","?","$","?","R","BOSS"],"build_version":"2019-01-23","purchased_purges":0,"victory":true,"max_hp_per_floor":[75,75,75,75,75,75,75,75,75,75,75,75,75,75,75,75,75,75,75,75,75,75,75,75,75,75,75,75,75,75,75,75,75,75,75,75,75,75,71,71,71,72,72,72,73,74,74,75,75,76],"card_choices":[{"not_picked":["Clash","Reckless Charge"],"picked":"Shrug It Off","floor":1.0},{"not_picked":["Thunderclap","Rupture","Sword Boomerang"],"picked":"SKIP","floor":2.0},{"not_picked":["Havoc","Bloodletting"],"picked":"Pommel Strike","floor":4.0},{"not_picked":["Flex","Rage","Warcry"],"picked":"SKIP","floor":7.0},{"not_picked":["Combust","Perfected Strike","Blood for Blood"],"picked":"SKIP","floor":8.0},{"not_picked":["Thunderclap","Double Tap","Intimidate"],"picked":"SKIP","floor":11.0},{"not_picked":["Wild Strike","True Grit","Combust"],"picked":"SKIP","floor":12.0},{"not_picked":["Sever Soul","Entrench","Clash"],"picked":"SKIP","floor":14.0},{"not_picked":["Juggernaut","Demon Form"],"picked":"Impervious","floor":16.0},{"not_picked":["Havoc","Anger"],"picked":"Cleave","floor":18.0},{"not_picked":["Clothesline","Entrench","Infernal Blade"],"picked":"SKIP","floor":19.0},{"not_picked":["Sword Boomerang","Thunderclap"],"picked":"Shrug It Off","floor":20.0},{"not_picked":["Dark Embrace","Cleave+1","Reckless Charge"],"picked":"SKIP","floor":28.0},{"not_picked":["Whirlwind+1","Cleave","Body Slam"],"picked":"SKIP","floor":30.0},{"not_picked":["True Grit","Thunderclap+1","Reaper"],"picked":"SKIP","floor":31.0},{"not_picked":["Feed","Fiend Fire"],"picked":"Barricade","floor":33.0},{"not_picked":["Inflame+1"],"picked":"SKIP","floor":35.0},{"not_picked":["True Grit"],"picked":"SKIP","floor":36.0},{"not_picked":["Ghostly Armor"],"picked":"SKIP","floor":42.0},{"not_picked":["Seeing Red"],"picked":"SKIP","floor":45.0},{"not_picked":["Disarm"],"picked":"SKIP","floor":46}],"player_experience":598481,"relics_obtained":[{"floor":8.0,"key":"Red Skull"},{"floor":9.0,"key":"Happy Flower"},{"floor":11.0,"key":"Orichalcum"},{"floor":26.0,"key":"Potion Belt"},{"floor":27.0,"key":"Du-Vu Doll"},{"floor":27.0,"key":"Meat on the Bone"},{"floor":28.0,"key":"Oddly Smooth Stone"},{"floor":29.0,"key":"Red Mask"},{"floor":30.0,"key":"Anchor"},{"floor":41.0,"key":"Bag of Marbles"},{"floor":43.0,"key":"Calipers"},{"floor":48,"key":"Magic Flower"}],"event_choices":[{"damage_healed":0.0,"max_hp_gain":0.0,"max_hp_loss":0.0,"gold_gain":0.0,"cards_transformed":["Strike_R"],"event_name":"Transmorgrifier","player_choice":"Transformed","floor":5.0,"gold_loss":0.0,"damage_taken":0.0,"cards_obtained":["Blood for Blood"]},{"damage_healed":0.0,"max_hp_gain":0.0,"max_hp_loss":0.0,"gold_gain":0.0,"event_name":"Back to Basics","player_choice":"Simplicity","floor":21.0,"gold_loss":0.0,"damage_taken":0.0,"cards_upgraded":["Strike_R","Strike_R","Strike_R","Strike_R","Defend_R","Defend_R","Defend_R","Defend_R"]},{"damage_healed":0.0,"max_hp_gain":0.0,"max_hp_loss":0.0,"gold_gain":0.0,"event_name":"Colosseum","player_choice":"Fight","floor":27.0,"gold_loss":0.0,"damage_taken":0.0},{"damage_healed":0.0,"max_hp_gain":0.0,"max_hp_loss":0.0,"gold_gain":0.0,"event_name":"Colosseum","player_choice":"Fought Nobs","floor":27.0,"gold_loss":0.0,"damage_taken":0.0},{"damage_healed":0.0,"max_hp_gain":0.0,"max_hp_loss":0.0,"gold_gain":0.0,"event_name":"Masked Bandits","player_choice":"Fought Bandits","floor":29.0,"gold_loss":0.0,"damage_taken":0.0},{"damage_healed":0.0,"max_hp_gain":0.0,"max_hp_loss":0.0,"gold_gain":0.0,"event_name":"FaceTrader","player_choice":"Trade","floor":37.0,"gold_loss":0.0,"damage_taken":0.0,"relics_obtained":["FaceOfCleric"]},{"damage_healed":0.0,"max_hp_gain":0.0,"max_hp_loss":4.0,"gold_gain":0.0,"event_name":"Winding Halls","player_choice":"Max HP","floor":39.0,"gold_loss":0.0,"damage_taken":0.0},{"cards_removed":["Strike_R"],"damage_healed":0.0,"max_hp_gain":0.0,"max_hp_loss":0.0,"gold_gain":0.0,"event_name":"Purifier","player_choice":"Purged","floor":44.0,"gold_loss":0.0,"damage_taken":0.0},{"damage_healed":0,"gold_gain":0,"player_choice":"Fight","damage_taken":0,"max_hp_gain":0,"max_hp_loss":0,"event_name":"MindBloom","floor":48,"gold_loss":0}],"is_beta":false,"boss_relics":[{"not_picked":["Runic Pyramid","Empty Cage"],"picked":"Sozu"},{"not_picked":["Snecko Eye","Black Star"],"picked":"Busted Crown"}],"items_purged_floors":[],"is_endless":false,"potions_floor_spawned":[2,7,11,12,16,18,19,27,30,33,36,42,45],"ascension_level":16}