{"gold_per_floor":[113,133,55,70,83,110,129,129,182,211,211,239,239,205,205,305,305,325,335,161,261,261,261,360,360,360,374,390,390,400,400],"floor_reached":31,"playtime":2982,"items_purged":[],"score":344,"play_id":"909f7bf9-b16c-4b70-9345-5f8138dfc7c9","local_time":"20190412190732","is_ascension_mode":true,"campfire_choices":[{"floor":8,"key":"REST"},{"data":"Armaments","floor":11,"key":"SMITH"},{"data":"Inflame","floor":13,"key":"SMITH"},{"floor":15,"key":"REST"},{"floor":23,"key":"DIG"},{"floor":25,"key":"DIG"},{"floor":29,"key":"REST"}],"neow_cost":"PERCENT_DAMAGE","seed_source_timestamp":2696528749172,"circlet_count":0,"master_deck":["Strike_R","Defend_R","Defend_R","Defend_R","Bash","Demon Form","Perfected Strike","Cleave","Inflame+1","Armaments+1","Warcry","Rampage","Heavy Blade","Wild Strike","Feed","Sword Boomerang+1","Disarm+1","Intimidate+1","Headbutt","Pummel+1","Flex","Flex+1","Second Wind","Armaments+1","Armaments+1"],"relics":["Burning Blood","Regal Pillow","Tiny Chest","Strawberry","Boot","Astrolabe","Lantern","Shovel","Frozen Egg 2","Juzu Bracelet","Calipers","Pear"],"potions_floor_usage":[6,7,12,16,21],"damage_taken":[{"damage":1,"enemies":"Jaw Worm","floor":1,"turns":6},{"damage":1,"enemies":"Cultist","floor":2,"turns":3},{"damage":1,"enemies":"Small Slimes","floor":4,"turns":3},{"damage":20,"enemies":"Exordium Wildlife","floor":5,"turns":6},{"damage":27,"enemies":"3 Sentries","floor":6,"turns":5},{"damage":22,"enemies":"Exordium Thugs","floor":7,"turns":6},{"damage":44,"enemies":"Lagavulin","floor":10,"turns":9},{"damage":27,"enemies":"3 Sentries","floor":12,"turns":5},{"damage":32,"enemies":"The Guardian","floor":16,"turns":7},{"damage":7,"enemies":"3 Byrds","floor":18,"turns":5},{"damage":10,"enemies":"Shell Parasite","floor":19,"turns":5},{"damage":52,"enemies":"Colosseum Slavers","floor":21,"turns":5},{"damage":28,"enemies":"Colosseum Nobs","floor":21,"turns":3},{"damage":13,"enemies":"Snecko","floor":27,"turns":5},{"damage":15,"enemies":"Centurion and Healer","floor":28,"turns":5},{"damage":63,"enemies":"Cultist and Chosen","floor":30,"turns":7},{"damage":17,"enemies":"Sentry and Sphere","floor":31,"turns":3}],"seed_played":"-1863580971628752793","potions_obtained":[{"floor":5,"key":"Explosive Potion"},{"floor":6,"key":"SpeedPotion"},{"floor":10,"key":"Swift Potion"},{"floor":12,"key":"Block Potion"},{"floor":19,"key":"SteroidPotion"},{"floor":30,"key":"FearPotion"}],"is_trial":false,"path_per_floor":["M","M","$","M","M","E","M","R","T","E","R","E","R","?","R","B",null,"M","M","$","?","?","R","?","R","T","M","M","R","M","M"],"character_chosen":"IRONCLAD","items_purchased":["Inflame","Lantern","Flex"],"campfire_rested":3,"item_purchase_floors":[3,20,20],"current_hp_per_floor":[61,66,66,71,57,36,20,59,59,28,28,7,7,7,48,22,87,89,89,89,21,21,21,21,21,31,24,18,65,8,0],"gold":400,"neow_bonus":"TRANSFORM_TWO_CARDS","is_prod":false,"is_daily":false,"chose_seed":false,"campfire_upgraded":2,"win_rate":0,"timestamp":1555060052,"path_taken":["M","M","$","M","M","E","M","R","T","E","R","E","R","?","R","BOSS","M","M","$","?","?","R","?","R","T","M","M","R","M","M"],"build_version":"2019-01-23","purchased_purges":0,"victory":false,"max_hp_per_floor":[80,80,80,80,80,80,80,80,80,87,87,87,87,87,87,87,87,90,94,94,94,94,94,94,94,104,104,107,107,107,111],"card_choices":[{"not_picked":["Wild Strike","Fire Breathing"],"picked":"Perfected Strike","floor":1},{"not_picked":["Thunderclap","Havoc"],"picked":"Cleave","floor":2},{"not_picked":["True Grit","Hemokinesis","Carnage"],"picked":"SKIP","floor":4},{"not_picked":["Spot Weakness","Clash"],"picked":"Armaments","floor":5},{"not_picked":["True Grit","Second Wind"],"picked":"Warcry","floor":6},{"not_picked":["Thunderclap","Headbutt"],"picked":"Rampage","floor":7},{"not_picked":["Perfected Strike","Blood for Blood"],"picked":"Heavy Blade","floor":10},{"not_picked":["Second Wind","Anger"],"picked":"Wild Strike","floor":12},{"not_picked":["Barricade","Fiend Fire"],"picked":"Feed","floor":16},{"not_picked":["Twin Strike","Body Slam+1"],"picked":"Headbutt","floor":18},{"not_picked":["Clash+1","Juggernaut"],"picked":"Pummel+1","floor":19},{"not_picked":["Sentinel","Infernal Blade"],"picked":"Flex+1","floor":21},{"not_picked":["Perfected Strike","Havoc"],"picked":"Armaments+1","floor":27},{"not_picked":["Headbutt","Evolve+1","Body Slam"],"picked":"SKIP","floor":28},{"not_picked":["Cleave","Wild Strike"],"picked":"Armaments+1","floor":30}],"player_experience":112763,"relics_obtained":[{"floor":6,"key":"Regal Pillow"},{"floor":9,"key":"Tiny Chest"},{"floor":10,"key":"Strawberry"},{"floor":12,"key":"Boot"},{"floor":21,"key":"Shovel"},{"floor":21,"key":"Frozen Egg 2"},{"floor":23,"key":"Juzu Bracelet"},{"floor":25,"key":"Calipers"},{"floor":26,"key":"Pear"}],"event_choices":[{"damage_healed":0,"gold_gain":0,"player_choice":"Left Gold","damage_taken":0,"max_hp_gain":0,"max_hp_loss":0,"event_name":"World of Goop","floor":14,"gold_loss":34},{"damage_healed":0,"gold_gain":0,"player_choice":"Fight","damage_taken":0,"max_hp_gain":0,"max_hp_loss":0,"event_name":"Colosseum","floor":21,"gold_loss":0},{"damage_healed":0,"gold_gain":0,"player_choice":"Fought Nobs","damage_taken":0,"max_hp_gain":0,"max_hp_loss":0,"event_name":"Colosseum","floor":21,"gold_loss":0},{"damage_healed":0,"gold_gain":0,"cards_transformed":["Strike_R"],"player_choice":"Transformed","damage_taken":0,"max_hp_gain":0,"max_hp_loss":0,"event_name":"Transmorgrifier","floor":22,"gold_loss":0,"cards_obtained":["Second Wind"]},{"damage_healed":0,"gold_gain":99,"player_choice":"Stole From Cult","damage_taken":0,"max_hp_gain":0,"max_hp_loss":0,"event_name":"Nest","floor":24,"gold_loss":0}],"is_beta":false,"boss_relics":[{"not_picked":["Tiny House","Pandora\u0027s Box"],"picked":"Astrolabe"}],"items_purged_floors":[],"is_endless":false,"potions_floor_spawned":[5,6,10,12,19,30],"killed_by":"Sentry and Sphere","ascension_level":1}