{"gold_per_floor":[112,112,212,228,245,278,278,310,333,252,252,264,214,12,12,109,109,124,135,135,135,50,50,50,50,50,50,62,62,82,98,98,199,199,215,229,79,79,132,132,150,163,163,163,178,178,193,211,211,211],"floor_reached":50,"playtime":1718,"items_purged":[],"score":502,"play_id":"dbf05252-3b6d-4e7b-a265-3420c6a1cbda","local_time":"20181103094959","is_ascension_mode":false,"campfire_choices":[{"floor":7,"key":"RECALL"},{"data":"Armaments","floor":15,"key":"SMITH"},{"data":"Limit Break","floor":23,"key":"SMITH"},{"data":"Inflame","floor":25,"key":"SMITH"},{"data":"Infernal Blade","floor":29,"key":"SMITH"},{"floor":32,"key":"REST"},{"floor":40,"key":"REST"},{"data":"Heavy Blade","floor":44,"key":"SMITH"},{"data":"Demon Form","floor":49,"key":"SMITH"}],"neow_cost":"NONE","seed_source_timestamp":17147234945482,"circlet_count":0,"master_deck":["Strike_R","Strike_R","Strike_R","Strike_R+1","Defend_R","Defend_R+1","Defend_R","Defend_R","Bash","Twin Strike","Disarm","Infernal Blade+1","Pommel Strike","Clash","Inflame+1","Armaments+1","Limit Break+1","Anger","Shrug It Off+1","Heavy Blade+1","Demon Form+1","Spot Weakness+1","Flex+1","Power Through","Infernal Blade+1","Armaments+1"],"relics":["Burning Blood","PreservedInsect","Lantern","Brimstone","Eternal Feather","Pen Nib","Gremlin Horn","Sozu","Vajra","Bird Faced Urn","Shovel"],"potions_floor_usage":[8,33,39,45],"damage_taken":[{"damage":4,"enemies":"2 Louse","floor":1,"turns":3},{"damage":3,"enemies":"Small Slimes","floor":4,"turns":3},{"damage":0,"enemies":"Cultist","floor":5,"turns":2},{"damage":6,"enemies":"Gremlin Nob","floor":6,"turns":3},{"damage":22,"enemies":"3 Sentries","floor":8,"turns":7},{"damage":0,"enemies":"Large Slime","floor":12,"turns":3},{"damage":12,"enemies":"Slime Boss","floor":16,"turns":6},{"damage":15,"enemies":"Chosen","floor":18,"turns":3},{"damage":4,"enemies":"Spheric Guardian","floor":19,"turns":3},{"damage":24,"enemies":"Snake Plant","floor":28,"turns":2},{"damage":12,"enemies":"Cultist and Chosen","floor":30,"turns":2},{"damage":27,"enemies":"Centurion and Healer","floor":31,"turns":4},{"damage":44,"enemies":"Collector","floor":33,"turns":6},{"damage":17,"enemies":"Orb Walker","floor":35,"turns":3},{"damage":38,"enemies":"3 Darklings","floor":36,"turns":4},{"damage":44,"enemies":"2 Orb Walkers","floor":39,"turns":4},{"damage":0,"enemies":"Transient","floor":41,"turns":5},{"damage":2,"enemies":"Sphere and 2 Shapes","floor":42,"turns":3},{"damage":27,"enemies":"Writhing Mass","floor":45,"turns":4},{"damage":0,"enemies":"Transient","floor":47,"turns":5},{"damage":0,"enemies":"Sphere and 2 Shapes","floor":48,"turns":2},{"damage":87,"enemies":"Donu and Deca","floor":50,"turns":5}],"seed_played":"-338301188345849745","potions_obtained":[{"floor":1,"key":"Regen Potion"},{"floor":6,"key":"SpeedPotion"},{"floor":8,"key":"BloodPotion"},{"floor":12,"key":"BloodPotion"},{"floor":19,"key":"Poison Potion"},{"floor":28,"key":"Explosive Potion"}],"is_trial":false,"path_per_floor":["M","?","?","M","M","E","R","E","T","$","?","M","?","$","R","B",null,"M","M","$","?","?","R","?","R","T","$","M","R","M","M","R","B",null,"M","M","$","?","?","R","M","M","T","R","M","?","M","M","R","B"],"character_chosen":"IRONCLAD","items_purchased":["Inflame","Brimstone","Vajra"],"campfire_rested":2,"item_purchase_floors":[10,14,37],"current_hp_per_floor":[80,64,64,67,73,73,73,72,72,72,72,78,78,78,78,72,80,71,73,73,73,73,80,80,80,80,80,62,71,65,44,80,42,80,69,37,37,37,7,43,51,57,57,69,50,50,58,64,77,0],"gold":211,"neow_bonus":"THREE_CARDS","is_prod":false,"is_daily":false,"chose_seed":false,"campfire_upgraded":6,"win_rate":0,"timestamp":1541198999,"path_taken":["M","?","?","M","?","E","R","E","T","$","?","M","?","?","R","BOSS","M","?","?","?","?","R","?","R","T","?","?","R","M","M","R","BOSS","M","M","$","?","?","R","M","M","T","R","M","?","M","M","R","BOSS"],"build_version":"2018-11-01v2","purchased_purges":0,"victory":false,"max_hp_per_floor":[80,80,80,80,80,80,80,80,80,80,80,80,80,80,80,80,80,80,80,80,80,80,80,80,80,80,80,80,80,80,80,80,80,80,80,80,80,80,80,80,80,80,80,80,80,77,77,77,77,77],"card_choices":[{"not_picked":["Seeing Red","Body Slam"],"picked":"Twin Strike","floor":0},{"not_picked":["Havoc","True Grit"],"picked":"Disarm","floor":1},{"not_picked":["Body Slam","Dual Wield"],"picked":"Infernal Blade","floor":4},{"not_picked":["Dropkick","Sword Boomerang"],"picked":"Pommel Strike","floor":5},{"not_picked":["Infernal Blade","Burning Pact"],"picked":"Clash","floor":6},{"not_picked":["Sever Soul","Dual Wield","Twin Strike"],"picked":"SKIP","floor":8},{"not_picked":["Havoc","True Grit"],"picked":"Armaments","floor":12},{"not_picked":["Juggernaut","Brutality"],"picked":"Limit Break","floor":16},{"not_picked":["Sever Soul+1","Bloodletting+1"],"picked":"Anger","floor":18},{"not_picked":["Clash","Combust","True Grit"],"picked":"SKIP","floor":19},{"not_picked":["Headbutt","Thunderclap"],"picked":"Shrug It Off+1","floor":28},{"not_picked":["Armaments","Clash","Entrench"],"picked":"SKIP","floor":30},{"not_picked":["Flame Barrier+1","Entrench+1"],"picked":"Heavy Blade","floor":31},{"not_picked":["Bludgeon","Reaper"],"picked":"Demon Form","floor":33},{"not_picked":["Twin Strike+1","Armaments","Anger+1"],"picked":"SKIP","floor":35},{"not_picked":["Cleave+1","Headbutt+1"],"picked":"Metallicize","floor":36},{"not_picked":["Armaments+1","Clash+1"],"picked":"Spot Weakness+1","floor":39},{"not_picked":["Warcry+1","Clothesline+1","Dual Wield+1"],"picked":"SKIP","floor":41},{"not_picked":["Thunderclap+1","Clothesline+1"],"picked":"Flex+1","floor":42},{"not_picked":["Bloodletting","Rupture"],"picked":"Power Through","floor":45},{"not_picked":["Wild Strike","Burning Pact+1"],"picked":"Infernal Blade+1","floor":47},{"not_picked":["Rampage","Uppercut+1"],"picked":"Armaments+1","floor":48}],"player_experience":162746,"relics_obtained":[{"floor":6,"key":"PreservedInsect"},{"floor":8,"key":"Lantern"},{"floor":26,"key":"Gremlin Horn"},{"floor":39,"key":"Bird Faced Urn"},{"floor":43,"key":"Shovel"}],"event_choices":[{"damage_healed":0,"gold_gain":0,"player_choice":"Entered Light","damage_taken":16,"max_hp_gain":0,"max_hp_loss":0,"event_name":"Shining Light","floor":2,"gold_loss":0,"cards_upgraded":["Defend_R","Strike_R"]},{"damage_healed":0,"gold_gain":100,"player_choice":"Gold","damage_taken":0,"max_hp_gain":0,"max_hp_loss":0,"event_name":"Wheel of Change","floor":3,"gold_loss":0},{"damage_healed":0,"gold_gain":0,"player_choice":"Ignored","damage_taken":0,"max_hp_gain":0,"max_hp_loss":0,"event_name":"Liars Game","floor":11,"gold_loss":0},{"cards_removed":["Strike_R"],"damage_healed":0,"gold_gain":0,"player_choice":"Card Removal","damage_taken":0,"max_hp_gain":0,"max_hp_loss":0,"event_name":"The Cleric","floor":13,"gold_loss":50},{"damage_healed":0,"gold_gain":0,"player_choice":"Ignored","damage_taken":0,"max_hp_gain":0,"max_hp_loss":0,"event_name":"Beggar","floor":21,"gold_loss":0},{"damage_healed":0,"gold_gain":0,"player_choice":"Obtained Relic","damage_taken":0,"relics_obtained":["Pen Nib"],"max_hp_gain":0,"max_hp_loss":0,"event_name":"Addict","floor":22,"gold_loss":85},{"damage_healed":0,"gold_gain":0,"player_choice":"Ignored","damage_taken":0,"max_hp_gain":0,"max_hp_loss":0,"event_name":"Vampires","floor":24,"gold_loss":0},{"cards_removed":["Metallicize"],"damage_healed":0,"gold_gain":0,"player_choice":"Removed Power","damage_taken":0,"max_hp_gain":0,"max_hp_loss":0,"event_name":"Falling","floor":38,"gold_loss":0},{"damage_healed":0,"gold_gain":0,"player_choice":"Fight","damage_taken":0,"max_hp_gain":0,"max_hp_loss":0,"event_name":"Mysterious Sphere","floor":39,"gold_loss":0},{"cards_removed":["Parasite"],"damage_healed":0,"gold_gain":0,"player_choice":"Removed Curses","damage_taken":0,"max_hp_gain":0,"max_hp_loss":0,"event_name":"Fountain of Cleansing","floor":46,"gold_loss":0}],"is_beta":true,"boss_relics":[{"not_picked":["Runic Cube","Snecko Eye"],"picked":"Eternal Feather"},{"not_picked":["Orrery","Calling Bell"],"picked":"Sozu"}],"items_purged_floors":[],"is_endless":false,"potions_floor_spawned":[1,6,8,12,18,19,28,30,41,47,48],"killed_by":"Donu and Deca","ascension_level":0}