{"gold_per_floor":[117,167,0,17,34,68,68,100,100,21,21,41,54,71,71,71],"floor_reached":16,"playtime":470,"items_purged":[],"score":218,"play_id":"db20c312-5bc2-4686-959c-2e234102d318","local_time":"20190527014339","is_ascension_mode":true,"campfire_choices":[{"data":"Carnage","floor":7.0,"key":"SMITH"},{"floor":15.0,"key":"REST"}],"neow_cost":"TEN_PERCENT_HP_LOSS","seed_source_timestamp":123890189739343,"circlet_count":0,"master_deck":["AscendersBane","Strike_R","Strike_R","Defend_R","Defend_R","Defend_R","Defend_R","Bash","Battle Trance","Heavy Blade","Carnage+1","Shrug It Off","Limit Break+1"],"special_seed":0,"relics":["Burning Blood","Blood Vial","Mummified Hand","Singing Bowl","Toxic Egg 2"],"potions_floor_usage":[16],"damage_taken":[{"damage":5.0,"enemies":"Small Slimes","floor":1.0,"turns":3.0},{"damage":1.0,"enemies":"Cultist","floor":4.0,"turns":3.0},{"damage":7.0,"enemies":"Jaw Worm","floor":5.0,"turns":3.0},{"damage":39.0,"enemies":"Gremlin Nob","floor":6.0,"turns":4.0},{"damage":20.0,"enemies":"Lagavulin","floor":8.0,"turns":4.0},{"damage":16.0,"enemies":"Lots of Slimes","floor":12.0,"turns":8.0},{"damage":16.0,"enemies":"Red Slaver","floor":13.0,"turns":4.0},{"damage":5.0,"enemies":"3 Louse","floor":14.0,"turns":4.0},{"damage":51,"enemies":"Slime Boss","floor":16,"turns":7}],"seed_played":"2400303673828348132","potions_obtained":[{"floor":1.0,"key":"AttackPotion"},{"floor":8.0,"key":"LiquidBronze"}],"is_trial":false,"path_per_floor":["M","?","$","M","M","E","R","E","T","$","?","M","M","M","R","B"],"character_chosen":"IRONCLAD","items_purchased":["Blood Vial","Limit Break+1"],"campfire_rested":1,"item_purchase_floors":[3,10],"current_hp_per_floor":[68,62,62,68,67,35,35,23,23,23,23,17,11,16,38,0],"gold":71,"neow_bonus":"TRANSFORM_TWO_CARDS","is_prod":false,"is_daily":false,"chose_seed":false,"campfire_upgraded":1,"win_rate":0,"timestamp":1558943019,"path_taken":["M","?","$","?","M","E","R","E","T","$","?","?","M","M","R","BOSS"],"build_version":"2019-01-23","purchased_purges":0,"victory":false,"max_hp_per_floor":[68,68,68,68,68,68,68,68,68,68,68,70,72,74,74,74],"card_choices":[{"not_picked":["Corruption","Reckless Charge"],"picked":"Carnage","floor":1.0},{"not_picked":["Warcry","Twin Strike","Heavy Blade"],"picked":"SKIP","floor":4.0},{"not_picked":["Thunderclap","Clothesline","Body Slam"],"picked":"SKIP","floor":5.0},{"not_picked":["Heavy Blade","Rage","Headbutt"],"picked":"SKIP","floor":6.0},{"not_picked":["Pommel Strike","Armaments"],"picked":"Shrug It Off","floor":8.0},{"not_picked":["Body Slam","Anger","Clothesline"],"picked":"Singing Bowl","floor":12.0},{"not_picked":["Pommel Strike","Ghostly Armor+1","Corruption"],"picked":"Singing Bowl","floor":13.0},{"not_picked":["True Grit+1","Heavy Blade","Clothesline"],"picked":"Singing Bowl","floor":14.0}],"player_experience":630887,"relics_obtained":[{"floor":6.0,"key":"Mummified Hand"},{"floor":8.0,"key":"Singing Bowl"},{"floor":9.0,"key":"Toxic Egg 2"}],"event_choices":[{"damage_healed":0.0,"max_hp_gain":0.0,"max_hp_loss":0.0,"gold_gain":50.0,"event_name":"FaceTrader","player_choice":"Touch","floor":2.0,"gold_loss":0.0,"damage_taken":6.0},{"cards_removed":["Strike_R"],"damage_healed":0.0,"max_hp_gain":0.0,"max_hp_loss":0.0,"gold_gain":0.0,"event_name":"Wheel of Change","player_choice":"Card Removal","floor":11.0,"gold_loss":0.0,"damage_taken":0.0}],"is_beta":false,"boss_relics":[],"items_purged_floors":[],"is_endless":false,"potions_floor_spawned":[1,8],"killed_by":"Slime Boss","ascension_level":19}