{"gold_per_floor":[111,121,131,148,167,167,178,178,178,52,52,52],"floor_reached":12,"playtime":543,"items_purged":["Strike_R"],"score":129,"play_id":"6ae8535a-e320-473e-8cf0-d8ae64898396","local_time":"20190603184850","is_ascension_mode":true,"campfire_choices":[{"data":"Armaments","floor":11,"key":"SMITH"}],"neow_cost":"NONE","seed_source_timestamp":4654763030936480,"circlet_count":0,"master_deck":["Strike_R","Strike_R","Strike_R","Strike_R","Defend_R","Defend_R","Defend_R","Defend_R","Bash","Feed","Sword Boomerang","Sword Boomerang","Pommel Strike","Limit Break","Heavy Blade","Carnage","Armaments+1"],"relics":["Burning Blood","Incense Burner"],"potions_floor_usage":[6,6],"damage_taken":[{"damage":15,"enemies":"Cultist","floor":1,"turns":5},{"damage":3,"enemies":"Small Slimes","floor":2,"turns":4},{"damage":8,"enemies":"2 Louse","floor":3,"turns":2},{"damage":22,"enemies":"Exordium Wildlife","floor":4,"turns":5},{"damage":31,"enemies":"Exordium Thugs","floor":5,"turns":7},{"damage":20,"enemies":"Gremlin Gang","floor":6,"turns":3},{"damage":10,"enemies":"2 Fungi Beasts","floor":7,"turns":3},{"damage":44,"enemies":"Exordium Thugs","floor":12,"turns":5}],"seed_played":"4663716332461956205","potions_obtained":[{"floor":3,"key":"SmokeBomb"},{"floor":4,"key":"LiquidBronze"},{"floor":5,"key":"Fire Potion"},{"floor":7,"key":"LiquidBronze"}],"is_trial":false,"path_per_floor":["M","M","M","M","M","M","M","?","T","$","R","M"],"character_chosen":"IRONCLAD","items_purchased":["Armaments"],"campfire_rested":0,"item_purchase_floors":[10],"current_hp_per_floor":[66,72,73,60,38,27,26,31,31,31,31,0],"gold":52,"neow_bonus":"ONE_RANDOM_RARE_CARD","is_prod":false,"is_daily":false,"chose_seed":false,"campfire_upgraded":1,"win_rate":0,"timestamp":1559602130,"path_taken":["M","M","M","M","M","M","M","?","T","$","R","M"],"build_version":"2019-01-23","purchased_purges":1,"victory":false,"max_hp_per_floor":[83,86,89,92,95,98,101,106,106,106,106,106],"card_choices":[{"not_picked":["Sever Soul","Iron Wave"],"picked":"Sword Boomerang","floor":1},{"not_picked":["Thunderclap","Dropkick"],"picked":"Sword Boomerang","floor":2},{"not_picked":["Iron Wave","True Grit"],"picked":"Pommel Strike","floor":3},{"not_picked":["Twin Strike","Carnage"],"picked":"Limit Break","floor":4},{"not_picked":["Iron Wave","Pommel Strike"],"picked":"Heavy Blade","floor":5},{"not_picked":["Thunderclap","Headbutt"],"picked":"Carnage","floor":7}],"player_experience":189698,"relics_obtained":[{"floor":9,"key":"Incense Burner"}],"event_choices":[{"damage_healed":0,"gold_gain":0,"player_choice":"Donut","damage_taken":0,"max_hp_gain":5,"max_hp_loss":0,"event_name":"Big Fish","floor":8,"gold_loss":0}],"is_beta":false,"boss_relics":[],"items_purged_floors":[10],"is_endless":false,"potions_floor_spawned":[3,4,5,7],"killed_by":"Exordium Thugs","ascension_level":8}