{"gold_per_floor":[113,126,126,142,142,142,153,153,153,166,199,215,233,263,263,263],"floor_reached":16,"playtime":604,"items_purged":[],"score":228,"play_id":"603066a1-cbd6-4a67-8472-ed6ce33c885b","local_time":"20190404010027","is_ascension_mode":true,"campfire_choices":[{"data":"Neutralize","floor":6,"key":"SMITH"},{"data":"Dagger Spray","floor":8,"key":"SMITH"},{"data":"Envenom","floor":15,"key":"SMITH"}],"neow_cost":"NONE","seed_source_timestamp":532345864531679,"circlet_count":0,"master_deck":["AscendersBane","Defend_G","Defend_G","Defend_G","Defend_G","Defend_G","Strike_G","Strike_G","Strike_G","Strike_G","Strike_G","Survivor","Neutralize+1","Noxious Fumes+1","Dagger Spray+1","Envenom+1","Predator"],"relics":["Eternal Feather","PreservedInsect","Kunai","Bag of Preparation"],"potions_floor_usage":[11,13,14,16],"damage_taken":[{"damage":4,"enemies":"Jaw Worm","floor":1,"turns":6},{"damage":4,"enemies":"Small Slimes","floor":2,"turns":5},{"damage":1,"enemies":"2 Louse","floor":4,"turns":4},{"damage":17,"enemies":"Exordium Wildlife","floor":7,"turns":5},{"damage":10,"enemies":"2 Fungi Beasts","floor":10,"turns":4},{"damage":6,"enemies":"Gremlin Nob","floor":11,"turns":3},{"damage":1,"enemies":"Blue Slaver","floor":12,"turns":5},{"damage":8,"enemies":"Exordium Thugs","floor":13,"turns":2},{"damage":1,"enemies":"3 Sentries","floor":14,"turns":3},{"damage":32,"enemies":"The Guardian","floor":16,"turns":9}],"seed_played":"6192032259964794931","potions_obtained":[{"floor":2,"key":"Fire Potion"},{"floor":10,"key":"Explosive Potion"},{"floor":11,"key":"SkillPotion"},{"floor":13,"key":"EssenceOfSteel"}],"is_trial":false,"path_per_floor":["M","M","?","M","?","R","M","R","T","M","E","M","M","E","R","B"],"character_chosen":"THE_SILENT","items_purchased":[],"campfire_rested":0,"item_purchase_floors":[],"current_hp_per_floor":[55,51,51,50,50,56,39,48,48,38,32,31,23,22,31,0],"gold":263,"neow_bonus":"BOSS_RELIC","is_prod":false,"is_daily":false,"chose_seed":false,"campfire_upgraded":3,"win_rate":0,"timestamp":1554361227,"path_taken":["M","M","?","M","?","R","M","R","T","M","E","M","M","E","R","BOSS"],"build_version":"2019-01-23","purchased_purges":0,"victory":false,"max_hp_per_floor":[66,66,66,66,66,66,66,66,66,66,66,66,66,66,66,66],"card_choices":[{"not_picked":["Acrobatics","Calculated Gamble"],"picked":"Noxious Fumes","floor":1},{"not_picked":["Deflect","Terror","Blade Dance"],"picked":"SKIP","floor":2},{"not_picked":["Dodge and Roll","Accuracy","Sucker Punch"],"picked":"SKIP","floor":4},{"not_picked":["Backflip","Deflect"],"picked":"Dagger Spray","floor":7},{"not_picked":["Dagger Spray","Cloak And Dagger"],"picked":"Envenom","floor":10},{"not_picked":["Reflex","Deflect"],"picked":"Predator","floor":11},{"not_picked":["Masterful Stab","Deadly Poison","Tactician"],"picked":"SKIP","floor":12},{"not_picked":["Deadly Poison","Quick Slash","Calculated Gamble"],"picked":"SKIP","floor":13},{"not_picked":["Quick Slash","Riddle With Holes","Deadly Poison"],"picked":"SKIP","floor":14}],"player_experience":437191,"relics_obtained":[{"floor":9,"key":"PreservedInsect"},{"floor":11,"key":"Kunai"},{"floor":14,"key":"Bag of Preparation"}],"event_choices":[{"damage_healed":0,"gold_gain":0,"player_choice":"Grow","damage_taken":0,"max_hp_gain":0,"max_hp_loss":0,"event_name":"Living Wall","floor":3,"gold_loss":0,"cards_upgraded":["Noxious Fumes"]},{"damage_healed":0,"gold_gain":0,"player_choice":"Ignored","damage_taken":0,"max_hp_gain":0,"max_hp_loss":0,"event_name":"Liars Game","floor":5,"gold_loss":0}],"is_beta":false,"boss_relics":[],"items_purged_floors":[],"is_endless":false,"potions_floor_spawned":[2,10,11,12,13],"killed_by":"The Guardian","ascension_level":20}