{"gold_per_floor":[113,35,47,122,102,102,120,149,149,149,161,161,176,205,205,301,301,241,241,241,3,3,3,3,3,3,3,3,3,3,3,3,3,3,3,3,3,3,3,3,3,3,3,3,3,3,3,3,3,3],"floor_reached":51,"playtime":1655,"items_purged":[],"score":1070,"play_id":"19204384-60cd-460e-aa31-d7410dc9ff74","local_time":"20190424120452","is_ascension_mode":true,"campfire_choices":[{"data":"Cleave","floor":6.0,"key":"SMITH"},{"data":"Uppercut","floor":10.0,"key":"SMITH"},{"data":"Iron Wave","floor":15.0,"key":"SMITH"},{"data":"Shrug It Off","floor":23.0,"key":"SMITH"},{"data":"Metallicize","floor":25.0,"key":"SMITH"},{"data":"Bash","floor":28.0,"key":"SMITH"},{"data":"Strike_R","floor":30.0,"key":"SMITH"},{"data":"Bite","floor":32.0,"key":"SMITH"},{"data":"Flame Barrier","floor":40.0,"key":"SMITH"},{"data":"Bite","floor":42.0,"key":"SMITH"},{"data":"Blind","floor":47.0,"key":"SMITH"},{"data":"Bite","floor":49.0,"key":"SMITH"}],"neow_cost":"NONE","seed_source_timestamp":912221737935136,"circlet_count":0,"master_deck":["Defend_R","Defend_R","Defend_R","Bash+1","Shrug It Off+1","Metallicize+1","Cleave+1","Uppercut+1","Iron Wave+1","Twin Strike+1","Bite+1","Bite+1","Bite","Bite+1","Metallicize+1","Flex+1","Wild Strike+1","Pommel Strike+1","Flame Barrier+1","Blind+1","Carnage+1"],"special_seed":0,"relics":["Burning Blood","NeowsBlessing","Red Skull","Mummified Hand","Ornamental Fan","Ectoplasm","Enchiridion","PreservedInsect","Dodecahedron","Shuriken","Pantograph","Juzu Bracelet","Orrery","Dead Branch","Meat on the Bone","Centennial Puzzle","Oddly Smooth Stone"],"potions_floor_usage":[50,50],"damage_taken":[{"damage":0.0,"enemies":"Small Slimes","floor":1.0,"turns":1.0},{"damage":0.0,"enemies":"Cultist","floor":3.0,"turns":1.0},{"damage":0.0,"enemies":"Jaw Worm","floor":7.0,"turns":1.0},{"damage":29.0,"enemies":"Lagavulin","floor":8.0,"turns":5.0},{"damage":0.0,"enemies":"Exordium Wildlife","floor":11.0,"turns":3.0},{"damage":9.0,"enemies":"3 Louse","floor":13.0,"turns":2.0},{"damage":22.0,"enemies":"3 Sentries","floor":14.0,"turns":5.0},{"damage":27.0,"enemies":"The Guardian","floor":16.0,"turns":14.0},{"damage":12.0,"enemies":"2 Thieves","floor":18.0,"turns":4.0},{"damage":20.0,"enemies":"Slavers","floor":24.0,"turns":3.0},{"damage":0.0,"enemies":"Spheric Guardian","floor":27.0,"turns":3.0},{"damage":70.0,"enemies":"Automaton","floor":33.0,"turns":9.0},{"damage":5.0,"enemies":"3 Shapes","floor":35.0,"turns":4.0},{"damage":29.0,"enemies":"3 Darklings","floor":36.0,"turns":4.0},{"damage":0.0,"enemies":"Mind Bloom Boss Battle","floor":38.0,"turns":5.0},{"damage":36.0,"enemies":"Reptomancer","floor":45.0,"turns":5.0},{"damage":18.0,"enemies":"Sphere and 2 Shapes","floor":46.0,"turns":7.0},{"damage":9.0,"enemies":"Nemesis","floor":48.0,"turns":9.0},{"damage":72,"enemies":"Donu and Deca","floor":50,"turns":13}],"seed_played":"5513666945492581537","potions_obtained":[{"floor":3.0,"key":"Strength Potion"},{"floor":5.0,"key":"Explosive Potion"},{"floor":7.0,"key":"BloodPotion"},{"floor":8.0,"key":"Fire Potion"},{"floor":11.0,"key":"Swift Potion"},{"floor":16.0,"key":"FearPotion"},{"floor":35.0,"key":"Fire Potion"}],"is_trial":false,"path_per_floor":["M","$","M","?","?","R","M","E","T","R","M","?","M","E","R","B",null,"M","?","?","$","T","R","E","R","T","M","R","?","R","?","R","B",null,"M","M","?","?","?","R","?","R","T","?","E","M","R","E","R","B",null],"character_chosen":"IRONCLAD","items_purchased":["Metallicize","Dodecahedron"],"campfire_rested":0,"item_purchase_floors":[2,21],"current_hp_per_floor":[78,78,80,69,69,69,75,52,52,52,58,63,60,44,44,23,70,64,48,48,48,48,48,34,34,34,40,40,40,40,40,40,11,47,55,43,43,59,59,59,56,56,56,56,35,45,45,52,52,31],"gold":3,"neow_bonus":"THREE_ENEMY_KILL","is_prod":false,"is_daily":false,"chose_seed":false,"campfire_upgraded":12,"win_rate":0,"timestamp":1556129092,"path_taken":["M","$","M","?","?","R","M","E","T","R","?","?","M","E","R","BOSS","M","?","?","$","?","R","E","R","T","M","R","?","R","?","R","BOSS","M","M","?","?","?","R","?","R","T","?","E","M","R","E","R","BOSS"],"build_version":"2019-01-23","purchased_purges":0,"victory":true,"max_hp_per_floor":[80,80,80,80,80,80,80,80,80,80,80,85,85,85,85,85,85,85,85,85,85,85,85,85,85,85,85,85,85,85,59,59,59,59,59,59,59,59,59,59,56,56,56,56,56,56,56,56,56,56],"card_choices":[{"not_picked":["Burning Pact","Anger"],"picked":"Shrug It Off","floor":1.0},{"not_picked":["Pommel Strike","Sword Boomerang"],"picked":"Cleave","floor":3.0},{"not_picked":["Thunderclap","Dual Wield","Entrench"],"picked":"SKIP","floor":7.0},{"not_picked":["Metallicize","Shrug It Off"],"picked":"Uppercut","floor":8.0},{"not_picked":["Perfected Strike","Wild Strike"],"picked":"Iron Wave","floor":11.0},{"not_picked":["Seeing Red","Thunderclap","Second Wind"],"picked":"SKIP","floor":13.0},{"not_picked":["Dropkick","Flex","Limit Break"],"picked":"SKIP","floor":14.0},{"not_picked":["True Grit","Armaments","Clash"],"picked":"SKIP","floor":18.0},{"not_picked":["Clash","Shrug It Off"],"picked":"Twin Strike+1","floor":24.0},{"not_picked":["Twin Strike","Disarm","Wild Strike"],"picked":"SKIP","floor":27.0},{"not_picked":["Iron Wave","Hemokinesis+1"],"picked":"Metallicize+1","floor":34.0},{"not_picked":["Hemokinesis","Combust"],"picked":"Flex+1","floor":34.0},{"not_picked":["Twin Strike","Reckless Charge"],"picked":"Wild Strike+1","floor":34.0},{"not_picked":["Iron Wave","Dual Wield"],"picked":"Pommel Strike+1","floor":35.0},{"not_picked":["Heavy Blade+1","Havoc"],"picked":"Flame Barrier","floor":36.0},{"not_picked":["Panacea","HandOfGreed"],"picked":"Blind","floor":44.0},{"not_picked":["Reaper","Clothesline+1"],"picked":"Carnage+1","floor":45.0},{"not_picked":["Bloodletting+1","Headbutt+1","Seeing Red"],"picked":"SKIP","floor":46.0},{"not_picked":["Warcry+1","Disarm","Iron Wave"],"picked":"SKIP","floor":48.0}],"player_experience":528323,"relics_obtained":[{"floor":8.0,"key":"Red Skull"},{"floor":9.0,"key":"Mummified Hand"},{"floor":14.0,"key":"Ornamental Fan"},{"floor":19.0,"key":"Enchiridion"},{"floor":22.0,"key":"Shuriken"},{"floor":24.0,"key":"Pantograph"},{"floor":26.0,"key":"Juzu Bracelet"},{"floor":38.0,"key":"Dead Branch"},{"floor":43.0,"key":"Meat on the Bone"},{"floor":45.0,"key":"Centennial Puzzle"},{"floor":48.0,"key":"Oddly Smooth Stone"}],"event_choices":[{"damage_healed":0.0,"max_hp_gain":0.0,"max_hp_loss":0.0,"gold_gain":75.0,"event_name":"World of Goop","player_choice":"Gather Gold","floor":4.0,"gold_loss":0.0,"damage_taken":11.0},{"damage_healed":0.0,"max_hp_gain":0.0,"max_hp_loss":0.0,"gold_gain":0.0,"event_name":"The Woman in Blue","player_choice":"Bought 1 Potion","floor":5.0,"gold_loss":0.0,"damage_taken":0.0},{"damage_healed":0.0,"max_hp_gain":5.0,"max_hp_loss":0.0,"gold_gain":0.0,"event_name":"Big Fish","player_choice":"Donut","floor":12.0,"gold_loss":0.0,"damage_taken":0.0},{"damage_healed":0.0,"max_hp_gain":0.0,"max_hp_loss":0.0,"gold_gain":0.0,"event_name":"Cursed Tome","player_choice":"Obtained Book","floor":19.0,"gold_loss":0.0,"damage_taken":16.0},{"damage_healed":0.0,"max_hp_gain":0.0,"max_hp_loss":0.0,"gold_gain":0.0,"event_name":"The Mausoleum","player_choice":"Opened","floor":20.0,"gold_loss":0.0,"damage_taken":0.0,"relics_obtained":["PreservedInsect"]},{"damage_healed":0.0,"max_hp_gain":0.0,"max_hp_loss":26.0,"gold_gain":0.0,"event_name":"Vampires","player_choice":"Became a vampire","floor":31.0,"gold_loss":0.0,"damage_taken":0.0,"cards_obtained":["Bite","Bite","Bite","Bite","Bite"]},{"cards_removed":["Bite"],"damage_healed":0.0,"max_hp_gain":0.0,"max_hp_loss":0.0,"gold_gain":0.0,"event_name":"Falling","player_choice":"Removed Attack","floor":37.0,"gold_loss":0.0,"damage_taken":0.0},{"damage_healed":0.0,"max_hp_gain":0.0,"max_hp_loss":0.0,"gold_gain":0.0,"event_name":"MindBloom","player_choice":"Fight","floor":38.0,"gold_loss":0.0,"damage_taken":0.0},{"cards_removed":["Defend_R"],"damage_healed":0.0,"max_hp_gain":0.0,"max_hp_loss":0.0,"gold_gain":0.0,"event_name":"Purifier","player_choice":"Purged","floor":39.0,"gold_loss":0.0,"damage_taken":0.0},{"damage_healed":0.0,"max_hp_gain":0.0,"max_hp_loss":3.0,"gold_gain":0.0,"event_name":"Winding Halls","player_choice":"Max HP","floor":41.0,"gold_loss":0.0,"damage_taken":0.0},{"damage_healed":0.0,"max_hp_gain":0.0,"max_hp_loss":0.0,"gold_gain":0.0,"event_name":"SensoryStone","player_choice":"Memory 1","floor":44.0,"gold_loss":0.0,"damage_taken":0.0}],"is_beta":false,"boss_relics":[{"not_picked":["Philosopher\u0027s Stone","Fusion Hammer"],"picked":"Ectoplasm"},{"not_picked":["Black Blood","White Beast Statue"],"picked":"Orrery"}],"items_purged_floors":[],"is_endless":false,"potions_floor_spawned":[3,7,8,11,16,18,35,36,38,48],"ascension_level":8}