{"gold_per_floor":[119,96,109,109,123,156,156,30,53,73,33,64,64,64,64,167,167,178,10,27,27,27,27,39,138,138,88,88],"floor_reached":28,"playtime":969,"items_purged":["Strike_B","Strike_B"],"score":358,"play_id":"961424ba-1f03-418c-9ab9-5059a08aeaff","local_time":"20190501162355","is_ascension_mode":true,"campfire_choices":[{"data":"Zap","floor":7,"key":"SMITH"},{"data":"Darkness","floor":13,"key":"SMITH"},{"floor":15,"key":"REST"},{"floor":23,"key":"REST"}],"neow_cost":"NONE","seed_source_timestamp":1266706125203578,"circlet_count":0,"master_deck":["AscendersBane","Strike_B","Defend_B","Defend_B","Defend_B","Defend_B","Zap+1","Dualcast","Steam","Go for the Eyes","Gash","Darkness","Ball Lightning","Conserve Battery","Undo","Darkness+1","Ball Lightning","Seek","Leap","Self Repair"],"relics":["Cracked Core","Vajra","Juzu Bracelet","Boot","Bag of Marbles","White Beast Statue","Nilry\u0027s Codex","Mercury Hourglass"],"potions_floor_usage":[6,12,16,24],"damage_taken":[{"damage":1,"enemies":"Cultist","floor":1,"turns":3},{"damage":1,"enemies":"2 Louse","floor":3,"turns":3},{"damage":2,"enemies":"Jaw Worm","floor":5,"turns":3},{"damage":26,"enemies":"Gremlin Nob","floor":6,"turns":4},{"damage":1,"enemies":"Exordium Wildlife","floor":10,"turns":2},{"damage":21,"enemies":"Lagavulin","floor":12,"turns":8},{"damage":20,"enemies":"The Guardian","floor":16,"turns":8},{"damage":29,"enemies":"2 Thieves","floor":18,"turns":4},{"damage":8,"enemies":"Shell Parasite","floor":20,"turns":7},{"damage":16,"enemies":"Snake Plant","floor":24,"turns":5},{"damage":33,"enemies":"Snecko","floor":28,"turns":5}],"seed_played":"-6914400214915765033","potions_obtained":[{"floor":1,"key":"Weak Potion"},{"floor":6,"key":"SteroidPotion"},{"floor":10,"key":"Regen Potion"},{"floor":12,"key":"Block Potion"},{"floor":18,"key":"Block Potion"},{"floor":20,"key":"Strength Potion"},{"floor":24,"key":"Poison Potion"}],"is_trial":false,"path_per_floor":["M","$","M","?","M","E","R","$","T","M","$","E","R","$","R","B",null,"M","$","M","?","?","R","M","?","T","?","M"],"character_chosen":"DEFECT","items_purchased":["Go for the Eyes","Conserve Battery","Darkness","Self Repair"],"campfire_rested":2,"item_purchase_floors":[2,8,11,19],"current_hp_per_floor":[67,67,66,66,64,38,38,38,38,37,37,28,28,28,50,30,64,35,35,34,18,18,40,31,31,31,31,0],"gold":88,"neow_bonus":"RANDOM_COMMON_RELIC","is_prod":false,"is_daily":false,"chose_seed":false,"campfire_upgraded":2,"win_rate":0,"timestamp":1556742235,"path_taken":["M","?","M","?","?","E","R","$","T","M","?","E","R","$","R","BOSS","M","$","M","?","?","R","M","?","T","?","M"],"build_version":"2019-01-23","purchased_purges":2,"victory":false,"max_hp_per_floor":[75,75,75,75,75,75,75,75,75,75,75,75,75,75,75,75,75,75,75,75,75,75,75,75,75,75,75,75],"card_choices":[{"not_picked":["Double Energy","Heatsinks"],"picked":"Steam","floor":1},{"not_picked":["Streamline","Conserve Battery"],"picked":"Gash","floor":3},{"not_picked":["Self Repair","Chaos"],"picked":"Darkness","floor":5},{"not_picked":["Beam Cell","Multi-Cast"],"picked":"Ball Lightning","floor":6},{"not_picked":["Force Field","Hologram"],"picked":"Undo","floor":10},{"not_picked":["Compile Driver","BootSequence"],"picked":"Ball Lightning","floor":12},{"not_picked":["Thunder Strike","All For One"],"picked":"Seek","floor":16},{"not_picked":["Hologram","Static Discharge+1"],"picked":"Leap","floor":18},{"not_picked":["Ball Lightning+1","Aggregate","Conserve Battery"],"picked":"SKIP","floor":20},{"not_picked":["Beam Cell","Hologram+1","Barrage"],"picked":"SKIP","floor":24}],"player_experience":151893,"relics_obtained":[{"floor":6,"key":"Juzu Bracelet"},{"floor":9,"key":"Boot"},{"floor":12,"key":"Bag of Marbles"},{"floor":21,"key":"Nilry\u0027s Codex"},{"floor":26,"key":"Mercury Hourglass"}],"event_choices":[{"cards_removed":["Strike_B"],"damage_healed":0,"gold_gain":0,"player_choice":"Card Removal","damage_taken":0,"max_hp_gain":0,"max_hp_loss":0,"event_name":"Wheel of Change","floor":4,"gold_loss":0},{"damage_healed":0,"gold_gain":0,"player_choice":"Obtained Book","damage_taken":16,"max_hp_gain":0,"max_hp_loss":0,"event_name":"Cursed Tome","floor":21,"gold_loss":0},{"damage_healed":0,"gold_gain":0,"player_choice":"Leave","damage_taken":0,"max_hp_gain":0,"max_hp_loss":0,"event_name":"FaceTrader","floor":22,"gold_loss":0},{"damage_healed":0,"gold_gain":99,"player_choice":"Stole From Cult","damage_taken":0,"max_hp_gain":0,"max_hp_loss":0,"event_name":"Nest","floor":25,"gold_loss":0},{"damage_healed":0,"gold_gain":0,"player_choice":"Bet on Owner","damage_taken":0,"max_hp_gain":0,"max_hp_loss":0,"event_name":"The Joust","floor":27,"gold_loss":50}],"is_beta":false,"boss_relics":[{"not_picked":["FrozenCore","Runic Pyramid"],"picked":"White Beast Statue"}],"items_purged_floors":[8,19],"is_endless":false,"potions_floor_spawned":[1,6,10,12,18,20,24],"killed_by":"Snecko","ascension_level":12}