{"gold_per_floor":[117,134,209,221,232,232,249,261,261,261,272,298,173,189,189,291,291,305,355,93,93,111,111,123,123,177,190,190,190,190,203,203,304,304,319,419,419,435,449,449,210,210,260,55,55,72,0,0,0,0],"floor_reached":51,"playtime":1790,"items_purged":[],"score":649,"play_id":"c5585643-d808-4179-bd87-894ff6bc46c0","local_time":"20181103075108","is_ascension_mode":false,"campfire_choices":[{"data":"Twin Strike","floor":6,"key":"SMITH"},{"data":"Thunderclap","floor":10,"key":"SMITH"},{"data":"Inflame","floor":15,"key":"SMITH"},{"data":"Armaments","floor":23,"key":"SMITH"},{"data":"Uppercut","floor":25,"key":"SMITH"},{"floor":32,"key":"REST"},{"data":"Double Tap","floor":40,"key":"SMITH"},{"floor":42,"key":"REST"},{"data":"Inflame","floor":45,"key":"SMITH"},{"data":"Flex","floor":49,"key":"SMITH"}],"neow_cost":"TEN_PERCENT_HP_LOSS","seed_source_timestamp":9940184240074,"circlet_count":0,"master_deck":["Strike_R","Strike_R","Strike_R","Strike_R","Strike_R","Defend_R","Defend_R","Defend_R","Defend_R","Bash","Twin Strike+1","Pommel Strike","Iron Wave","Thunderclap+1","Uppercut+1","Inflame+1","Flex+1","Armaments+1","Heavy Blade","Combust+1","Metallicize+1","Sword Boomerang","Inflame+1","Necronomicurse","Flex+1","Double Tap+1","Heavy Blade+1","True Grit+1","Panacea"],"relics":["Burning Blood","Incense Burner","Pear","Paper Frog","Orrery","Bottled Tornado","The Courier","Juzu Bracelet","Nunchaku","Necronomicon","Busted Crown","Torii","Oddly Smooth Stone","Lantern","Dream Catcher","Gremlin Horn","Red Mask"],"potions_floor_usage":[16,18,33,33,33,46,50],"damage_taken":[{"damage":1,"enemies":"2 Louse","floor":1,"turns":5},{"damage":1,"enemies":"Cultist","floor":2,"turns":3},{"damage":0,"enemies":"Small Slimes","floor":4,"turns":2},{"damage":28,"enemies":"Exordium Thugs","floor":5,"turns":5},{"damage":8,"enemies":"Red Slaver","floor":7,"turns":3},{"damage":0,"enemies":"Gremlin Gang","floor":8,"turns":3},{"damage":13,"enemies":"Large Slime","floor":11,"turns":6},{"damage":2,"enemies":"Gremlin Nob","floor":12,"turns":4},{"damage":1,"enemies":"2 Fungi Beasts","floor":14,"turns":3},{"damage":14,"enemies":"Slime Boss","floor":16,"turns":7},{"damage":24,"enemies":"3 Byrds","floor":18,"turns":6},{"damage":2,"enemies":"Chosen","floor":22,"turns":3},{"damage":18,"enemies":"Centurion and Healer","floor":24,"turns":8},{"damage":9,"enemies":"Cultist and Chosen","floor":27,"turns":5},{"damage":7,"enemies":"3 Cultists","floor":31,"turns":3},{"damage":25,"enemies":"Collector","floor":33,"turns":7},{"damage":14,"enemies":"Orb Walker","floor":35,"turns":3},{"damage":6,"enemies":"Mind Bloom Boss Battle","floor":36,"turns":5},{"damage":18,"enemies":"3 Shapes","floor":38,"turns":5},{"damage":30,"enemies":"Jaw Worm Horde","floor":39,"turns":4},{"damage":4,"enemies":"4 Shapes","floor":46,"turns":3},{"damage":61,"enemies":"Donu and Deca","floor":50,"turns":8}],"seed_played":"-8879181571937376887","potions_obtained":[{"floor":2,"key":"Ancient Potion"},{"floor":8,"key":"EssenceOfSteel"},{"floor":11,"key":"Block Potion"},{"floor":14,"key":"AttackPotion"},{"floor":16,"key":"Ancient Potion"},{"floor":22,"key":"EssenceOfSteel"},{"floor":27,"key":"Regen Potion"},{"floor":36,"key":"Swift Potion"},{"floor":38,"key":"FearPotion"}],"is_trial":false,"path_per_floor":["M","M","?","M","M","R","M","M","T","R","M","E","$","M","R","B",null,"M","?","$","T","M","R","M","R","T","M","?","?","?","M","R","B",null,"M","?","?","M","M","R","$","R","T","$","R","M","?","?","R","B",null],"character_chosen":"IRONCLAD","items_purchased":["Inflame","Flex","Bottled Tornado","Oddly Smooth Stone","Lantern","Gremlin Horn"],"campfire_rested":2,"item_purchase_floors":[13,13,20,41,41,44],"current_hp_per_floor":[72,72,65,71,49,49,47,53,63,63,56,60,60,65,65,57,82,64,64,64,64,68,68,56,56,56,53,53,53,37,36,60,56,82,74,74,74,62,38,38,38,62,62,62,62,64,64,64,64,9],"gold":0,"neow_bonus":"ONE_RARE_RELIC","is_prod":false,"is_daily":false,"chose_seed":false,"campfire_upgraded":8,"win_rate":0,"timestamp":1541191868,"path_taken":["M","M","?","M","?","R","M","?","T","R","?","E","$","M","R","BOSS","M","?","$","?","?","R","M","R","T","M","?","?","?","M","R","BOSS","M","?","?","M","M","R","$","R","T","$","R","M","?","?","R","BOSS"],"build_version":"2018-11-01v2","purchased_purges":0,"victory":true,"max_hp_per_floor":[72,72,72,72,72,72,72,72,82,82,82,82,82,82,82,82,82,82,82,82,82,82,82,82,82,82,82,82,82,82,82,82,82,82,82,82,82,82,82,82,82,82,82,82,82,82,82,82,82,82],"card_choices":[{"not_picked":["Havoc","Armaments"],"picked":"Twin Strike","floor":1},{"not_picked":["Battle Trance","Flex"],"picked":"Pommel Strike","floor":2},{"not_picked":["Flame Barrier","Pommel Strike","Havoc"],"picked":"SKIP","floor":4},{"not_picked":["Body Slam","Sever Soul","Fire Breathing"],"picked":"SKIP","floor":5},{"not_picked":["Body Slam","Sever Soul","Fire Breathing"],"picked":"SKIP","floor":5},{"not_picked":["Pommel Strike","Sword Boomerang"],"picked":"Iron Wave","floor":7},{"not_picked":["Sentinel","Warcry"],"picked":"Thunderclap","floor":8},{"not_picked":["Second Wind","Thunderclap","Body Slam"],"picked":"SKIP","floor":11},{"not_picked":["Fiend Fire","Pommel Strike"],"picked":"Uppercut","floor":12},{"not_picked":["True Grit","Wild Strike","Warcry"],"picked":"SKIP","floor":14},{"not_picked":["Dark Embrace","Clothesline"],"picked":"Armaments","floor":17},{"not_picked":["Sentinel","Iron Wave"],"picked":"Heavy Blade","floor":17},{"not_picked":["Wild Strike","Sentinel"],"picked":"Combust+1","floor":18},{"not_picked":["True Grit","Inflame+1"],"picked":"Metallicize+1","floor":22},{"not_picked":["Intimidate","Power Through"],"picked":"Sword Boomerang","floor":24},{"not_picked":["Wild Strike","Intimidate"],"picked":"Inflame","floor":27},{"not_picked":["Flame Barrier+1","Armaments"],"picked":"Flex+1","floor":31},{"not_picked":["Dark Embrace","Offering"],"picked":"Double Tap","floor":33},{"not_picked":["Warcry+1"],"picked":"SKIP","floor":35},{"not_picked":[],"picked":"Heavy Blade+1","floor":38},{"not_picked":["Clash"],"picked":"SKIP","floor":39},{"not_picked":[],"picked":"True Grit+1","floor":46},{"not_picked":[],"picked":"Panacea","floor":48}],"player_experience":155629,"relics_obtained":[{"floor":9,"key":"Pear"},{"floor":12,"key":"Paper Frog"},{"floor":21,"key":"The Courier"},{"floor":26,"key":"Juzu Bracelet"},{"floor":30,"key":"Necronomicon"},{"floor":36,"key":"Torii"},{"floor":43,"key":"Dream Catcher"}],"event_choices":[{"damage_healed":0,"gold_gain":75,"player_choice":"Touch","damage_taken":7,"max_hp_gain":0,"max_hp_loss":0,"event_name":"FaceTrader","floor":3,"gold_loss":0},{"damage_healed":0,"gold_gain":100,"player_choice":"Bet on Murderer","damage_taken":0,"max_hp_gain":0,"max_hp_loss":0,"event_name":"The Joust","floor":19,"gold_loss":50},{"damage_healed":0,"gold_gain":0,"player_choice":"Ignored","damage_taken":0,"max_hp_gain":0,"max_hp_loss":0,"event_name":"Ghosts","floor":28,"gold_loss":0},{"damage_healed":0,"gold_gain":0,"player_choice":"Opened","damage_taken":0,"relics_obtained":["Nunchaku"],"max_hp_gain":0,"max_hp_loss":0,"event_name":"The Mausoleum","floor":29,"gold_loss":0},{"damage_healed":0,"gold_gain":0,"player_choice":"Obtained Book","damage_taken":16,"max_hp_gain":0,"max_hp_loss":0,"event_name":"Cursed Tome","floor":30,"gold_loss":0},{"damage_healed":0,"gold_gain":0,"player_choice":"Fight","damage_taken":0,"max_hp_gain":0,"max_hp_loss":0,"event_name":"MindBloom","floor":36,"gold_loss":0},{"cards_removed":["Iron Wave"],"damage_healed":0,"gold_gain":0,"player_choice":"Took Card","damage_taken":0,"max_hp_gain":0,"max_hp_loss":0,"event_name":"NoteForYourself","floor":37,"gold_loss":0,"cards_obtained":["Iron Wave"]},{"damage_healed":0,"gold_gain":0,"player_choice":"Paid","damage_taken":0,"relics_obtained":["Red Mask"],"max_hp_gain":0,"max_hp_loss":0,"event_name":"Tomb of Lord Red Mask","floor":47,"gold_loss":72},{"damage_healed":0,"gold_gain":0,"player_choice":"Memory 1","damage_taken":0,"max_hp_gain":0,"max_hp_loss":0,"event_name":"SensoryStone","floor":48,"gold_loss":0}],"is_beta":true,"boss_relics":[{"not_picked":["Fusion Hammer","Eternal Feather"],"picked":"Orrery"},{"not_picked":["White Beast Statue","Black Star"],"picked":"Busted Crown"}],"items_purged_floors":[],"is_endless":false,"potions_floor_spawned":[2,8,11,12,14,16,22,27,36,38],"ascension_level":0}