{"gold_per_floor":[119,139,157,175,175,200,200,226,226,244,244,277,287,134,134,230,230,250,83,99,113,38,38],"floor_reached":23,"playtime":1454,"items_purged":["Strike_B","Strike_B"],"score":277,"play_id":"5ceddbb0-eecd-4f0b-b571-fe8ee4a23258","local_time":"20190605223841","is_ascension_mode":true,"campfire_choices":[{"floor":7,"key":"REST"},{"data":"Zap","floor":11,"key":"SMITH"},{"data":"Melter","floor":15,"key":"SMITH"}],"neow_cost":"NONE","seed_source_timestamp":442419533303978,"circlet_count":0,"master_deck":["Strike_B","Defend_B+1","Defend_B","Defend_B","Defend_B","Zap+1","Dualcast+1","Coolheaded","Glacier","Self Repair","Cold Snap","Ball Lightning","Melter+1","Echo Form","Capacitor","Defragment","Compile Driver"],"special_seed":0,"relics":["Cracked Core","War Paint","Du-Vu Doll","DataDisk","Singing Bowl","Strawberry","Gambling Chip","Runic Pyramid"],"potions_floor_usage":[6,12,12,20,23],"damage_taken":[{"damage":1,"enemies":"Jaw Worm","floor":1,"turns":4},{"damage":1,"enemies":"2 Louse","floor":2,"turns":2},{"damage":8,"enemies":"Small Slimes","floor":3,"turns":3},{"damage":1,"enemies":"Looter","floor":4,"turns":4},{"damage":32,"enemies":"Gremlin Nob","floor":6,"turns":5},{"damage":11,"enemies":"Lagavulin","floor":8,"turns":12},{"damage":0,"enemies":"2 Fungi Beasts","floor":10,"turns":5},{"damage":16,"enemies":"Gremlin Nob","floor":12,"turns":4},{"damage":5,"enemies":"3 Louse","floor":13,"turns":5},{"damage":9,"enemies":"Slime Boss","floor":16,"turns":11},{"damage":0,"enemies":"Spheric Guardian","floor":18,"turns":2},{"damage":17,"enemies":"3 Byrds","floor":20,"turns":5},{"damage":15,"enemies":"Snecko","floor":21,"turns":6},{"damage":56,"enemies":"Gremlin Leader","floor":23,"turns":4}],"seed_played":"2940161760597891243","potions_obtained":[{"floor":1,"key":"GamblersBrew"},{"floor":2,"key":"PowerPotion"},{"floor":3,"key":"FearPotion"},{"floor":8,"key":"Block Potion"},{"floor":18,"key":"SkillPotion"}],"is_trial":false,"path_per_floor":["M","M","M","M","?","E","R","E","T","M","R","E","M","$","R","B",null,"M","$","M","M","?","E"],"character_chosen":"DEFECT","items_purchased":["Melter","Capacitor"],"campfire_rested":1,"item_purchase_floors":[14,19],"current_hp_per_floor":[67,66,58,57,50,18,40,29,36,45,45,36,38,38,38,36,72,74,74,64,56,56,0],"gold":38,"neow_bonus":"RANDOM_COMMON_RELIC","is_prod":false,"is_daily":false,"chose_seed":false,"campfire_upgraded":2,"win_rate":0,"timestamp":1559795921,"path_taken":["M","M","M","M","?","E","R","E","T","M","R","E","M","$","R","BOSS","M","$","M","M","?","E"],"build_version":"2019-01-23","purchased_purges":2,"victory":false,"max_hp_per_floor":[75,75,75,75,75,75,75,75,82,84,84,84,84,84,84,84,84,86,86,86,86,86,86],"card_choices":[{"not_picked":["Reprogram","Rebound","Redo"],"picked":"SKIP","floor":1},{"not_picked":["Gash","Redo","Turbo"],"picked":"SKIP","floor":2},{"not_picked":["Rebound","Heatsinks"],"picked":"Coolheaded","floor":3},{"not_picked":["Hologram","Sunder","Stack"],"picked":"SKIP","floor":4},{"not_picked":["Auto Shields","Sweeping Beam"],"picked":"Glacier","floor":6},{"not_picked":["Steam Power","Creative AI"],"picked":"Self Repair","floor":8},{"not_picked":["Sunder","Beam Cell","Coolheaded"],"picked":"Singing Bowl","floor":10},{"not_picked":["Darkness","All For One"],"picked":"Cold Snap","floor":12},{"not_picked":["Barrage","Go for the Eyes"],"picked":"Ball Lightning","floor":13},{"not_picked":["Fission","Biased Cognition"],"picked":"Echo Form","floor":16},{"not_picked":["Gash","Genetic Algorithm","Ball Lightning"],"picked":"Singing Bowl","floor":18},{"not_picked":["FTL+1","Rebound"],"picked":"Defragment","floor":20},{"not_picked":["Gash","Turbo+1"],"picked":"Compile Driver","floor":21}],"player_experience":691333,"relics_obtained":[{"floor":6,"key":"DataDisk"},{"floor":8,"key":"Singing Bowl"},{"floor":9,"key":"Strawberry"},{"floor":12,"key":"Gambling Chip"}],"event_choices":[{"damage_healed":0,"gold_gain":0,"player_choice":"Success","damage_taken":7,"relics_obtained":["Du-Vu Doll"],"max_hp_gain":0,"max_hp_loss":0,"event_name":"Scrap Ooze","floor":5,"gold_loss":0},{"cards_removed":["Strike_B"],"damage_healed":0,"gold_gain":0,"player_choice":"Gave Gold","damage_taken":0,"max_hp_gain":0,"max_hp_loss":0,"event_name":"Beggar","floor":22,"gold_loss":75}],"is_beta":false,"boss_relics":[{"not_picked":["Empty Cage","Lizard Tail"],"picked":"Runic Pyramid"}],"items_purged_floors":[14,19],"is_endless":false,"potions_floor_spawned":[1,2,3,8,18],"killed_by":"Gremlin Leader","ascension_level":6}