{"gold_per_floor":[114,114,36,211,211,211,237,237,237,237,15,15,27,46,46,142,142,153,53,73,73,73,73,91,91,91,91,103,134,148,148,148,244,244,259,276,33,45,45,45,57,57,57,57,57,57,72,100,100,100],"floor_reached":51,"playtime":8846,"items_purged":["Defend_B","Defend_B"],"score":938,"play_id":"2fb96d94-e632-4216-ac2c-712a1848ad63","local_time":"20190104152221","is_ascension_mode":true,"campfire_choices":[{"data":"Defragment","floor":6.0,"key":"SMITH"},{"data":"Hologram","floor":8.0,"key":"SMITH"},{"data":"Zap","floor":10.0,"key":"SMITH"},{"data":"Defend_B","floor":12.0,"key":"SMITH"},{"floor":15.0,"key":"REST"},{"data":"Fission","floor":23.0,"key":"SMITH"},{"floor":25.0,"key":"REST"},{"data":"Leap","floor":32.0,"key":"SMITH"},{"data":"Dualcast","floor":40.0,"key":"SMITH"},{"data":"Lockon","floor":42.0,"key":"SMITH"},{"data":"Ball Lightning","floor":44.0,"key":"SMITH"},{"floor":49.0,"key":"REST"}],"neow_cost":"TEN_PERCENT_HP_LOSS","seed_source_timestamp":1340740044835000,"circlet_count":0,"master_deck":["Defend_B+1","Zap+1","Dualcast+1","Hologram+1","Defragment+1","Ball Lightning+1","Seek","Fission+1","Lockon+1","Undo+1","Steam+1","Electrodynamics","Leap+1","Double Energy+1","All For One+1","Go for the Eyes+1","Scrape+1","Bandage Up"],"special_seed":0,"relics":["Cracked Core","CultistMask","Whetstone","Bottled Flame","Regal Pillow","Busted Crown","Molten Egg 2","Turnip","Astrolabe","War Paint","Sundial","Spirit Poop","Cables"],"potions_floor_usage":[50],"damage_taken":[{"damage":4.0,"enemies":"Jaw Worm","floor":1.0,"turns":4.0},{"damage":32.0,"enemies":"Lagavulin","floor":7.0,"turns":8.0},{"damage":0.0,"enemies":"Cultist","floor":13.0,"turns":2.0},{"damage":7.0,"enemies":"2 Louse","floor":14.0,"turns":2.0},{"damage":11.0,"enemies":"The Guardian","floor":16.0,"turns":11.0},{"damage":4.0,"enemies":"Shell Parasite","floor":18.0,"turns":5.0},{"damage":0.0,"enemies":"Chosen","floor":20.0,"turns":3.0},{"damage":22.0,"enemies":"Colosseum Slavers","floor":21.0,"turns":3.0},{"damage":19.0,"enemies":"Snake Plant","floor":24.0,"turns":3.0},{"damage":0.0,"enemies":"Cultist and Chosen","floor":28.0,"turns":4.0},{"damage":9.0,"enemies":"Gremlin Leader","floor":29.0,"turns":3.0},{"damage":0.0,"enemies":"3 Cultists","floor":30.0,"turns":3.0},{"damage":4.0,"enemies":"Collector","floor":33.0,"turns":8.0},{"damage":0.0,"enemies":"3 Shapes","floor":35.0,"turns":3.0},{"damage":0.0,"enemies":"Orb Walker","floor":36.0,"turns":2.0},{"damage":7.0,"enemies":"Transient","floor":38.0,"turns":5.0},{"damage":3.0,"enemies":"Jaw Worm Horde","floor":41.0,"turns":3.0},{"damage":0.0,"enemies":"Giant Head","floor":46.0,"turns":1.0},{"damage":0.0,"enemies":"Maw","floor":47.0,"turns":5.0},{"damage":24.0,"enemies":"Nemesis","floor":48.0,"turns":5.0},{"damage":53,"enemies":"Awakened One","floor":50,"turns":12}],"seed_played":"-2990241175840769143","potions_obtained":[{"floor":1.0,"key":"Poison Potion"},{"floor":16.0,"key":"GamblersBrew"},{"floor":30.0,"key":"SmokeBomb"},{"floor":33.0,"key":"Energy Potion"},{"floor":41.0,"key":"Fruit Juice"},{"floor":47.0,"key":"PowerPotion"}],"is_trial":false,"path_per_floor":["M","?","$","?","?","R","E","R","T","R","$","R","M","M","R","B",null,"M","$","M","?","?","R","M","R","T","?","M","E","M","?","R","B",null,"M","M","$","M","$","R","M","R","T","R","?","E","M","E","R","B",null],"character_chosen":"DEFECT","items_purchased":["Defragment","Regal Pillow","War Paint","Bandage Up"],"campfire_rested":3,"item_purchase_floors":[3,11,37,37],"current_hp_per_floor":[64,64,64,64,57,57,25,25,25,25,25,25,25,18,53,42,62,58,58,58,36,36,36,17,52,52,52,52,43,43,43,43,39,61,61,61,61,58,58,58,64,64,64,64,64,64,68,48,73,24],"gold":100,"neow_bonus":"REMOVE_TWO","is_prod":false,"is_daily":false,"chose_seed":false,"campfire_upgraded":9,"win_rate":0,"timestamp":1546640541,"path_taken":["M","?","?","?","?","R","E","R","T","R","$","R","M","M","R","BOSS","M","$","M","?","?","R","M","R","T","?","?","E","M","?","R","BOSS","M","M","$","M","$","R","M","R","T","R","?","E","?","E","R","BOSS"],"build_version":"2019-01-03v3","purchased_purges":2,"victory":true,"max_hp_per_floor":[68,68,68,68,68,68,68,68,68,68,68,68,68,68,68,68,68,68,68,68,68,68,68,68,68,68,68,68,68,68,68,68,68,68,68,68,68,68,68,68,73,73,73,73,73,73,73,73,73,73],"card_choices":[{"not_picked":["White Noise","Storm"],"picked":"Hologram","floor":1.0},{"not_picked":["Leap","Go for the Eyes"],"picked":"Ball Lightning","floor":7.0},{"not_picked":["Gash","Go for the Eyes"],"picked":"Seek","floor":13.0},{"not_picked":["Aggregate","Beam Cell","Go for the Eyes"],"picked":"SKIP","floor":14.0},{"not_picked":["Echo Form","Reboot"],"picked":"Fission","floor":16.0},{"not_picked":[],"picked":"Lockon","floor":18.0},{"not_picked":[],"picked":"Undo","floor":20.0},{"not_picked":[],"picked":"Steam","floor":24.0},{"not_picked":["Reprogram+1"],"picked":"SKIP","floor":28.0},{"not_picked":[],"picked":"Leap","floor":29.0},{"not_picked":["Barrage+1"],"picked":"SKIP","floor":30.0},{"not_picked":[],"picked":"Scrape+1","floor":35.0},{"not_picked":["Scrape+1"],"picked":"SKIP","floor":36.0},{"not_picked":["Scrape+1"],"picked":"SKIP","floor":38.0},{"not_picked":["Go for the Eyes+1"],"picked":"SKIP","floor":41.0},{"not_picked":["Beam Cell+1"],"picked":"SKIP","floor":47.0},{"not_picked":["Beam Cell+1"],"picked":"SKIP","floor":48.0}],"player_experience":336085,"relics_obtained":[{"floor":7.0,"key":"Whetstone"},{"floor":9.0,"key":"Bottled Flame"},{"floor":26.0,"key":"Molten Egg 2"},{"floor":29.0,"key":"Turnip"},{"floor":43.0,"key":"Sundial"},{"floor":48.0,"key":"Cables"}],"event_choices":[{"damage_healed":0.0,"max_hp_gain":0.0,"max_hp_loss":0.0,"gold_gain":0.0,"event_name":"FaceTrader","player_choice":"Trade","floor":2.0,"gold_loss":0.0,"damage_taken":0.0,"relics_obtained":["CultistMask"]},{"damage_healed":0.0,"max_hp_gain":0.0,"max_hp_loss":0.0,"gold_gain":175.0,"event_name":"Liars Game","player_choice":"AGREE","floor":4.0,"gold_loss":0.0,"damage_taken":0.0,"cards_obtained":["Doubt"]},{"cards_removed":["Doubt"],"damage_healed":0.0,"max_hp_gain":0.0,"max_hp_loss":0.0,"gold_gain":0.0,"event_name":"Golden Wing","player_choice":"Card Removal","floor":5.0,"gold_loss":0.0,"damage_taken":7.0},{"damage_healed":0.0,"max_hp_gain":0.0,"max_hp_loss":0.0,"gold_gain":0.0,"event_name":"Colosseum","player_choice":"Fight","floor":21.0,"gold_loss":0.0,"damage_taken":0.0},{"damage_healed":0.0,"max_hp_gain":0.0,"max_hp_loss":0.0,"gold_gain":0.0,"event_name":"Colosseum","player_choice":"Fled From Nobs","floor":21.0,"gold_loss":0.0,"damage_taken":0.0},{"damage_healed":0.0,"max_hp_gain":0.0,"max_hp_loss":0.0,"gold_gain":0.0,"event_name":"Vampires","player_choice":"Ignored","floor":22.0,"gold_loss":0.0,"damage_taken":0.0},{"damage_healed":0.0,"max_hp_gain":0.0,"max_hp_loss":0.0,"gold_gain":0.0,"event_name":"Match and Keep!","player_choice":"2 cards matched","floor":27.0,"gold_loss":0.0,"damage_taken":0.0,"cards_obtained":["Injury","Electrodynamics"]},{"damage_healed":0.0,"max_hp_gain":0.0,"max_hp_loss":0.0,"gold_gain":0.0,"event_name":"Cursed Tome","player_choice":"Ignored","floor":31.0,"gold_loss":0.0,"damage_taken":0.0},{"cards_removed":["Injury"],"damage_healed":0.0,"max_hp_gain":0.0,"max_hp_loss":0.0,"gold_gain":0.0,"event_name":"Bonfire Elementals","player_choice":"Offered Curse","floor":45.0,"gold_loss":0.0,"damage_taken":0.0,"relics_obtained":["Spirit Poop"]}],"is_beta":false,"boss_relics":[{"not_picked":["Runic Dome","FrozenCore"],"picked":"Busted Crown"},{"not_picked":["Philosopher\u0027s Stone","Velvet Choker"],"picked":"Astrolabe"}],"items_purged_floors":[11,19],"is_endless":false,"potions_floor_spawned":[1,16,30,33,41,47],"ascension_level":5}