{"gold_per_floor":[109,259,184,184,259,292,312,339,393,393,306,12,40,60,60,134,134,147,162,180,193,41,41,74,90,90,90,90,106,126,126],"floor_reached":31,"playtime":2220,"items_purged":["Doubt"],"score":555,"play_id":"fc55442c-de85-47d7-aa12-b158a90d54ec","local_time":"20190608110448","is_ascension_mode":true,"campfire_choices":[{"data":"Reinforced Body","floor":10.0,"key":"SMITH"},{"data":"Genetic Algorithm","floor":15.0,"key":"SMITH"},{"floor":23.0,"key":"REST"},{"data":"Electrodynamics","floor":27.0,"key":"SMITH"}],"neow_cost":"NONE","seed_source_timestamp":0,"circlet_count":0,"master_deck":["AscendersBane","Strike_B","Strike_B+1","Strike_B","Strike_B+1","Defend_B+1","Defend_B","Defend_B","Defend_B","Zap","Dualcast","Cold Snap+1","Beam Cell","Reinforced Body+1","Electrodynamics+1","Capacitor","Genetic Algorithm+1","Steam","Multi-Cast","Auto Shields","Turbo+1","Multi-Cast","Echo Form"],"special_seed":0,"relics":["Cracked Core","NeowsBlessing","Blood Vial","Symbiotic Virus","Whetstone","Lee\u0027s Waffle","Potion Belt","Nuclear Battery","Pear","Mummified Hand"],"potions_floor_usage":[29,31,31],"damage_taken":[{"damage":0.0,"enemies":"Cultist","floor":1.0,"turns":1.0},{"damage":0.0,"enemies":"Lagavulin","floor":6.0,"turns":1.0},{"damage":0.0,"enemies":"2 Louse","floor":7.0,"turns":1.0},{"damage":8.0,"enemies":"Gremlin Nob","floor":8.0,"turns":4.0},{"damage":15.0,"enemies":"3 Sentries","floor":13.0,"turns":3.0},{"damage":0.0,"enemies":"Small Slimes","floor":14.0,"turns":3.0},{"damage":31.0,"enemies":"The Guardian","floor":16.0,"turns":10.0},{"damage":45.0,"enemies":"Shell Parasite","floor":18.0,"turns":9.0},{"damage":0.0,"enemies":"2 Thieves","floor":19.0,"turns":2.0},{"damage":9.0,"enemies":"Centurion and Healer","floor":20.0,"turns":8.0},{"damage":32.0,"enemies":"Shelled Parasite and Fungi","floor":21.0,"turns":6.0},{"damage":3.0,"enemies":"Gremlin Leader","floor":24.0,"turns":5.0},{"damage":8.0,"enemies":"Chosen and Byrds","floor":25.0,"turns":6.0},{"damage":4,"enemies":"Snake Plant","floor":29,"turns":3},{"damage":0,"enemies":"Snecko","floor":30,"turns":5},{"damage":41,"enemies":"Book of Stabbing","floor":31,"turns":5}],"seed_played":"-4783482112065332893","potions_obtained":[{"floor":1.0,"key":"Ancient Potion"},{"floor":6.0,"key":"FairyPotion"},{"floor":16.0,"key":"SpeedPotion"},{"floor":18.0,"key":"FocusPotion"},{"floor":20.0,"key":"SteroidPotion"},{"floor":25.0,"key":"Block Potion"},{"floor":30,"key":"AttackPotion"}],"is_trial":false,"path_per_floor":["M","?","$","?","?","E","M","E","T","R","$","$","E","M","R","B",null,"M","M","M","M","$","R","E","M","T","R","?","M","M","E"],"character_chosen":"DEFECT","items_purchased":["Electrodynamics","Lee\u0027s Waffle","Capacitor","Multi-Cast"],"campfire_rested":1,"item_purchase_floors":[11,12,12,22],"current_hp_per_floor":[64,64,64,43,32,32,34,28,28,28,28,78,63,65,65,36,68,25,27,20,7,7,30,39,33,33,33,33,31,33,0],"gold":126,"neow_bonus":"THREE_ENEMY_KILL","is_prod":false,"is_daily":false,"chose_seed":false,"campfire_upgraded":3,"win_rate":0,"timestamp":1560013488,"path_taken":["M","?","$","?","?","E","M","E","T","R","?","$","E","M","R","BOSS","M","M","M","M","?","R","E","M","T","R","?","M","M","E"],"build_version":"2019-01-23","purchased_purges":1,"victory":false,"max_hp_per_floor":[71,71,71,71,71,71,71,71,71,71,71,78,78,78,78,78,78,78,78,78,78,78,78,88,88,88,88,88,88,88,88],"card_choices":[{"not_picked":["Recycle","Fusion"],"picked":"Cold Snap","floor":1.0},{"not_picked":["Redo","Turbo"],"picked":"Beam Cell","floor":6.0},{"not_picked":["Streamline","Barrage","Aggregate"],"picked":"SKIP","floor":7.0},{"not_picked":["Lockon","Steam"],"picked":"Reinforced Body","floor":8.0},{"not_picked":["All For One","Force Field"],"picked":"Genetic Algorithm","floor":13.0},{"not_picked":["Hologram","Leap"],"picked":"Steam","floor":14.0},{"not_picked":["Buffer","Rainbow"],"picked":"Multi-Cast","floor":16.0},{"not_picked":["Rebound","Redo"],"picked":"Auto Shields","floor":18.0},{"not_picked":["Rebound","BootSequence","Conserve Battery"],"picked":"SKIP","floor":19.0},{"not_picked":["Steam","Leap","Go for the Eyes"],"picked":"SKIP","floor":20.0},{"not_picked":["Sunder","Conserve Battery"],"picked":"Turbo+1","floor":21.0},{"not_picked":["Compile Driver","Conserve Battery","Aggregate"],"picked":"SKIP","floor":24.0},{"not_picked":["Sweeping Beam","Turbo","Hologram"],"picked":"SKIP","floor":25.0},{"not_picked":["Stack","Reinforced Body"],"picked":"Echo Form","floor":29},{"not_picked":["Reinforced Body","Beam Cell","Steam"],"picked":"SKIP","floor":30}],"player_experience":853405,"relics_obtained":[{"floor":6.0,"key":"Blood Vial"},{"floor":8.0,"key":"Symbiotic Virus"},{"floor":9.0,"key":"Whetstone"},{"floor":13.0,"key":"Potion Belt"},{"floor":24.0,"key":"Pear"},{"floor":26.0,"key":"Mummified Hand"}],"event_choices":[{"damage_healed":0.0,"max_hp_gain":0.0,"max_hp_loss":0.0,"gold_gain":150.0,"event_name":"Liars Game","player_choice":"AGREE","floor":2.0,"gold_loss":0.0,"damage_taken":0.0,"cards_obtained":["Doubt"]},{"damage_healed":0.0,"max_hp_gain":0.0,"max_hp_loss":0.0,"gold_gain":0.0,"event_name":"Shining Light","player_choice":"Entered Light","floor":4.0,"gold_loss":0.0,"damage_taken":21.0,"cards_upgraded":["Cold Snap","Defend_B"]},{"damage_healed":0.0,"max_hp_gain":0.0,"max_hp_loss":0.0,"gold_gain":75.0,"event_name":"World of Goop","player_choice":"Gather Gold","floor":5.0,"gold_loss":0.0,"damage_taken":11.0},{"damage_healed":0,"gold_gain":0,"player_choice":"Ignored","damage_taken":0,"max_hp_gain":0,"max_hp_loss":0,"event_name":"The Mausoleum","floor":28,"gold_loss":0}],"is_beta":false,"boss_relics":[{"not_picked":["Runic Dome","Velvet Choker"],"picked":"Nuclear Battery"}],"items_purged_floors":[3],"is_endless":false,"potions_floor_spawned":[1,6,16,18,20,25,30],"killed_by":"Book of Stabbing","ascension_level":17}