{"gold_per_floor":[117,34,47,122,122,122,158,158,158,196,30,30,69,90,90,90],"floor_reached":16,"playtime":535,"items_purged":[],"score":324,"play_id":"f23735ad-e5b1-46c1-9ec6-9fb9b6822d34","local_time":"20190330023157","is_ascension_mode":true,"campfire_choices":[{"data":"Cloak And Dagger","floor":6.0,"key":"SMITH"},{"data":"Caltrops","floor":8.0,"key":"SMITH"},{"floor":15,"key":"REST"}],"neow_cost":"NONE","seed_source_timestamp":105877431716861,"circlet_count":0,"master_deck":["AscendersBane","Defend_G+1","Defend_G","Defend_G","Defend_G","Defend_G","Strike_G","Strike_G","Strike_G","Strike_G","Survivor+1","Neutralize","Dagger Spray","Dash","Cloak And Dagger+1","Caltrops+1","Backflip+1","Die Die Die","Cloak And Dagger+1"],"special_seed":0,"relics":["Ring of the Snake","NeowsBlessing","Golden Idol","Toxic Egg 2","Ninja Scroll","Regal Pillow","War Paint","Thread and Needle"],"potions_floor_usage":[10,13,16],"damage_taken":[{"damage":0.0,"enemies":"2 Louse","floor":1.0,"turns":1.0},{"damage":0.0,"enemies":"Small Slimes","floor":3.0,"turns":1.0},{"damage":0.0,"enemies":"3 Sentries","floor":7.0,"turns":1.0},{"damage":45,"enemies":"Lagavulin","floor":10,"turns":5},{"damage":0,"enemies":"3 Sentries","floor":13,"turns":7},{"damage":0,"enemies":"Cultist","floor":14,"turns":2},{"damage":44,"enemies":"Slime Boss","floor":16,"turns":10}],"seed_played":"-6018069958783168131","potions_obtained":[{"floor":7.0,"key":"FearPotion"},{"floor":10,"key":"Block Potion"},{"floor":13,"key":"Poison Potion"}],"is_trial":false,"path_per_floor":["M","$","M","?","?","R","E","R","T","E","$","?","E","M","R","B"],"character_chosen":"THE_SILENT","items_purchased":["Dash","War Paint"],"campfire_rested":1,"item_purchase_floors":[2,11],"current_hp_per_floor":[59,59,59,48,48,48,48,48,48,3,3,3,3,3,36,0],"gold":90,"neow_bonus":"THREE_ENEMY_KILL","is_prod":false,"is_daily":false,"chose_seed":false,"campfire_upgraded":2,"win_rate":0,"timestamp":1553934717,"path_taken":["M","$","M","?","?","R","E","R","T","E","$","?","E","?","R","BOSS"],"build_version":"2019-01-23","purchased_purges":0,"victory":false,"max_hp_per_floor":[66,66,66,66,60,60,60,60,60,60,60,60,60,60,60,60],"card_choices":[{"not_picked":["Underhanded Strike","Slice"],"picked":"Dagger Spray","floor":1.0},{"not_picked":["Glass Knife","Quick Slash"],"picked":"Cloak And Dagger","floor":3.0},{"not_picked":["Backstab","Distraction"],"picked":"Caltrops","floor":7.0},{"not_picked":["Well Laid Plans","Predator"],"picked":"Backflip+1","floor":10},{"not_picked":["Dodge and Roll+1","Endless Agony","Prepared+1"],"picked":"SKIP","floor":13},{"not_picked":["Blade Dance+1","Dagger Throw"],"picked":"Cloak And Dagger+1","floor":14}],"player_experience":355471,"relics_obtained":[{"floor":7.0,"key":"Toxic Egg 2"},{"floor":9.0,"key":"Ninja Scroll"},{"floor":10,"key":"Regal Pillow"},{"floor":13,"key":"Thread and Needle"}],"event_choices":[{"damage_healed":0.0,"max_hp_gain":0.0,"max_hp_loss":0.0,"gold_gain":75.0,"event_name":"World of Goop","player_choice":"Gather Gold","floor":4.0,"gold_loss":0.0,"damage_taken":11.0},{"damage_healed":0.0,"max_hp_gain":0.0,"max_hp_loss":6.0,"gold_gain":0.0,"event_name":"Golden Idol","player_choice":"Lose Max HP","floor":5.0,"gold_loss":0.0,"damage_taken":0.0,"relics_obtained":["Golden Idol"]},{"damage_healed":0,"gold_gain":0,"cards_transformed":["Strike_G"],"player_choice":"Transformed","damage_taken":0,"max_hp_gain":0,"max_hp_loss":0,"event_name":"Transmorgrifier","floor":12,"gold_loss":0,"cards_obtained":["Die Die Die"]}],"is_beta":false,"boss_relics":[],"items_purged_floors":[],"is_endless":false,"potions_floor_spawned":[7,10,13],"killed_by":"Slime Boss","ascension_level":19}