{"gold_per_floor":[368,382,246,261,275,309,320,331,331,397,137,212,222,232,232,327,327,337,337,352,352,352,352,366,378,378,408,207,207,207,219,219,316,316,327,24,24,38,38,38,38,38,38,38,53,53,73,88,88,88],"floor_reached":50,"playtime":2688,"items_purged":[],"score":516,"play_id":"f8df4785-6f33-40d1-a394-032613630bb0","local_time":"20190501190333","is_ascension_mode":false,"campfire_choices":[{"data":"Armaments","floor":15,"key":"SMITH"},{"data":"Metallicize","floor":23,"key":"SMITH"},{"data":"Rampage","floor":30,"key":"SMITH"},{"floor":32,"key":"RECALL"},{"data":"1","floor":44,"key":"LIFT"},{"data":"2","floor":46,"key":"LIFT"},{"data":"3","floor":49,"key":"LIFT"}],"neow_cost":"PERCENT_DAMAGE","seed_source_timestamp":4656203489918,"circlet_count":0,"master_deck":["Bash+1","Armaments+1","Twin Strike+1","Feed+1","Metallicize+1","Iron Wave+1","Flex+1","Spot Weakness+1","Shrug It Off+1","Pommel Strike+1","Rampage+1","Necronomicurse","Ghostly Armor+1","Whirlwind+1","Thunderclap+1","Iron Wave+1","Perfected Strike+1","Double Tap+1","Rampage+1","Rampage+1","Bludgeon+1","Heavy Blade+1","Iron Wave+1","Madness+1","Madness+1","Chrysalis","Whirlwind"],"relics":["Burning Blood","Shuriken","Gremlin Horn","Bottled Tornado","Runic Pyramid","Necronomicon","Bag of Marbles","Lee\u0027s Waffle","Pandora\u0027s Box","Girya","Mark of the Bloom","Singing Bowl"],"potions_floor_usage":[16,16,25,25],"damage_taken":[{"damage":20,"enemies":"Cultist","floor":1,"turns":6},{"damage":0,"enemies":"2 Louse","floor":2,"turns":3},{"damage":5,"enemies":"Jaw Worm","floor":4,"turns":4},{"damage":4,"enemies":"Blue Slaver","floor":5,"turns":5},{"damage":42,"enemies":"3 Sentries","floor":6,"turns":17},{"damage":11,"enemies":"Large Slime","floor":7,"turns":8},{"damage":7,"enemies":"2 Fungi Beasts","floor":8,"turns":4},{"damage":0,"enemies":"Lots of Slimes","floor":13,"turns":3},{"damage":0,"enemies":"Blue Slaver","floor":14,"turns":6},{"damage":27,"enemies":"Slime Boss","floor":16,"turns":11},{"damage":17,"enemies":"Spheric Guardian","floor":18,"turns":7},{"damage":6,"enemies":"Shell Parasite","floor":20,"turns":8},{"damage":10,"enemies":"Centurion and Healer","floor":24,"turns":8},{"damage":32,"enemies":"3 Cultists","floor":25,"turns":8},{"damage":28,"enemies":"Slavers","floor":27,"turns":7},{"damage":19,"enemies":"Sentry and Sphere","floor":31,"turns":6},{"damage":51,"enemies":"Collector","floor":33,"turns":7},{"damage":35,"enemies":"3 Shapes","floor":35,"turns":5},{"damage":23,"enemies":"Orb Walker","floor":38,"turns":5},{"damage":32,"enemies":"Jaw Worm Horde","floor":45,"turns":3},{"damage":0,"enemies":"3 Darklings","floor":47,"turns":1},{"damage":9,"enemies":"Sphere and 2 Shapes","floor":48,"turns":1},{"damage":45,"enemies":"Time Eater","floor":50,"turns":4}],"seed_played":"6827334998894114285","potions_obtained":[{"floor":4,"key":"Poison Potion"},{"floor":7,"key":"Ancient Potion"},{"floor":13,"key":"SkillPotion"},{"floor":14,"key":"PowerPotion"},{"floor":16,"key":"Strength Potion"},{"floor":25,"key":"GamblersBrew"},{"floor":27,"key":"FearPotion"},{"floor":31,"key":"Ancient Potion"}],"is_trial":false,"path_per_floor":["M","M","$","M","M","E","M","M","T","?","$","?","M","M","R","B",null,"M","$","M","?","?","R","M","M","T","E","$","?","R","M","R","B",null,"M","$","?","M","?","$","?","?","T","R","M","R","M","M","R","B"],"character_chosen":"IRONCLAD","items_purchased":["Feed","Bottled Tornado","Lee\u0027s Waffle","Girya"],"campfire_rested":0,"item_purchase_floors":[3,11,28,36],"current_hp_per_floor":[42,48,48,53,58,25,23,25,25,25,25,14,23,32,32,11,102,95,95,99,76,60,60,60,37,37,18,132,132,132,122,122,81,139,114,114,96,83,83,83,83,83,83,83,51,51,51,42,42,0],"gold":88,"neow_bonus":"TWO_FIFTY_GOLD","is_prod":false,"is_daily":false,"chose_seed":false,"campfire_upgraded":3,"win_rate":0,"timestamp":1556701413,"path_taken":["M","M","$","?","M","E","M","M","T","?","$","?","M","M","R","BOSS","M","$","M","?","?","R","M","M","T","E","$","?","R","?","R","BOSS","M","$","?","M","?","$","?","?","T","R","M","R","?","M","R","BOSS"],"build_version":"2019-01-23","purchased_purges":0,"victory":false,"max_hp_per_floor":[80,80,80,84,87,90,93,96,96,96,96,96,99,102,102,102,102,106,106,110,115,115,115,119,122,122,125,132,132,132,135,135,139,139,143,143,143,147,147,147,147,147,147,147,153,153,155,155,155,155],"card_choices":[{"not_picked":["Flex","Wild Strike"],"picked":"Armaments","floor":1},{"not_picked":["True Grit","Wild Strike"],"picked":"Twin Strike","floor":2},{"not_picked":["Wild Strike","Flex"],"picked":"Metallicize","floor":4},{"not_picked":["Clothesline","Wild Strike","Sever Soul"],"picked":"SKIP","floor":5},{"not_picked":["Power Through","Heavy Blade"],"picked":"Iron Wave","floor":6},{"not_picked":["Uppercut","Havoc"],"picked":"Flex","floor":7},{"not_picked":["Shockwave","Hemokinesis"],"picked":"Spot Weakness","floor":8},{"not_picked":["Bloodletting","Shockwave","Infernal Blade"],"picked":"SKIP","floor":13},{"not_picked":["Metallicize","Havoc"],"picked":"Shrug It Off","floor":14},{"not_picked":["Hemokinesis+1","Burning Pact"],"picked":"Pommel Strike","floor":18},{"not_picked":["Reckless Charge","Searing Blow+1"],"picked":"Rampage","floor":20},{"not_picked":["Body Slam","Sever Soul"],"picked":"Ghostly Armor+1","floor":24},{"not_picked":["Dropkick+1","Infernal Blade+1","Headbutt"],"picked":"SKIP","floor":25},{"not_picked":["True Grit+1","Sword Boomerang"],"picked":"Whirlwind+1","floor":27},{"not_picked":["Havoc","Warcry"],"picked":"Thunderclap","floor":31},{"not_picked":["Sword Boomerang+1","Body Slam"],"picked":"Iron Wave+1","floor":35},{"not_picked":["Burning Pact+1","Sword Boomerang+1","Cleave+1"],"picked":"SKIP","floor":38},{"not_picked":["Deep Breath","Sadistic Nature"],"picked":"Chrysalis","floor":42},{"not_picked":["Sever Soul","Armaments+1","Headbutt+1"],"picked":"Singing Bowl","floor":45},{"not_picked":["Reckless Charge","Armaments","Twin Strike"],"picked":"Singing Bowl","floor":47},{"not_picked":["Sword Boomerang","Body Slam"],"picked":"Whirlwind","floor":48}],"player_experience":148153,"relics_obtained":[{"floor":6,"key":"Shuriken"},{"floor":9,"key":"Gremlin Horn"},{"floor":22,"key":"Necronomicon"},{"floor":27,"key":"Bag of Marbles"},{"floor":43,"key":"Singing Bowl"}],"event_choices":[{"damage_healed":0,"gold_gain":66,"player_choice":"Gained Gold","damage_taken":0,"max_hp_gain":0,"max_hp_loss":0,"event_name":"Golden Wing","floor":10,"gold_loss":0},{"damage_healed":0,"gold_gain":75,"player_choice":"Gather Gold","damage_taken":11,"max_hp_gain":0,"max_hp_loss":0,"event_name":"World of Goop","floor":12,"gold_loss":0},{"damage_healed":0,"gold_gain":0,"player_choice":"Shed Blood","damage_taken":28,"max_hp_gain":5,"max_hp_loss":0,"event_name":"Forgotten Altar","floor":21,"gold_loss":0},{"damage_healed":0,"gold_gain":0,"player_choice":"Obtained Book","damage_taken":16,"max_hp_gain":0,"max_hp_loss":0,"event_name":"Cursed Tome","floor":22,"gold_loss":0},{"cards_removed":["Strike_R"],"damage_healed":0,"gold_gain":0,"player_choice":"Purged","damage_taken":0,"max_hp_gain":0,"max_hp_loss":0,"event_name":"Purifier","floor":29,"gold_loss":0},{"damage_healed":0,"gold_gain":0,"player_choice":"Embrace Madness","damage_taken":18,"max_hp_gain":0,"max_hp_loss":0,"event_name":"Winding Halls","floor":37,"gold_loss":0,"cards_obtained":["Madness","Madness"]},{"damage_healed":0,"gold_gain":0,"player_choice":"Upgrade","damage_taken":0,"relics_obtained":["Mark of the Bloom"],"max_hp_gain":0,"max_hp_loss":0,"event_name":"MindBloom","floor":39,"gold_loss":0,"cards_upgraded":["Bash","Twin Strike","Feed","Iron Wave","Flex","Spot Weakness","Shrug It Off","Pommel Strike","Thunderclap","Iron Wave","Perfected Strike","Double Tap","Rampage","Rampage","Dark Embrace","Bludgeon","Heavy Blade","Madness","Madness"]},{"cards_removed":["Dark Embrace"],"damage_healed":0,"gold_gain":0,"player_choice":"Removed Power","damage_taken":0,"max_hp_gain":0,"max_hp_loss":0,"event_name":"Falling","floor":41,"gold_loss":0},{"damage_healed":0,"gold_gain":0,"player_choice":"Memory 1","damage_taken":0,"max_hp_gain":0,"max_hp_loss":0,"event_name":"SensoryStone","floor":42,"gold_loss":0}],"is_beta":false,"boss_relics":[{"not_picked":["Ectoplasm","Mark of Pain"],"picked":"Runic Pyramid"},{"not_picked":["Snecko Eye","Runic Cube"],"picked":"Pandora\u0027s Box"}],"items_purged_floors":[],"is_endless":false,"potions_floor_spawned":[4,7,13,14,16,25,27,31,47,48],"killed_by":"Time Eater","ascension_level":0}