{"gold_per_floor":[117,127,127,147,158,193,193,221,221,246,246,266,115,115,115,213,213,229,229,229,69,145,145,172,172,472,499,499],"floor_reached":28,"playtime":2630,"items_purged":["Strike_B"],"score":499,"play_id":"2996c8bf-60e0-460d-962a-71f5a73bc8a4","local_time":"20190419122618","is_ascension_mode":true,"campfire_choices":[{"data":"Zap","floor":7.0,"key":"SMITH"},{"data":"Defragment","floor":15.0,"key":"SMITH"},{"data":"Impatience","floor":23.0,"key":"SMITH"},{"data":"Reinforced Body","floor":25,"key":"SMITH"}],"neow_cost":"NONE","seed_source_timestamp":0,"circlet_count":0,"master_deck":["AscendersBane","Defend_B","Defend_B+1","Defend_B+1","Defend_B","Zap+1","Dualcast","Skim","BootSequence","Cold Snap","Chill","Steam","Consume","Auto Shields","Reinforced Body+1","Defragment+1","Multi-Cast","Conserve Battery","Meteor Strike","Capacitor","Impatience+1","Sweeping Beam"],"special_seed":0,"relics":["Coffee Dripper","Symbiotic Virus","Bronze Scales","War Paint","Sozu","Question Card","Turnip","Old Coin","Potion Belt"],"potions_floor_usage":[24],"damage_taken":[{"damage":1.0,"enemies":"Cultist","floor":1.0,"turns":4.0},{"damage":2.0,"enemies":"Jaw Worm","floor":2.0,"turns":3.0},{"damage":0.0,"enemies":"2 Louse","floor":4.0,"turns":3.0},{"damage":12.0,"enemies":"Exordium Thugs","floor":5.0,"turns":5.0},{"damage":26.0,"enemies":"Lagavulin","floor":6.0,"turns":8.0},{"damage":5.0,"enemies":"3 Sentries","floor":8.0,"turns":6.0},{"damage":6.0,"enemies":"Lagavulin","floor":10.0,"turns":6.0},{"damage":0.0,"enemies":"Looter","floor":12.0,"turns":3.0},{"damage":0.0,"enemies":"Hexaghost","floor":16.0,"turns":9.0},{"damage":10.0,"enemies":"Spheric Guardian","floor":18.0,"turns":5.0},{"damage":6.0,"enemies":"Colosseum Slavers","floor":19.0,"turns":4.0},{"damage":24,"enemies":"Gremlin Leader","floor":24,"turns":11},{"damage":16,"enemies":"Slavers","floor":27,"turns":7},{"damage":6,"enemies":"3 Byrds","floor":28,"turns":2}],"seed_played":"-7221485536025861775","potions_obtained":[{"floor":5.0,"key":"Fire Potion"},{"floor":6.0,"key":"FocusPotion"},{"floor":8.0,"key":"Fire Potion"}],"is_trial":false,"path_per_floor":["M","M","?","M","M","E","R","E","T","E","?","M","$","?","R","B",null,"M","?","?","$","T","R","E","R","T","E","M"],"character_chosen":"DEFECT","items_purchased":["Defragment","Capacitor","Impatience"],"campfire_rested":0,"item_purchase_floors":[13,21,21],"current_hp_per_floor":[67,65,65,65,53,27,27,22,22,16,4,4,4,4,4,4,57,47,41,41,41,41,41,17,17,17,1,0],"gold":499,"neow_bonus":"BOSS_RELIC","is_prod":false,"is_daily":false,"chose_seed":false,"campfire_upgraded":4,"win_rate":0,"timestamp":1555698378,"path_taken":["M","?","?","M","M","E","R","E","T","E","?","?","$","?","R","BOSS","M","?","?","$","?","R","E","R","T","E","?"],"build_version":"2019-01-23","purchased_purges":1,"victory":false,"max_hp_per_floor":[75,75,75,75,75,75,75,75,75,75,75,75,75,75,75,75,75,75,75,75,75,75,75,75,75,75,75,75],"card_choices":[{"not_picked":["Compile Driver","Stack"],"picked":"Skim","floor":1.0},{"not_picked":["Scrape","Stack"],"picked":"BootSequence","floor":2.0},{"not_picked":["Turbo","Compile Driver"],"picked":"Cold Snap","floor":4.0},{"not_picked":["Cold Snap","Leap"],"picked":"Chill","floor":5.0},{"not_picked":["Meteor Strike","Beam Cell"],"picked":"Steam","floor":6.0},{"not_picked":["Tempest","Storm"],"picked":"Consume","floor":8.0},{"not_picked":["Amplify","Ball Lightning"],"picked":"Auto Shields","floor":10.0},{"not_picked":["Barrage","Streamline"],"picked":"Reinforced Body","floor":12.0},{"not_picked":["Rainbow","Biased Cognition"],"picked":"Multi-Cast","floor":16.0},{"not_picked":["Streamline","BootSequence","Blizzard"],"picked":"SKIP","floor":18.0},{"not_picked":["Gash","Steam","Leap+1","Lockon"],"picked":"SKIP","floor":24},{"not_picked":["Buffer","Auto Shields","Hologram"],"picked":"Sweeping Beam","floor":27}],"player_experience":585919,"relics_obtained":[{"floor":6.0,"key":"Symbiotic Virus"},{"floor":8.0,"key":"Bronze Scales"},{"floor":9.0,"key":"War Paint"},{"floor":22.0,"key":"Question Card"},{"floor":24,"key":"Turnip"},{"floor":26,"key":"Old Coin"},{"floor":27,"key":"Potion Belt"}],"event_choices":[{"cards_removed":["Strike_B"],"damage_healed":0.0,"max_hp_gain":0.0,"max_hp_loss":0.0,"gold_gain":0.0,"event_name":"Living Wall","player_choice":"Forget","floor":3.0,"gold_loss":0.0,"damage_taken":0.0},{"damage_healed":0.0,"max_hp_gain":0.0,"max_hp_loss":0.0,"gold_gain":0.0,"event_name":"Scrap Ooze","player_choice":"Fled","floor":11.0,"gold_loss":0.0,"damage_taken":12.0},{"damage_healed":0.0,"max_hp_gain":0.0,"max_hp_loss":0.0,"gold_gain":0.0,"event_name":"Liars Game","player_choice":"Ignored","floor":14.0,"gold_loss":0.0,"damage_taken":0.0},{"damage_healed":0.0,"max_hp_gain":0.0,"max_hp_loss":0.0,"gold_gain":0.0,"event_name":"Colosseum","player_choice":"Fight","floor":19.0,"gold_loss":0.0,"damage_taken":0.0},{"damage_healed":0.0,"max_hp_gain":0.0,"max_hp_loss":0.0,"gold_gain":0.0,"event_name":"Colosseum","player_choice":"Fled From Nobs","floor":19.0,"gold_loss":0.0,"damage_taken":0.0},{"damage_healed":0.0,"max_hp_gain":0.0,"max_hp_loss":0.0,"gold_gain":0.0,"cards_transformed":["Strike_B","Strike_B"],"event_name":"Drug Dealer","player_choice":"Became Test Subject","floor":20.0,"gold_loss":0.0,"damage_taken":0.0,"cards_obtained":["Conserve Battery","Meteor Strike"]}],"is_beta":false,"boss_relics":[{"not_picked":["Tiny House","Pandora\u0027s Box"],"picked":"Sozu"}],"items_purged_floors":[13],"is_endless":false,"potions_floor_spawned":[5,6,8,10,24,27],"killed_by":"3 Byrds","ascension_level":11}