{"path_per_floor":["M","M","?","M","M","R","E","R","T","$","R","M","M","M","R","B",null,"M","?","M","?","M","E","R","M","T","E","M","$","R","M","R","B",null,"M","M","?","M","?","R","T","R","T","$","E","M","R","M","R","B"],"character_chosen":"IRONCLAD","items_purchased":["Omamori"],"gold_per_floor":[110,128,128,140,159,159,190,190,190,115,115,135,154,165,165,268,268,283,283,302,227,245,274,274,293,318,348,359,116,116,132,132,232,232,252,262,0,17,17,17,85,85,85,85,114,130,130,145,145,145],"floor_reached":51,"campfire_rested":3,"playtime":2741,"item_purchase_floors":[29],"current_hp_per_floor":[80,80,64,70,65,65,41,41,41,41,41,47,49,55,55,61,80,78,63,64,64,44,27,52,48,48,50,54,54,54,50,50,37,85,85,75,75,67,67,67,67,67,67,67,36,29,54,60,85,29],"items_purged":["Strike_R","Strike_R"],"gold":145,"score":771,"play_id":"b1f4004e-196b-43ff-a917-976f59a1bd23","local_time":"20180529162326","is_prod":false,"is_daily":false,"chose_seed":false,"is_ascension_mode":false,"campfire_upgraded":8,"win_rate":0,"timestamp":1527575006,"campfire_choices":[{"data":"Double Tap","floor":6,"key":"SMITH"},{"data":"Cleave","floor":8,"key":"SMITH"},{"data":"Iron Wave","floor":11,"key":"SMITH"},{"data":"Bash","floor":15,"key":"SMITH"},{"floor":24,"key":"REST"},{"data":"Impervious","floor":30,"key":"SMITH"},{"data":"Offering","floor":32,"key":"SMITH"},{"data":"Demon Form","floor":40,"key":"SMITH"},{"data":"Defend_R","floor":42,"key":"SMITH"},{"floor":47,"key":"REST"},{"floor":49,"key":"REST"}],"path_taken":["M","M","?","M","?","R","E","R","T","$","R","M","M","?","R","BOSS","M","?","M","?","M","E","R","M","T","E","?","?","R","M","R","BOSS","M","M","?","?","?","R","?","R","T","$","E","M","R","M","R","BOSS"],"build_version":"2018-05-27","seed_source_timestamp":23948809540428,"purchased_purges":2,"victory":true,"master_deck":["Strike_R","Strike_R+1","Defend_R","Defend_R+1","Defend_R","Defend_R+1","Bash+1","Cleave+1","Iron Wave+1","Double Tap+1","Twin Strike+1","Pommel Strike+1","Offering+1","Headbutt+1","Impervious+1","Pummel+1","Demon Form+1","Pommel Strike+1"],"max_hp_per_floor":[80,80,80,80,80,80,80,80,80,80,80,80,80,80,80,80,80,80,85,85,85,85,85,85,85,85,85,85,85,85,85,85,85,85,85,85,85,85,85,85,85,85,85,85,85,85,85,85,85,85],"relics":["Burning Blood","Oddly Smooth Stone","Matryoshka","Lantern","Molten Egg 2","Velvet Choker","Kunai","Anchor","Happy Flower","Question Card","Omamori","Mark of Pain","Red Mask","Paper Frog","Juzu Bracelet","Bronze Scales"],"card_choices":[{"not_picked":["Iron Wave","Twin Strike"],"picked":"Cleave","floor":1},{"not_picked":["Sword Boomerang","Dropkick"],"picked":"Iron Wave","floor":2},{"not_picked":["Carnage","Wild Strike","Infernal Blade"],"picked":"SKIP","floor":4},{"not_picked":["Flex","Clothesline"],"picked":"Double Tap","floor":5},{"not_picked":["True Grit","Anger","Clothesline"],"picked":"SKIP","floor":7},{"not_picked":["Feel No Pain","Heavy Blade+1"],"picked":"Twin Strike+1","floor":12},{"not_picked":["Rage","Burning Pact","Warcry"],"picked":"SKIP","floor":13},{"not_picked":["Flex","Sword Boomerang+1"],"picked":"Pommel Strike+1","floor":14},{"not_picked":["Immolate+1","Juggernaut"],"picked":"Offering","floor":16},{"not_picked":["Flex","Body Slam+1"],"picked":"Spot Weakness+1","floor":18},{"not_picked":["Intimidate+1","Ghostly Armor","Warcry"],"picked":"SKIP","floor":20},{"not_picked":["Sword Boomerang+1","Dropkick+1"],"picked":"Headbutt+1","floor":22},{"not_picked":["Juggernaut","Cleave+1","Dual Wield"],"picked":"SKIP","floor":23},{"not_picked":["Sword Boomerang+1","Thunderclap+1","Ghostly Armor"],"picked":"SKIP","floor":25},{"not_picked":["Warcry","Feel No Pain"],"picked":"Impervious","floor":27},{"not_picked":["Anger+1","Headbutt+1","Warcry"],"picked":"Pummel+1","floor":28},{"not_picked":["Iron Wave+1","Barricade","Anger+1","Body Slam+1"],"picked":"SKIP","floor":31},{"not_picked":["Berserk","Double Tap","Immolate+1"],"picked":"Demon Form","floor":33},{"not_picked":["Warcry+1","Headbutt+1","Dropkick+1"],"picked":"Pommel Strike+1","floor":35},{"not_picked":["Anger+1","Corruption+1","Twin Strike+1","Metallicize"],"picked":"SKIP","floor":36},{"not_picked":["Iron Wave+1","Cleave+1","Evolve","Sword Boomerang+1"],"picked":"SKIP","floor":38},{"not_picked":["True Grit+1","Warcry","Searing Blow+1","Clash+1"],"picked":"SKIP","floor":45},{"not_picked":["Clothesline+1","Body Slam+1","Seeing Red","Impervious"],"picked":"SKIP","floor":46},{"not_picked":["Iron Wave+1","Armaments+1","Flex+1","Sword Boomerang+1"],"picked":"SKIP","floor":48}],"player_experience":22864,"potions_floor_usage":[7,23,25,31,33,45,50],"damage_taken":[{"damage":1,"enemies":"Jaw Worm","floor":1,"turns":4},{"damage":0,"enemies":"2 Louse","floor":2,"turns":2},{"damage":0,"enemies":"Cultist","floor":4,"turns":3},{"damage":11,"enemies":"Gremlin Gang","floor":5,"turns":7},{"damage":30,"enemies":"Lagavulin","floor":7,"turns":5},{"damage":0,"enemies":"2 Fungi Beasts","floor":12,"turns":2},{"damage":4,"enemies":"Looter","floor":13,"turns":3},{"damage":0,"enemies":"Exordium Thugs","floor":14,"turns":1},{"damage":0,"enemies":"Slime Boss","floor":16,"turns":6},{"damage":8,"enemies":"2 Thieves","floor":18,"turns":4},{"damage":5,"enemies":"3 Byrds","floor":20,"turns":3},{"damage":26,"enemies":"Snecko","floor":22,"turns":4},{"damage":23,"enemies":"Slavers","floor":23,"turns":4},{"damage":10,"enemies":"Centurion and Healer","floor":25,"turns":3},{"damage":4,"enemies":"Gremlin Leader","floor":27,"turns":6},{"damage":2,"enemies":"Snake Plant","floor":28,"turns":3},{"damage":10,"enemies":"3 Cultists","floor":31,"turns":3},{"damage":19,"enemies":"Automaton","floor":33,"turns":6},{"damage":0,"enemies":"Flame Bruiser 1 Orb","floor":35,"turns":2},{"damage":16,"enemies":"3 Shapes","floor":36,"turns":6},{"damage":14,"enemies":"Sphere and 2 Shapes","floor":38,"turns":4},{"damage":37,"enemies":"2 Orb Walkers","floor":45,"turns":4},{"damage":13,"enemies":"Spire Growth","floor":46,"turns":3},{"damage":0,"enemies":"Transient","floor":48,"turns":5},{"damage":62,"enemies":"Donu and Deca","floor":50,"turns":6}],"relics_obtained":[{"floor":7,"key":"Matryoshka"},{"floor":9,"key":"Lantern"},{"floor":9,"key":"Molten Egg 2"},{"floor":23,"key":"Kunai"},{"floor":26,"key":"Anchor"},{"floor":26,"key":"Happy Flower"},{"floor":27,"key":"Question Card"},{"floor":41,"key":"Paper Frog"},{"floor":43,"key":"Juzu Bracelet"},{"floor":45,"key":"Bronze Scales"}],"event_choices":[{"event_name":"Shining Light","player_choice":"Entered Light","floor":3,"damage_taken":0},{"event_name":"Forgotten Altar","player_choice":"Shed Blood","floor":19,"damage_taken":0},{"event_name":"Beggar","player_choice":"Gave Gold","floor":21,"damage_taken":0},{"event_name":"Tomb of Lord Red Mask","player_choice":"Paid","floor":37,"damage_taken":0}],"boss_relics":[{"not_picked":["Black Blood","Runic Pyramid"],"picked":"Velvet Choker"},{"not_picked":["Lizard Tail","Runic Dome"],"picked":"Mark of Pain"}],"items_purged_floors":[10,29],"potions_floor_spawned":[2,4,7,16,23,25,27,28,31,38],"seed_played":"-9201756388094583246","ascension_level":0,"potions_obtained":[{"floor":2,"key":"PowerPotion"},{"floor":4,"key":"LiquidBronze"},{"floor":7,"key":"Strength Potion"},{"floor":16,"key":"LiquidBronze"},{"floor":23,"key":"AttackPotion"},{"floor":25,"key":"SteroidPotion"},{"floor":27,"key":"Explosive Potion"},{"floor":28,"key":"FearPotion"},{"floor":31,"key":"Weak Potion"},{"floor":38,"key":"Explosive Potion"}],"is_trial":false}