{"gold_per_floor":[113,128,128,139,158,190,190,221,221,232,109,142,142,142,142,142],"floor_reached":16,"playtime":657,"items_purged":[],"score":198,"play_id":"1e5e65ae-b871-4d2a-9f6b-6ecec38295b3","local_time":"20190427121419","is_ascension_mode":true,"campfire_choices":[{"data":"Twin Strike","floor":7,"key":"SMITH"},{"data":"Pommel Strike","floor":13,"key":"SMITH"},{"data":"Whirlwind","floor":15,"key":"SMITH"}],"neow_cost":"NONE","seed_source_timestamp":159411639549621,"circlet_count":0,"master_deck":["AscendersBane","Strike_R","Strike_R","Strike_R","Strike_R","Defend_R","Defend_R","Defend_R","Defend_R","Bash","Twin Strike+1","Pain","Pommel Strike+1","Whirlwind+1"],"relics":["Burning Blood","Oddly Smooth Stone","WarpedTongs","Potion Belt","The Courier","Torii","Ancient Tea Set","Unceasing Top"],"potions_floor_usage":[6,12,12],"damage_taken":[{"damage":2,"enemies":"2 Louse","floor":1,"turns":4},{"damage":2,"enemies":"Cultist","floor":2,"turns":6},{"damage":5,"enemies":"Small Slimes","floor":4,"turns":5},{"damage":14,"enemies":"Exordium Thugs","floor":5,"turns":6},{"damage":17,"enemies":"3 Sentries","floor":6,"turns":9},{"damage":30,"enemies":"Lagavulin","floor":8,"turns":5},{"damage":13,"enemies":"3 Louse","floor":10,"turns":4},{"damage":25,"enemies":"3 Sentries","floor":12,"turns":7},{"damage":27,"enemies":"Hexaghost","floor":16,"turns":7}],"seed_played":"2277688649953506026","potions_obtained":[{"floor":1,"key":"EssenceOfSteel"},{"floor":2,"key":"GamblersBrew"},{"floor":8,"key":"Regen Potion"},{"floor":10,"key":"PowerPotion"}],"is_trial":false,"path_per_floor":["M","M","?","M","M","E","R","E","T","M","$","E","R","?","R","B"],"character_chosen":"IRONCLAD","items_purchased":["Ancient Tea Set"],"campfire_rested":0,"item_purchase_floors":[11],"current_hp_per_floor":[76,80,80,80,72,61,61,37,37,30,30,26,26,26,26,0],"gold":142,"neow_bonus":"RANDOM_COMMON_RELIC","is_prod":false,"is_daily":false,"chose_seed":false,"campfire_upgraded":3,"win_rate":0,"timestamp":1556388859,"path_taken":["M","M","?","M","M","E","R","E","T","?","$","E","R","?","R","BOSS"],"build_version":"2019-01-23","purchased_purges":0,"victory":false,"max_hp_per_floor":[80,80,80,80,80,80,80,80,80,80,80,80,80,80,80,80],"card_choices":[{"not_picked":["Entrench","Warcry","Body Slam"],"picked":"SKIP","floor":1},{"not_picked":["Heavy Blade","Shockwave"],"picked":"Twin Strike","floor":2},{"not_picked":["Wild Strike","Sword Boomerang","Seeing Red"],"picked":"SKIP","floor":4},{"not_picked":["Blood for Blood","Anger"],"picked":"Pommel Strike","floor":5},{"not_picked":["Evolve","Exhume","Feel No Pain"],"picked":"SKIP","floor":6},{"not_picked":["Seeing Red","Dark Embrace","Shockwave"],"picked":"SKIP","floor":8},{"not_picked":["Clash","Sword Boomerang","Dropkick"],"picked":"SKIP","floor":10},{"not_picked":["Perfected Strike","Clash","Reckless Charge"],"picked":"SKIP","floor":12}],"player_experience":550563,"relics_obtained":[{"floor":6,"key":"Potion Belt"},{"floor":8,"key":"The Courier"},{"floor":9,"key":"Torii"},{"floor":12,"key":"Unceasing Top"}],"event_choices":[{"damage_healed":0,"gold_gain":0,"player_choice":"Rummage","damage_taken":0,"relics_obtained":["WarpedTongs"],"max_hp_gain":0,"max_hp_loss":0,"event_name":"Accursed Blacksmith","floor":3,"gold_loss":0,"cards_obtained":["Pain"]},{"damage_healed":0,"gold_gain":0,"cards_transformed":["Strike_R"],"player_choice":"Transformed","damage_taken":0,"max_hp_gain":0,"max_hp_loss":0,"event_name":"Transmorgrifier","floor":14,"gold_loss":0,"cards_obtained":["Whirlwind"]}],"is_beta":false,"boss_relics":[],"items_purged_floors":[],"is_endless":false,"potions_floor_spawned":[1,2,8,10],"killed_by":"Hexaghost","ascension_level":13}