{"path_per_floor":["M","?","M","?","M","R","M","E","T","R","?","M","R","E","R"],"character_chosen":"IRONCLAD","items_purchased":[],"gold_per_floor":[144,144,155,155,172,172,186,211,280,280,245,260,260,289,289,289],"floor_reached":16,"campfire_rested":0,"playtime":466,"item_purchase_floors":[],"current_hp_per_floor":[76,81,85,78,83,83,85,56,56,56,77,77,77,55,55,0],"items_purged":[],"gold":289,"score":116,"play_id":"9ad7e0fa-8bc6-406d-8157-2e4ce756908d","local_time":"20180601174836","is_prod":false,"is_daily":false,"chose_seed":false,"is_ascension_mode":true,"campfire_upgraded":4,"win_rate":0,"timestamp":1527839316,"campfire_choices":[{"data":"Pommel Strike","floor":6,"key":"SMITH"},{"data":"Bash","floor":10,"key":"SMITH"},{"data":"Cleave","floor":13,"key":"SMITH"},{"data":"Strike_R","floor":15,"key":"SMITH"}],"path_taken":["M","?","M","?","M","R","?","E","T","R","?","M","R","E","R","BOSS"],"build_version":"2018-05-30v2","seed_source_timestamp":30982620296670,"purchased_purges":0,"victory":false,"master_deck":["Strike_R","Strike_R","Strike_R","Strike_R+1","Defend_R","Defend_R","Defend_R","Defend_R","Bash+1","Pommel Strike+1","Cleave+1"],"max_hp_per_floor":[80,85,85,85,85,85,85,85,85,85,85,85,85,85,85,85],"relics":["Burning Blood","Tiny Chest","Gambling Chip","Shuriken","Regal Pillow"],"card_choices":[{"not_picked":["Wild Strike","Clash","True Grit"],"picked":"SKIP","floor":1},{"not_picked":["Fire Breathing","Searing Blow"],"picked":"Pommel Strike","floor":3},{"not_picked":["Pommel Strike","Reckless Charge","Clash"],"picked":"SKIP","floor":5},{"not_picked":["Feel No Pain","Sentinel","Perfected Strike"],"picked":"SKIP","floor":7},{"not_picked":["Disarm","Metallicize","Infernal Blade"],"picked":"SKIP","floor":8},{"not_picked":["Carnage","Power Through"],"picked":"Cleave","floor":12},{"not_picked":["Cleave","Body Slam","Flame Barrier"],"picked":"SKIP","floor":14}],"player_experience":42762,"potions_floor_usage":[8,14],"damage_taken":[{"damage":10,"enemies":"Small Slimes","floor":1,"turns":4},{"damage":1,"enemies":"Jaw Worm","floor":3,"turns":5},{"damage":1,"enemies":"2 Louse","floor":5,"turns":3},{"damage":0,"enemies":"Looter","floor":7,"turns":4},{"damage":35,"enemies":"3 Sentries","floor":8,"turns":9},{"damage":6,"enemies":"Blue Slaver","floor":12,"turns":4},{"damage":36,"enemies":"Lagavulin","floor":14,"turns":4},{"damage":55,"enemies":"Hexaghost","floor":16,"turns":9}],"relics_obtained":[{"floor":8,"key":"Gambling Chip"},{"floor":9,"key":"Shuriken"},{"floor":14,"key":"Regal Pillow"}],"event_choices":[{"event_name":"Big Fish","player_choice":"Donut","floor":2,"damage_taken":0},{"event_name":"Golden Wing","player_choice":"Card Removal","floor":4,"damage_taken":0},{"event_name":"The Cleric","player_choice":"Healed","floor":11,"damage_taken":0}],"boss_relics":[],"items_purged_floors":[],"potions_floor_spawned":[5,8,12],"seed_played":"-158656310974632116","killed_by":"Hexaghost","ascension_level":1,"potions_obtained":[{"floor":5,"key":"SkillPotion"},{"floor":8,"key":"BloodPotion"},{"floor":12,"key":"Dexterity Potion"}],"is_trial":false}