{"gold_per_floor":[212,232,8,18,18,49,60,60,86,99,126,126,145,176,176,247,247,265,265,278,116,136,163,163,78,105,119,119,119],"floor_reached":29,"playtime":2271,"items_purged":[],"score":583,"play_id":"59203a43-c040-44f8-becd-38e1aabccb14","local_time":"20190531201129","is_ascension_mode":true,"campfire_choices":[{"data":"Sunder","floor":12.0,"key":"SMITH"},{"data":"Fission","floor":15.0,"key":"SMITH"},{"floor":24,"key":"REST"}],"neow_cost":"NONE","seed_source_timestamp":0,"circlet_count":0,"master_deck":["AscendersBane","Strike_B","Strike_B","Strike_B","Defend_B","Defend_B","Defend_B","Defend_B","Zap","Dualcast","Steam","Glacier","Sunder+1","Rainbow","Loop","White Noise","Barrage","Rip and Tear","Static Discharge","Fission+1","Core Surge","Hologram+1","Self Repair","Reboot","Loop","Stack","Sweeping Beam","Necronomicurse"],"special_seed":0,"relics":["Cracked Core","Sling","PreservedInsect","Potion Belt","Anchor","The Courier","Philosopher\u0027s Stone","Strawberry","Nunchaku","Boot","Necronomicon"],"potions_floor_usage":[23,23,29,29],"damage_taken":[{"damage":8.0,"enemies":"Small Slimes","floor":1.0,"turns":3.0},{"damage":1.0,"enemies":"Cultist","floor":2.0,"turns":3.0},{"damage":1.0,"enemies":"Jaw Worm","floor":4.0,"turns":5.0},{"damage":8.0,"enemies":"3 Sentries","floor":6.0,"turns":6.0},{"damage":4.0,"enemies":"Exordium Wildlife","floor":7.0,"turns":4.0},{"damage":6.0,"enemies":"Blue Slaver","floor":10.0,"turns":4.0},{"damage":0.0,"enemies":"Gremlin Nob","floor":11.0,"turns":2.0},{"damage":0.0,"enemies":"Looter","floor":13.0,"turns":2.0},{"damage":4.0,"enemies":"Lagavulin","floor":14.0,"turns":5.0},{"damage":10.0,"enemies":"The Guardian","floor":16.0,"turns":14.0},{"damage":1.0,"enemies":"Chosen","floor":18.0,"turns":4.0},{"damage":13.0,"enemies":"Spheric Guardian","floor":20.0,"turns":4.0},{"damage":17.0,"enemies":"Snake Plant","floor":22.0,"turns":2.0},{"damage":0,"enemies":"Gremlin Leader","floor":23,"turns":3},{"damage":25,"enemies":"Centurion and Healer","floor":27,"turns":4},{"damage":15,"enemies":"Slavers","floor":29,"turns":1}],"seed_played":"697954262553690599","potions_obtained":[{"floor":2.0,"key":"SpeedPotion"},{"floor":6.0,"key":"FearPotion"},{"floor":10.0,"key":"Block Potion"},{"floor":13.0,"key":"Explosive Potion"},{"floor":14.0,"key":"FearPotion"},{"floor":20.0,"key":"Explosive Potion"},{"floor":23,"key":"PowerPotion"}],"is_trial":false,"path_per_floor":["M","M","$","M","?","E","M","?","T","M","E","R","M","E","R","B",null,"M","?","M","$","M","E","R","?","T","M","?","E"],"character_chosen":"DEFECT","items_purchased":["Sling","Reboot","Loop"],"campfire_rested":1,"item_purchase_floors":[3,21,21],"current_hp_per_floor":[56,55,55,54,54,46,42,42,42,36,36,36,36,32,32,22,59,58,38,25,25,8,22,46,46,46,28,7,0],"gold":119,"neow_bonus":"HUNDRED_GOLD","is_prod":false,"is_daily":false,"chose_seed":false,"campfire_upgraded":2,"win_rate":0,"timestamp":1559355089,"path_taken":["M","M","$","M","?","E","?","?","T","?","E","R","M","E","R","BOSS","M","?","M","$","M","E","R","?","T","M","?","E"],"build_version":"2019-01-23","purchased_purges":0,"victory":false,"max_hp_per_floor":[71,71,71,71,71,71,71,71,71,71,71,71,71,71,71,71,71,71,76,76,76,76,83,83,83,83,83,83,83],"card_choices":[{"not_picked":["Cold Snap","Skim"],"picked":"Steam","floor":1.0},{"not_picked":["Conserve Battery","Beam Cell"],"picked":"Glacier","floor":2.0},{"not_picked":["Turbo","Streamline"],"picked":"Sunder","floor":4.0},{"not_picked":["Compile Driver","Consume"],"picked":"Loop","floor":6.0},{"not_picked":["Recycle","Compile Driver"],"picked":"White Noise","floor":7.0},{"not_picked":["Turbo","Coolheaded"],"picked":"Rip and Tear","floor":10.0},{"not_picked":["Gash","Recycle","Stack"],"picked":"SKIP","floor":11.0},{"not_picked":["Coolheaded","Leap"],"picked":"Static Discharge","floor":13.0},{"not_picked":["Cold Snap","Stack"],"picked":"Fission","floor":14.0},{"not_picked":["Thunder Strike","All For One"],"picked":"Core Surge","floor":16.0},{"not_picked":["Coolheaded","Hello World"],"picked":"Hologram+1","floor":18.0},{"not_picked":["Cold Snap","Heatsinks"],"picked":"Self Repair","floor":20.0},{"not_picked":["Barrage","Rip and Tear"],"picked":"Stack","floor":22.0},{"not_picked":["Steam","Hologram","Gash+1"],"picked":"SKIP","floor":23},{"not_picked":["Genetic Algorithm","Turbo"],"picked":"Sweeping Beam","floor":27}],"player_experience":835901,"relics_obtained":[{"floor":6.0,"key":"PreservedInsect"},{"floor":9.0,"key":"Potion Belt"},{"floor":11.0,"key":"Anchor"},{"floor":14.0,"key":"The Courier"},{"floor":23,"key":"Strawberry"},{"floor":26,"key":"Boot"},{"floor":28,"key":"Necronomicon"}],"event_choices":[{"damage_healed":0.0,"max_hp_gain":0.0,"max_hp_loss":0.0,"gold_gain":0.0,"event_name":"Match and Keep!","player_choice":"1 cards matched","floor":5.0,"gold_loss":0.0,"damage_taken":0.0,"cards_obtained":["Rainbow"]},{"damage_healed":0.0,"max_hp_gain":0.0,"max_hp_loss":0.0,"gold_gain":0.0,"cards_transformed":["Strike_B"],"event_name":"Transmorgrifier","player_choice":"Transformed","floor":8.0,"gold_loss":0.0,"damage_taken":0.0,"cards_obtained":["Barrage"]},{"damage_healed":0.0,"max_hp_gain":5.0,"max_hp_loss":0.0,"gold_gain":0.0,"event_name":"Forgotten Altar","player_choice":"Shed Blood","floor":19.0,"gold_loss":0.0,"damage_taken":25.0},{"damage_healed":0,"gold_gain":0,"player_choice":"Obtained Relic","damage_taken":0,"relics_obtained":["Nunchaku"],"max_hp_gain":0,"max_hp_loss":0,"event_name":"Addict","floor":25,"gold_loss":85},{"damage_healed":0,"gold_gain":0,"player_choice":"Obtained Book","damage_taken":21,"max_hp_gain":0,"max_hp_loss":0,"event_name":"Cursed Tome","floor":28,"gold_loss":0}],"is_beta":false,"boss_relics":[{"not_picked":["Pandora\u0027s Box","Busted Crown"],"picked":"Philosopher\u0027s Stone"}],"items_purged_floors":[],"is_endless":false,"potions_floor_spawned":[2,6,10,13,14,20,23],"killed_by":"Slavers","ascension_level":17}