{"gold_per_floor":[118,138,22,42,42,42,107,107,178,203,183,202,232,232,232,232],"floor_reached":16,"playtime":669,"items_purged":[],"score":230,"play_id":"44b35728-468d-44ed-83be-26466d0b3d34","local_time":"20190330140256","is_ascension_mode":true,"campfire_choices":[{"data":"Footwork","floor":6,"key":"SMITH"},{"data":"Noxious Fumes","floor":8,"key":"SMITH"},{"floor":15,"key":"REST"}],"neow_cost":"NONE","seed_source_timestamp":0,"circlet_count":0,"master_deck":["AscendersBane","Defend_G","Defend_G","Defend_G","Defend_G","Defend_G","Strike_G","Strike_G","Strike_G","Strike_G","Strike_G","Survivor","Neutralize","Predator+1","Backflip","Noxious Fumes+1","Deflect","Footwork+1","Backflip","Well Laid Plans","Blur"],"special_seed":0,"relics":["Ring of the Snake","NeowsBlessing","Tiny Chest","Question Card","Bag of Marbles","Oddly Smooth Stone"],"potions_floor_usage":[13,16],"damage_taken":[{"damage":0,"enemies":"Cultist","floor":1,"turns":1},{"damage":0,"enemies":"Jaw Worm","floor":2,"turns":1},{"damage":0,"enemies":"Small Slimes","floor":4,"turns":1},{"damage":7,"enemies":"Lagavulin","floor":7,"turns":7},{"damage":2,"enemies":"3 Sentries","floor":10,"turns":8},{"damage":0,"enemies":"Exordium Wildlife","floor":12,"turns":6},{"damage":30,"enemies":"Gremlin Nob","floor":13,"turns":4},{"damage":39,"enemies":"Slime Boss","floor":16,"turns":7}],"seed_played":"-4987548861256819850","potions_obtained":[{"floor":1,"key":"Fire Potion"},{"floor":7,"key":"Poison Potion"},{"floor":11,"key":"PowerPotion"}],"is_trial":false,"path_per_floor":["M","M","$","M","?","R","E","R","T","E","?","M","E","?","R","B"],"character_chosen":"THE_SILENT","items_purchased":["Noxious Fumes","Deflect"],"campfire_rested":1,"item_purchase_floors":[3,3],"current_hp_per_floor":[59,59,59,59,59,59,52,52,52,50,50,50,20,20,39,0],"gold":232,"neow_bonus":"THREE_ENEMY_KILL","is_prod":false,"is_daily":false,"chose_seed":false,"campfire_upgraded":2,"win_rate":0,"timestamp":1553976176,"path_taken":["M","M","$","?","?","R","E","R","T","E","?","?","E","?","R","BOSS"],"build_version":"2019-01-23","purchased_purges":0,"victory":false,"max_hp_per_floor":[66,66,66,66,66,66,66,66,66,66,66,66,66,66,66,66],"card_choices":[{"not_picked":["Prepared","Sucker Punch"],"picked":"Predator","floor":1},{"not_picked":["Skewer","Poisoned Stab"],"picked":"Backflip","floor":2},{"not_picked":["Tactician","Prepared"],"picked":"Footwork","floor":4},{"not_picked":["Masterful Stab","Caltrops"],"picked":"Backflip","floor":7},{"not_picked":["Die Die Die","Bane","PiercingWail"],"picked":"Well Laid Plans","floor":10},{"not_picked":["Eviscerate","Blade Dance","Acrobatics","Underhanded Strike"],"picked":"SKIP","floor":12},{"not_picked":["Backflip","Deflect","Prepared"],"picked":"Blur","floor":13}],"player_experience":359786,"relics_obtained":[{"floor":7,"key":"Tiny Chest"},{"floor":9,"key":"Question Card"},{"floor":10,"key":"Bag of Marbles"},{"floor":13,"key":"Oddly Smooth Stone"}],"event_choices":[{"damage_healed":0,"gold_gain":0,"player_choice":"Grow","damage_taken":0,"max_hp_gain":0,"max_hp_loss":0,"event_name":"Living Wall","floor":5,"gold_loss":0,"cards_upgraded":["Predator"]},{"damage_healed":0,"gold_gain":0,"player_choice":"Bought 1 Potion","damage_taken":0,"max_hp_gain":0,"max_hp_loss":0,"event_name":"The Woman in Blue","floor":11,"gold_loss":0},{"damage_healed":0,"gold_gain":0,"player_choice":"Ignored","damage_taken":0,"max_hp_gain":0,"max_hp_loss":0,"event_name":"Liars Game","floor":14,"gold_loss":0}],"is_beta":false,"boss_relics":[],"items_purged_floors":[],"is_endless":false,"potions_floor_spawned":[1,7,10,12],"killed_by":"Slime Boss","ascension_level":19}