{"gold_per_floor":[109,119,194,194,209,239,239,239,291,291,291,291,304,335,335,408,408,425,441,356,367,367,367,378,396,396,396,413,413,427,427,427,499,499,517,146,246,262,277,303,303,303,303,314,314,345,345,357,357,357,357],"floor_reached":52,"playtime":2803,"items_purged":["Spot Weakness+1"],"score":2094,"play_id":"02c4948c-d0f9-41db-9c14-77e2f0233eed","local_time":"20190527191509","is_ascension_mode":true,"campfire_choices":[{"floor":7.0,"key":"REST"},{"floor":11.0,"key":"REST"},{"data":"Shrug It Off","floor":15.0,"key":"SMITH"},{"data":"Spot Weakness","floor":23.0,"key":"SMITH"},{"floor":32.0,"key":"REST"},{"floor":49.0,"key":"REST"}],"neow_cost":"NONE","seed_source_timestamp":184426663056590,"circlet_count":0,"master_deck":["AscendersBane","Strike_R","Strike_R","Strike_R","Defend_R+1","Defend_R+1","Defend_R","Defend_R","Bash","Pommel Strike","Shrug It Off+1","Barricade+1","Disarm+1","Dark Embrace+1","Shockwave+1","Demon Form+1","Uppercut","Flame Barrier+1","Parasite"],"special_seed":0,"relics":["Burning Blood","Bronze Scales","FossilizedHelix","War Paint","Frozen Egg 2","Du-Vu Doll","Snecko Eye","Paper Frog","Toxic Egg 2","Sozu","Sling","Ice Cream","Meat on the Bone","Incense Burner","Anchor","CultistMask"],"potions_floor_usage":[51],"damage_taken":[{"damage":13.0,"enemies":"Cultist","floor":1.0,"turns":5.0},{"damage":3.0,"enemies":"2 Louse","floor":2.0,"turns":3.0},{"damage":10.0,"enemies":"Small Slimes","floor":5.0,"turns":2.0},{"damage":45.0,"enemies":"3 Sentries","floor":6.0,"turns":6.0},{"damage":0.0,"enemies":"Looter","floor":13.0,"turns":3.0},{"damage":20.0,"enemies":"Gremlin Nob","floor":14.0,"turns":4.0},{"damage":34.0,"enemies":"The Guardian","floor":16.0,"turns":14.0},{"damage":11.0,"enemies":"2 Thieves","floor":18.0,"turns":3.0},{"damage":0.0,"enemies":"Spheric Guardian","floor":19.0,"turns":4.0},{"damage":17.0,"enemies":"Centurion and Healer","floor":21.0,"turns":6.0},{"damage":28.0,"enemies":"Shelled Parasite and Fungi","floor":24.0,"turns":6.0},{"damage":14.0,"enemies":"3 Cultists","floor":25.0,"turns":4.0},{"damage":5.0,"enemies":"Snake Plant","floor":28.0,"turns":5.0},{"damage":24.0,"enemies":"Centurion and Healer","floor":30.0,"turns":6.0},{"damage":0.0,"enemies":"Champ","floor":33.0,"turns":8.0},{"damage":12.0,"enemies":"3 Darklings","floor":35.0,"turns":4.0},{"damage":0.0,"enemies":"Mind Bloom Boss Battle","floor":37.0,"turns":5.0},{"damage":0.0,"enemies":"Orb Walker","floor":38.0,"turns":3.0},{"damage":0.0,"enemies":"Maw","floor":39.0,"turns":6.0},{"damage":35.0,"enemies":"Nemesis","floor":40.0,"turns":9.0},{"damage":16.0,"enemies":"Jaw Worm Horde","floor":44.0,"turns":5.0},{"damage":52.0,"enemies":"Giant Head","floor":46.0,"turns":7.0},{"damage":7.0,"enemies":"Writhing Mass","floor":48.0,"turns":6.0},{"damage":39,"enemies":"Awakened One","floor":50,"turns":10},{"damage":0,"enemies":"Time Eater","floor":51,"turns":9}],"seed_played":"-6511753716010091197","potions_obtained":[{"floor":1.0,"key":"EssenceOfSteel"},{"floor":6.0,"key":"FearPotion"},{"floor":13.0,"key":"Ancient Potion"},{"floor":24.0,"key":"SmokeBomb"},{"floor":28.0,"key":"Energy Potion"}],"is_trial":false,"path_per_floor":["M","M","?","?","M","E","R","?","T","?","R","?","M","E","R","B",null,"M","M","?","M","?","R","M","M","T","?","M","?","M","?","R","B",null,"M","$","?","M","M","E","?","?","T","M","?","E","?","M","R","B","B",null],"character_chosen":"IRONCLAD","items_purchased":["Uppercut","Sling"],"campfire_rested":4,"item_purchase_floors":[36,36],"current_hp_per_floor":[68,71,60,60,56,17,41,34,34,23,47,47,53,39,39,11,64,59,65,65,54,54,54,32,24,24,24,25,41,23,23,47,53,75,69,69,75,81,82,53,53,53,53,55,55,21,21,32,55,34,52],"gold":357,"neow_bonus":"TEN_PERCENT_HP_BONUS","is_prod":false,"is_daily":false,"chose_seed":false,"campfire_upgraded":2,"win_rate":0,"timestamp":1559006109,"path_taken":["M","?","?","?","?","E","R","?","T","?","R","?","?","E","R","BOSS","M","M","?","M","?","R","?","M","T","?","?","?","M","?","R","BOSS","M","$","?","M","M","E","?","?","T","M","?","E","?","M","R","BOSS","BOSS"],"build_version":"2019-01-23","purchased_purges":1,"victory":true,"max_hp_per_floor":[82,82,82,82,82,82,82,82,82,82,82,82,82,82,82,82,82,82,82,82,82,82,82,82,82,82,82,82,82,82,82,82,82,82,82,82,82,82,82,82,82,82,82,82,78,78,78,78,78,78,78],"card_choices":[{"not_picked":["Infernal Blade","Armaments"],"picked":"Whirlwind","floor":1.0},{"not_picked":["Wild Strike","Dropkick","True Grit"],"picked":"SKIP","floor":2.0},{"not_picked":["Wild Strike","Sword Boomerang"],"picked":"Pommel Strike","floor":5.0},{"not_picked":["Wild Strike","True Grit","Metallicize"],"picked":"SKIP","floor":6.0},{"not_picked":["Clothesline","Heavy Blade"],"picked":"Shrug It Off","floor":13.0},{"not_picked":["Thunderclap","Brutality+1","Headbutt"],"picked":"SKIP","floor":14.0},{"not_picked":["Bludgeon","Brutality+1"],"picked":"Barricade+1","floor":16.0},{"not_picked":["Twin Strike","Clash"],"picked":"Spot Weakness","floor":18.0},{"not_picked":["Searing Blow","Twin Strike"],"picked":"Disarm+1","floor":19.0},{"not_picked":["Headbutt","Pommel Strike","True Grit"],"picked":"SKIP","floor":21.0},{"not_picked":["Spot Weakness","Sword Boomerang","Thunderclap"],"picked":"SKIP","floor":24.0},{"not_picked":["Sword Boomerang","Ghostly Armor","Body Slam"],"picked":"SKIP","floor":25.0},{"not_picked":["Burning Pact+1","Iron Wave","Evolve+1"],"picked":"SKIP","floor":28.0},{"not_picked":["Rampage","Sword Boomerang+1","Warcry+1"],"picked":"SKIP","floor":30.0},{"not_picked":["Shrug It Off+1","Rage+1","Fire Breathing+1"],"picked":"SKIP","floor":35.0},{"not_picked":["Sword Boomerang","Spot Weakness+1","Second Wind+1"],"picked":"SKIP","floor":38.0},{"not_picked":["Pommel Strike","Iron Wave+1","Cleave"],"picked":"SKIP","floor":39.0},{"not_picked":["Sword Boomerang","Limit Break+1"],"picked":"Flame Barrier+1","floor":40.0},{"not_picked":["Bloodletting+1","Warcry+1","Shockwave+1"],"picked":"SKIP","floor":44.0},{"not_picked":["Dark Embrace+1","Flex+1","Dropkick"],"picked":"SKIP","floor":46.0},{"not_picked":["Perfected Strike","Havoc+1","Corruption+1"],"picked":"SKIP","floor":48.0}],"player_experience":646530,"relics_obtained":[{"floor":6.0,"key":"FossilizedHelix"},{"floor":9.0,"key":"War Paint"},{"floor":14.0,"key":"Du-Vu Doll"},{"floor":26.0,"key":"Toxic Egg 2"},{"floor":37.0,"key":"Ice Cream"},{"floor":40.0,"key":"Meat on the Bone"},{"floor":43.0,"key":"Incense Burner"},{"floor":46.0,"key":"Anchor"}],"event_choices":[{"damage_healed":0.0,"max_hp_gain":0.0,"max_hp_loss":0.0,"gold_gain":75.0,"event_name":"World of Goop","player_choice":"Gather Gold","floor":3.0,"gold_loss":0.0,"damage_taken":11.0},{"damage_healed":0.0,"max_hp_gain":0.0,"max_hp_loss":0.0,"gold_gain":0.0,"event_name":"WeMeetAgain","player_choice":"Gave Potion","floor":4.0,"gold_loss":0.0,"damage_taken":0.0,"relics_obtained":["Bronze Scales"]},{"cards_removed":["Strike_R"],"damage_healed":0.0,"max_hp_gain":0.0,"max_hp_loss":0.0,"gold_gain":0.0,"event_name":"Golden Wing","player_choice":"Card Removal","floor":8.0,"gold_loss":0.0,"damage_taken":7.0},{"damage_healed":0.0,"max_hp_gain":0.0,"max_hp_loss":0.0,"gold_gain":0.0,"event_name":"Scrap Ooze","player_choice":"Success","floor":10.0,"gold_loss":0.0,"damage_taken":11.0,"relics_obtained":["Frozen Egg 2"]},{"damage_healed":0.0,"max_hp_gain":0.0,"max_hp_loss":0.0,"gold_gain":0.0,"event_name":"Accursed Blacksmith","player_choice":"Forge","floor":12.0,"gold_loss":0.0,"damage_taken":0.0,"cards_upgraded":["Whirlwind"]},{"damage_healed":0.0,"max_hp_gain":0.0,"max_hp_loss":0.0,"gold_gain":0.0,"event_name":"Addict","player_choice":"Obtained Relic","floor":20.0,"gold_loss":85.0,"damage_taken":0.0,"relics_obtained":["Paper Frog"]},{"damage_healed":0.0,"max_hp_gain":0.0,"max_hp_loss":0.0,"gold_gain":0.0,"cards_transformed":["Strike_R"],"event_name":"Transmorgrifier","player_choice":"Transformed","floor":22.0,"gold_loss":0.0,"damage_taken":0.0,"cards_obtained":["Dark Embrace"]},{"damage_healed":0.0,"max_hp_gain":0.0,"max_hp_loss":0.0,"gold_gain":0.0,"event_name":"Match and Keep!","player_choice":"2 cards matched","floor":27.0,"gold_loss":0.0,"damage_taken":0.0,"cards_obtained":["Shockwave","Demon Form"]},{"damage_healed":16.0,"max_hp_gain":0.0,"max_hp_loss":0.0,"gold_gain":0.0,"event_name":"The Library","player_choice":"Heal","floor":29.0,"gold_loss":0.0,"damage_taken":0.0},{"damage_healed":0.0,"max_hp_gain":0.0,"max_hp_loss":0.0,"gold_gain":0.0,"event_name":"N\u0027loth","player_choice":"Ignored","floor":31.0,"gold_loss":0.0,"damage_taken":0.0},{"damage_healed":0.0,"max_hp_gain":0.0,"max_hp_loss":0.0,"gold_gain":0.0,"event_name":"MindBloom","player_choice":"Fight","floor":37.0,"gold_loss":0.0,"damage_taken":0.0},{"damage_healed":0.0,"max_hp_gain":0.0,"max_hp_loss":0.0,"gold_gain":0.0,"event_name":"SensoryStone","player_choice":"Memory 1","floor":41.0,"gold_loss":0.0,"damage_taken":0.0},{"cards_removed":["Whirlwind"],"damage_healed":0.0,"max_hp_gain":0.0,"max_hp_loss":0.0,"gold_gain":0.0,"event_name":"Falling","player_choice":"Removed Attack","floor":42.0,"gold_loss":0.0,"damage_taken":0.0},{"damage_healed":0.0,"max_hp_gain":0.0,"max_hp_loss":4.0,"gold_gain":0.0,"event_name":"Winding Halls","player_choice":"Max HP","floor":45.0,"gold_loss":0.0,"damage_taken":0.0},{"damage_healed":0.0,"max_hp_gain":0.0,"max_hp_loss":0.0,"gold_gain":0.0,"event_name":"FaceTrader","player_choice":"Trade","floor":47.0,"gold_loss":0.0,"damage_taken":0.0,"relics_obtained":["CultistMask"]}],"is_beta":false,"boss_relics":[{"not_picked":["Ectoplasm","White Beast Statue"],"picked":"Snecko Eye"},{"not_picked":["Runic Cube","Black Star"],"picked":"Sozu"}],"items_purged_floors":[36],"is_endless":false,"potions_floor_spawned":[1,6,13,24,28,30,33,37,46,48],"ascension_level":20}