{"gold_per_floor":[18,18,33,45,61,61,61,61,84,84,115,15,30,47,47,143,143,143,143,143,143,143,143,143,93,93,93,0,0,0,0,0,0],"floor_reached":33,"playtime":2992,"items_purged":["Strike_B"],"score":401,"play_id":"fdde001c-5eea-49da-aa42-eb212b9cb5b2","local_time":"20190404124405","is_ascension_mode":true,"campfire_choices":[{"data":"Chaos","floor":6.0,"key":"SMITH"},{"data":"Zap","floor":8.0,"key":"SMITH"},{"data":"Dualcast","floor":10.0,"key":"SMITH"},{"data":"Machine Learning","floor":15.0,"key":"SMITH"},{"data":"Redo","floor":24.0,"key":"SMITH"},{"floor":30,"key":"REST"},{"data":"Coolheaded","floor":32,"key":"SMITH"}],"neow_cost":"NO_GOLD","seed_source_timestamp":0,"circlet_count":0,"master_deck":["AscendersBane","Defend_B+1","Defend_B+1","Defend_B+1","Defend_B+1","Zap+1","Dualcast+1","BootSequence","Coolheaded+1","Compile Driver","Chaos+1","Redo+1","Machine Learning+1","Echo Form","Darkness+1"],"special_seed":0,"relics":["Cracked Core","Ancient Tea Set","Bronze Scales","Art of War","Ectoplasm","Question Card"],"potions_floor_usage":[],"damage_taken":[{"damage":0.0,"enemies":"2 Louse","floor":1.0,"turns":2.0},{"damage":0.0,"enemies":"Jaw Worm","floor":3.0,"turns":3.0},{"damage":0.0,"enemies":"Cultist","floor":4.0,"turns":3.0},{"damage":9.0,"enemies":"Looter","floor":5.0,"turns":3.0},{"damage":3.0,"enemies":"Lagavulin","floor":11.0,"turns":6.0},{"damage":0.0,"enemies":"Large Slime","floor":13.0,"turns":5.0},{"damage":1.0,"enemies":"Lots of Slimes","floor":14.0,"turns":3.0},{"damage":8.0,"enemies":"Hexaghost","floor":16.0,"turns":9.0},{"damage":0.0,"enemies":"Chosen","floor":18.0,"turns":5.0},{"damage":1.0,"enemies":"Spheric Guardian","floor":20.0,"turns":4.0},{"damage":1.0,"enemies":"Shelled Parasite and Fungi","floor":22.0,"turns":6.0},{"damage":33.0,"enemies":"Slavers","floor":23.0,"turns":6.0},{"damage":0.0,"enemies":"Centurion and Healer","floor":27.0,"turns":7.0},{"damage":14,"enemies":"Snake Plant","floor":29,"turns":3},{"damage":38,"enemies":"Automaton","floor":33,"turns":6}],"seed_played":"7616975561323725774","potions_obtained":[{"floor":4.0,"key":"GamblersBrew"},{"floor":5.0,"key":"SteroidPotion"},{"floor":13.0,"key":"Dexterity Potion"},{"floor":16.0,"key":"LiquidBronze"},{"floor":23.0,"key":"Weak Potion"}],"is_trial":false,"path_per_floor":["M","?","M","M","M","R","?","R","T","R","E","$","M","M","R","B",null,"M","?","M","?","M","E","R","?","T","M","?","M","R","?","R","B"],"character_chosen":"DEFECT","items_purchased":["Redo"],"campfire_rested":1,"item_purchase_floors":[12],"current_hp_per_floor":[68,61,61,61,52,52,52,52,52,52,49,49,49,48,48,40,66,66,66,65,65,64,31,31,31,31,31,31,17,39,32,32,0],"gold":0,"neow_bonus":"TRANSFORM_TWO_CARDS","is_prod":false,"is_daily":false,"chose_seed":false,"campfire_upgraded":6,"win_rate":0,"timestamp":1554403445,"path_taken":["M","?","M","M","M","R","?","R","T","R","E","$","?","M","R","BOSS","M","?","M","?","M","E","R","?","T","?","?","M","R","?","R","BOSS"],"build_version":"2019-01-23","purchased_purges":1,"victory":false,"max_hp_per_floor":[75,75,75,75,75,75,75,75,75,75,75,75,75,75,75,75,75,75,75,75,75,75,75,75,75,75,75,75,75,75,75,75,75],"card_choices":[{"not_picked":["Ball Lightning","Gash"],"picked":"Compile Driver","floor":1.0},{"not_picked":["FTL","Ball Lightning"],"picked":"Chaos","floor":3.0},{"not_picked":["Beam Cell","Ball Lightning","Aggregate"],"picked":"SKIP","floor":4.0},{"not_picked":["Undo","Streamline","BootSequence"],"picked":"SKIP","floor":5.0},{"not_picked":["Lockon","Steam","Sweeping Beam"],"picked":"SKIP","floor":11.0},{"not_picked":["Ball Lightning","Conserve Battery"],"picked":"Machine Learning","floor":13.0},{"not_picked":["Turbo","Gash","Ball Lightning"],"picked":"SKIP","floor":14.0},{"not_picked":["All For One","Creative AI"],"picked":"Echo Form","floor":16.0},{"not_picked":["Doom and Gloom","Steam Power"],"picked":"Darkness+1","floor":18.0},{"not_picked":["Beam Cell+1","Conserve Battery+1","Streamline"],"picked":"SKIP","floor":20.0},{"not_picked":["Undo","Static Discharge","Streamline"],"picked":"SKIP","floor":22.0},{"not_picked":["Blizzard+1","Redo","Turbo"],"picked":"SKIP","floor":23.0},{"not_picked":["Hello World","Melter","FTL","Recycle"],"picked":"SKIP","floor":27.0},{"not_picked":["Sweeping Beam+1","Streamline","Double Energy+1","Genetic Algorithm"],"picked":"SKIP","floor":29}],"player_experience":551902,"relics_obtained":[{"floor":9.0,"key":"Bronze Scales"},{"floor":11.0,"key":"Art of War"},{"floor":23.0,"key":"Question Card"}],"event_choices":[{"cards_removed":["Strike_B"],"damage_healed":0.0,"max_hp_gain":0.0,"max_hp_loss":0.0,"gold_gain":0.0,"event_name":"Golden Wing","player_choice":"Card Removal","floor":2.0,"gold_loss":0.0,"damage_taken":7.0},{"damage_healed":0.0,"max_hp_gain":0.0,"max_hp_loss":0.0,"gold_gain":0.0,"event_name":"WeMeetAgain","player_choice":"Gave Potion","floor":7.0,"gold_loss":0.0,"damage_taken":0.0,"relics_obtained":["Ancient Tea Set"]},{"damage_healed":0.0,"max_hp_gain":0.0,"max_hp_loss":0.0,"gold_gain":0.0,"event_name":"Back to Basics","player_choice":"Simplicity","floor":19.0,"gold_loss":0.0,"damage_taken":0.0,"cards_upgraded":["Defend_B","Defend_B","Defend_B","Defend_B"]},{"damage_healed":0.0,"max_hp_gain":0.0,"max_hp_loss":0.0,"gold_gain":99.0,"event_name":"Nest","player_choice":"Stole From Cult","floor":21.0,"gold_loss":0.0,"damage_taken":0.0},{"damage_healed":0.0,"max_hp_gain":0.0,"max_hp_loss":0.0,"gold_gain":100.0,"event_name":"The Joust","player_choice":"Bet on Murderer","floor":25.0,"gold_loss":50.0,"damage_taken":0.0},{"damage_healed":0,"gold_gain":0,"player_choice":"Paid Fearfully","damage_taken":0,"max_hp_gain":0,"max_hp_loss":0,"event_name":"Masked Bandits","floor":28,"gold_loss":93},{"damage_healed":0,"gold_gain":0,"player_choice":"","damage_taken":7,"max_hp_gain":0,"max_hp_loss":0,"event_name":"Knowing Skull","floor":31,"potions_obtained":[],"gold_loss":0,"cards_obtained":[]}],"is_beta":false,"boss_relics":[{"not_picked":["Snecko Eye","Velvet Choker"],"picked":"Ectoplasm"}],"items_purged_floors":[12],"is_endless":false,"potions_floor_spawned":[4,5,13,16,23,27],"killed_by":"Automaton","ascension_level":10}