{"gold_per_floor":[112,124,124,74,74,99,99,110,110,121,121,140,20,38,38,109,109,122],"floor_reached":18,"playtime":936,"items_purged":["Strike_R"],"score":279,"play_id":"1410163a-cb7b-4734-a8b6-ced9bc2a8b13","local_time":"20190426153858","is_ascension_mode":true,"campfire_choices":[{"data":"Clothesline","floor":7.0,"key":"SMITH"},{"floor":15,"key":"REST"}],"neow_cost":"NONE","seed_source_timestamp":831960217364952,"circlet_count":0,"master_deck":["AscendersBane","Strike_R","Strike_R","Defend_R","Defend_R","Defend_R","Defend_R","Bash","Shockwave","Iron Wave","Clothesline+1","Heavy Blade","Shrug It Off","Spot Weakness","Iron Wave","Whirlwind","Impervious"],"special_seed":0,"relics":["Burning Blood","Self Forming Clay","Letter Opener","Magic Flower","Runic Pyramid"],"potions_floor_usage":[16,16],"damage_taken":[{"damage":1.0,"enemies":"Cultist","floor":1.0,"turns":4.0},{"damage":5.0,"enemies":"2 Louse","floor":2.0,"turns":4.0},{"damage":45.0,"enemies":"3 Sentries","floor":6.0,"turns":14.0},{"damage":4.0,"enemies":"Jaw Worm","floor":8.0,"turns":4.0},{"damage":9,"enemies":"Large Slime","floor":10,"turns":5},{"damage":7,"enemies":"Red Slaver","floor":12,"turns":5},{"damage":7,"enemies":"Exordium Wildlife","floor":14,"turns":5},{"damage":40,"enemies":"The Guardian","floor":16,"turns":14},{"damage":30,"enemies":"Shell Parasite","floor":18,"turns":7}],"seed_played":"-630867560121056886","potions_obtained":[{"floor":0.0,"key":"Regen Potion"},{"floor":0.0,"key":"Fire Potion"},{"floor":2.0,"key":"LiquidBronze"},{"floor":6.0,"key":"Weak Potion"},{"floor":16,"key":"SteroidPotion"}],"is_trial":false,"path_per_floor":["M","M","?","?","?","E","R","M","T","M","T","M","$","M","R","B",null,"M"],"character_chosen":"IRONCLAD","items_purchased":["Iron Wave"],"campfire_rested":1,"item_purchase_floors":[13],"current_hp_per_floor":[73,74,67,67,67,28,28,30,30,27,27,29,29,31,53,22,62,41],"gold":122,"neow_bonus":"THREE_SMALL_POTIONS","is_prod":false,"is_daily":false,"chose_seed":false,"campfire_upgraded":1,"win_rate":0,"timestamp":1556307538,"path_taken":["M","?","?","?","?","E","R","M","T","?","?","M","$","?","R","BOSS","M"],"build_version":"2019-01-23","purchased_purges":1,"victory":false,"max_hp_per_floor":[75,75,75,75,75,75,75,75,75,75,75,75,75,75,75,75,75,75],"card_choices":[{"not_picked":["Hemokinesis","Second Wind"],"picked":"Shockwave","floor":1.0},{"not_picked":["Evolve","Wild Strike"],"picked":"Iron Wave","floor":2.0},{"not_picked":["Sword Boomerang","Headbutt"],"picked":"Clothesline","floor":6.0},{"not_picked":["Battle Trance","Body Slam"],"picked":"Heavy Blade","floor":8.0},{"not_picked":["Blood for Blood","Perfected Strike"],"picked":"Shrug It Off","floor":10},{"not_picked":["Dual Wield","Blood for Blood"],"picked":"Spot Weakness","floor":12},{"not_picked":["Flex","Heavy Blade"],"picked":"Whirlwind","floor":14},{"not_picked":["Exhume","Fiend Fire"],"picked":"Impervious","floor":16},{"not_picked":["Dropkick","Searing Blow","Clothesline"],"picked":"SKIP","floor":18}],"player_experience":148727,"relics_obtained":[{"floor":6.0,"key":"Self Forming Clay"},{"floor":9.0,"key":"Letter Opener"},{"floor":11,"key":"Magic Flower"}],"event_choices":[{"cards_removed":["Strike_R"],"damage_healed":0.0,"max_hp_gain":0.0,"max_hp_loss":0.0,"gold_gain":0.0,"event_name":"Golden Wing","player_choice":"Card Removal","floor":3.0,"gold_loss":0.0,"damage_taken":7.0},{"cards_removed":["Strike_R"],"damage_healed":0.0,"max_hp_gain":0.0,"max_hp_loss":0.0,"gold_gain":0.0,"event_name":"The Cleric","player_choice":"Card Removal","floor":4.0,"gold_loss":50.0,"damage_taken":0.0},{"damage_healed":0.0,"max_hp_gain":0.0,"max_hp_loss":0.0,"gold_gain":0.0,"event_name":"Purifier","player_choice":"Ignored","floor":5.0,"gold_loss":0.0,"damage_taken":0.0}],"is_beta":false,"boss_relics":[{"not_picked":["Ectoplasm","Empty Cage"],"picked":"Runic Pyramid"}],"items_purged_floors":[13],"is_endless":false,"potions_floor_spawned":[2,6,12,16],"killed_by":"Shell Parasite","ascension_level":14}