{"gold_per_floor":[117,132,132,143,143,143,176,189,189,189,189,233,307,307],"floor_reached":14,"playtime":303,"items_purged":[],"score":170,"play_id":"a1122f97-55d8-4765-ad8d-3c1bc5e9abf5","local_time":"20190518000257","is_ascension_mode":true,"campfire_choices":[{"data":"Limit Break","floor":6,"key":"SMITH"},{"data":"Flex","floor":10,"key":"SMITH"}],"neow_cost":"NONE","seed_source_timestamp":1300584040508586,"circlet_count":0,"master_deck":["AscendersBane","Strike_R","Strike_R","Strike_R","Strike_R","Strike_R","Defend_R","Defend_R","Defend_R","Defend_R","Bash","Cleave","Limit Break+1","Whirlwind","Flex+1","Flex","Heavy Blade"],"relics":["Burning Blood","NeowsBlessing","Golden Idol","Self Forming Clay","Ginger","SsserpentHead","Charon\u0027s Ashes"],"potions_floor_usage":[12],"damage_taken":[{"damage":0,"enemies":"Small Slimes","floor":1,"turns":1},{"damage":0,"enemies":"Cultist","floor":2,"turns":1},{"damage":0,"enemies":"2 Louse","floor":4,"turns":1},{"damage":35,"enemies":"3 Sentries","floor":7,"turns":5},{"damage":7,"enemies":"2 Fungi Beasts","floor":8,"turns":3},{"damage":21,"enemies":"Gremlin Nob","floor":12,"turns":4},{"damage":7,"enemies":"Lots of Slimes","floor":13,"turns":3},{"damage":25,"enemies":"Exordium Thugs","floor":14,"turns":3}],"seed_played":"2215577274521640080","potions_obtained":[{"floor":4,"key":"Block Potion"},{"floor":12,"key":"Energy Potion"},{"floor":13,"key":"Energy Potion"}],"is_trial":false,"path_per_floor":["M","M","?","M","?","R","E","M","T","R","?","E","M","M"],"character_chosen":"IRONCLAD","items_purchased":[],"campfire_rested":0,"item_purchase_floors":[],"current_hp_per_floor":[74,75,75,75,69,69,40,39,39,39,39,24,23,0],"gold":307,"neow_bonus":"THREE_ENEMY_KILL","is_prod":false,"is_daily":false,"chose_seed":false,"campfire_upgraded":2,"win_rate":0,"timestamp":1558159377,"path_taken":["M","M","?","?","?","R","E","M","T","R","?","E","?","M"],"build_version":"2019-01-23","purchased_purges":0,"victory":false,"max_hp_per_floor":[75,75,75,75,69,69,69,69,69,69,69,69,69,69],"card_choices":[{"not_picked":["Wild Strike","Armaments","Body Slam"],"picked":"SKIP","floor":1},{"not_picked":["Flex","Armaments"],"picked":"Cleave","floor":2},{"not_picked":["Reckless Charge","Cleave"],"picked":"Whirlwind","floor":4},{"not_picked":["Infernal Blade","Rupture"],"picked":"Flex","floor":7},{"not_picked":["Perfected Strike","Wild Strike"],"picked":"Flex","floor":8},{"not_picked":["Sentinel","Sword Boomerang","Corruption"],"picked":"SKIP","floor":12},{"not_picked":["Cleave","Feed"],"picked":"Heavy Blade","floor":13}],"player_experience":565917,"relics_obtained":[{"floor":7,"key":"Self Forming Clay"},{"floor":9,"key":"Ginger"},{"floor":12,"key":"Charon\u0027s Ashes"}],"event_choices":[{"damage_healed":0,"gold_gain":0,"player_choice":"1 cards matched","damage_taken":0,"max_hp_gain":0,"max_hp_loss":0,"event_name":"Match and Keep!","floor":3,"gold_loss":0,"cards_obtained":["Limit Break"]},{"damage_healed":0,"gold_gain":0,"player_choice":"Lose Max HP","damage_taken":0,"relics_obtained":["Golden Idol"],"max_hp_gain":0,"max_hp_loss":6,"event_name":"Golden Idol","floor":5,"gold_loss":0},{"damage_healed":0,"gold_gain":0,"player_choice":"Trade","damage_taken":0,"relics_obtained":["SsserpentHead"],"max_hp_gain":0,"max_hp_loss":0,"event_name":"FaceTrader","floor":11,"gold_loss":0}],"is_beta":false,"boss_relics":[],"items_purged_floors":[],"is_endless":false,"potions_floor_spawned":[4,12,13],"killed_by":"Exordium Thugs","ascension_level":14}