{"gold_per_floor":[113,66,76,76,49,83,83,83,83,83,98,115,135,60,60,131,131,146,146,146,173,186,186,186],"floor_reached":24,"playtime":705,"items_purged":["Strike_R"],"score":372,"play_id":"9fef8613-950e-4dd6-a291-fe6138c6f836","local_time":"20190501160732","is_ascension_mode":true,"campfire_choices":[{"data":"Bash","floor":7.0,"key":"SMITH"},{"data":"True Grit","floor":10.0,"key":"SMITH"},{"data":"Cleave","floor":15,"key":"SMITH"},{"floor":23,"key":"REST"}],"neow_cost":"NONE","seed_source_timestamp":1265971462292182,"circlet_count":0,"master_deck":["AscendersBane","Strike_R+1","Strike_R+1","Strike_R+1","Strike_R+1","Defend_R+1","Defend_R+1","Defend_R+1","Defend_R+1","Bash+1","Spot Weakness","True Grit+1","Headbutt","Anger","Cleave+1","True Grit","Limit Break","Armaments+1"],"special_seed":0,"relics":["Black Blood","NeowsBlessing","Letter Opener","Omamori","Gremlin Horn","Vajra"],"potions_floor_usage":[16,18],"damage_taken":[{"damage":0.0,"enemies":"Small Slimes","floor":1.0,"turns":1.0},{"damage":0.0,"enemies":"Cultist","floor":3.0,"turns":1.0},{"damage":0.0,"enemies":"Gremlin Nob","floor":6.0,"turns":1.0},{"damage":7,"enemies":"Jaw Worm","floor":11,"turns":3},{"damage":1,"enemies":"Exordium Thugs","floor":12,"turns":4},{"damage":2,"enemies":"3 Louse","floor":13,"turns":3},{"damage":27,"enemies":"Slime Boss","floor":16,"turns":10},{"damage":45,"enemies":"2 Thieves","floor":18,"turns":5},{"damage":39,"enemies":"3 Byrds","floor":22,"turns":5},{"damage":35,"enemies":"Book of Stabbing","floor":24,"turns":4}],"seed_played":"7221222357590953267","potions_obtained":[{"floor":1.0,"key":"GamblersBrew"},{"floor":6.0,"key":"BloodPotion"},{"floor":12,"key":"Explosive Potion"},{"floor":22,"key":"SpeedPotion"}],"is_trial":false,"path_per_floor":["M","$","M","?","$","E","R","T","T","R","M","M","M","$","R","B",null,"M","?","?","T","M","R","E"],"character_chosen":"IRONCLAD","items_purchased":["True Grit","Anger"],"campfire_rested":1,"item_purchase_floors":[2,5],"current_hp_per_floor":[74,74,75,75,75,75,75,75,75,75,74,75,75,75,75,54,70,42,42,42,42,13,35,0],"gold":186,"neow_bonus":"THREE_ENEMY_KILL","is_prod":false,"is_daily":false,"chose_seed":false,"campfire_upgraded":3,"win_rate":0,"timestamp":1556741252,"path_taken":["M","$","M","?","?","E","R","?","T","R","M","?","M","$","R","BOSS","M","?","?","?","M","R","E"],"build_version":"2019-01-23","purchased_purges":1,"victory":false,"max_hp_per_floor":[75,75,75,75,75,75,75,75,75,75,75,75,75,75,75,75,75,75,75,75,75,75,75,75],"card_choices":[{"not_picked":["Perfected Strike","Headbutt"],"picked":"Spot Weakness","floor":1.0},{"not_picked":["Havoc","Body Slam"],"picked":"Headbutt","floor":3.0},{"not_picked":["Impervious","Anger"],"picked":"Cleave","floor":6.0},{"not_picked":["Headbutt","Twin Strike"],"picked":"True Grit","floor":11},{"not_picked":["Burning Pact","Clash","Body Slam"],"picked":"SKIP","floor":12},{"not_picked":["Havoc","Fiend Fire","Reckless Charge"],"picked":"SKIP","floor":13},{"not_picked":["Berserk","Feed"],"picked":"Limit Break","floor":16},{"not_picked":["Sentinel","Sword Boomerang"],"picked":"Armaments+1","floor":18},{"not_picked":["Sword Boomerang","Havoc","Warcry"],"picked":"SKIP","floor":22}],"player_experience":151188,"relics_obtained":[{"floor":6.0,"key":"Letter Opener"},{"floor":8.0,"key":"Omamori"},{"floor":9.0,"key":"Gremlin Horn"},{"floor":21,"key":"Vajra"}],"event_choices":[{"damage_healed":0.0,"max_hp_gain":0.0,"max_hp_loss":0.0,"gold_gain":0.0,"event_name":"FaceTrader","player_choice":"Leave","floor":4.0,"gold_loss":0.0,"damage_taken":0.0},{"damage_healed":0,"gold_gain":0,"player_choice":"Ignored","damage_taken":0,"max_hp_gain":0,"max_hp_loss":0,"event_name":"Vampires","floor":19,"gold_loss":0},{"damage_healed":0,"gold_gain":0,"player_choice":"Simplicity","damage_taken":0,"max_hp_gain":0,"max_hp_loss":0,"event_name":"Back to Basics","floor":20,"gold_loss":0,"cards_upgraded":["Strike_R","Strike_R","Strike_R","Strike_R","Defend_R","Defend_R","Defend_R","Defend_R"]}],"is_beta":false,"boss_relics":[{"not_picked":["Fusion Hammer","Astrolabe"],"picked":"Black Blood"}],"items_purged_floors":[14],"is_endless":false,"potions_floor_spawned":[1,6,12,22],"killed_by":"Book of Stabbing","ascension_level":14}