{"gold_per_floor":[114,114,42,42,53,88,88,99,99,116,128,28,56,74,74,148,148,148,63,63,9,9,9,9,9,9,9,9,9,9,9,9,9,9,9,9,9,9,9,9,9,9,9,9,9,9,9,9,9,9],"floor_reached":50,"playtime":4119,"items_purged":["Strike_B"],"score":1135,"play_id":"9cbfe357-864e-44f6-af7f-d7a649151a2c","local_time":"20190424221528","is_ascension_mode":true,"campfire_choices":[{"data":"Redo","floor":7,"key":"SMITH"},{"floor":15,"key":"REST"},{"data":"Reboot","floor":23,"key":"SMITH"},{"floor":27,"key":"REST"},{"data":"Hologram","floor":32,"key":"SMITH"},{"data":"Gash","floor":41,"key":"SMITH"},{"data":"Defend_B","floor":47,"key":"SMITH"},{"floor":49,"key":"REST"}],"neow_cost":"NONE","seed_source_timestamp":635678953635700,"circlet_count":0,"master_deck":["AscendersBane","Strike_B+1","Strike_B+1","Defend_B","Defend_B","Defend_B+1","Defend_B+1","Zap+1","Dualcast","Gash+1","Coolheaded","Beam Cell","Redo+1","Steam","Sweeping Beam+1","Gash+1","Go for the Eyes+1","Skim","Turbo","Reboot+1","Hologram+1","Rebound+1","Steam Power+1","All For One+1","Reprogram","Machine Learning","Scrape+1","BootSequence+1","Blind","Secret Weapon","PanicButton"],"relics":["Cracked Core","Centennial Puzzle","Symbiotic Virus","Molten Egg 2","Ginger","Ectoplasm","Sundial","Tiny Chest","StoneCalendar","Ornamental Fan","War Paint","Bronze Scales","Runic Pyramid","Whetstone","Letter Opener","Meat on the Bone"],"potions_floor_usage":[13,16,29,44,50,50],"damage_taken":[{"damage":8,"enemies":"2 Louse","floor":1,"turns":4},{"damage":1,"enemies":"Cultist","floor":5,"turns":3},{"damage":20,"enemies":"Lagavulin","floor":6,"turns":9},{"damage":7,"enemies":"Jaw Worm","floor":8,"turns":2},{"damage":13,"enemies":"Blue Slaver","floor":10,"turns":2},{"damage":12,"enemies":"Exordium Thugs","floor":11,"turns":2},{"damage":0,"enemies":"Gremlin Nob","floor":13,"turns":3},{"damage":4,"enemies":"Looter","floor":14,"turns":2},{"damage":19,"enemies":"The Guardian","floor":16,"turns":9},{"damage":12,"enemies":"3 Byrds","floor":18,"turns":3},{"damage":1,"enemies":"Spheric Guardian","floor":22,"turns":3},{"damage":19,"enemies":"Snecko","floor":24,"turns":5},{"damage":16,"enemies":"Book of Stabbing","floor":25,"turns":5},{"damage":0,"enemies":"Gremlin Leader","floor":29,"turns":4},{"damage":59,"enemies":"Collector","floor":33,"turns":4},{"damage":0,"enemies":"Orb Walker","floor":35,"turns":2},{"damage":1,"enemies":"3 Shapes","floor":36,"turns":3},{"damage":19,"enemies":"Maw","floor":37,"turns":4},{"damage":1,"enemies":"Sphere and 2 Shapes","floor":39,"turns":3},{"damage":0,"enemies":"Giant Head","floor":42,"turns":5},{"damage":0,"enemies":"Nemesis","floor":44,"turns":3},{"damage":13,"enemies":"Transient","floor":45,"turns":5},{"damage":59,"enemies":"Time Eater","floor":50,"turns":6}],"seed_played":"3749038927890097329","potions_obtained":[{"floor":1,"key":"FearPotion"},{"floor":10,"key":"Dexterity Potion"},{"floor":11,"key":"Block Potion"},{"floor":16,"key":"SpeedPotion"},{"floor":22,"key":"FearPotion"},{"floor":25,"key":"Swift Potion"},{"floor":29,"key":"LiquidBronze"},{"floor":44,"key":"PowerPotion"}],"is_trial":false,"path_per_floor":["M","?","$","T","M","E","R","M","T","M","M","$","E","M","R","B",null,"M","?","T","$","M","R","M","E","T","R","T","E","$","?","R","B",null,"M","M","M","?","M","?","R","E","T","E","M","$","R","?","R","B"],"character_chosen":"DEFECT","items_purchased":["Coolheaded","Beam Cell","Go for the Eyes+1","Rebound+1"],"campfire_rested":3,"item_purchase_floors":[3,3,12,21],"current_hp_per_floor":[67,67,67,67,66,46,46,39,39,26,14,14,14,10,34,15,65,53,53,53,53,52,52,33,17,17,41,41,41,41,82,82,23,67,67,66,47,47,46,46,46,46,46,46,45,45,45,35,59,0],"gold":9,"neow_bonus":"TEN_PERCENT_HP_BONUS","is_prod":false,"is_daily":false,"chose_seed":false,"campfire_upgraded":5,"win_rate":0,"timestamp":1556165728,"path_taken":["M","?","$","?","M","E","R","M","T","M","?","$","E","M","R","BOSS","M","?","?","?","M","R","?","E","T","R","?","E","?","?","R","BOSS","M","M","?","?","M","?","R","E","T","E","?","$","R","?","R","BOSS"],"build_version":"2019-01-23","purchased_purges":1,"victory":false,"max_hp_per_floor":[82,82,82,82,82,82,82,82,82,82,82,82,82,82,82,82,82,82,82,82,82,82,82,82,82,82,82,82,82,82,82,82,82,82,82,82,82,82,82,82,82,82,82,82,82,82,82,82,82,82],"card_choices":[{"not_picked":["Lockon","Compile Driver"],"picked":"Gash","floor":1},{"not_picked":["Hello World","Beam Cell","Darkness"],"picked":"SKIP","floor":5},{"not_picked":["White Noise","Rebound"],"picked":"Redo","floor":6},{"not_picked":["Redo","Stack"],"picked":"Steam","floor":8},{"not_picked":["Force Field","Self Repair"],"picked":"Sweeping Beam+1","floor":10},{"not_picked":["Coolheaded","Fusion"],"picked":"Gash+1","floor":11},{"not_picked":["Streamline+1","Ball Lightning+1"],"picked":"Skim","floor":13},{"not_picked":["Skim","Storm"],"picked":"Turbo","floor":14},{"not_picked":["Buffer","Electrodynamics"],"picked":"Reboot","floor":16},{"not_picked":["Rip and Tear+1","Redo"],"picked":"Hologram","floor":18},{"not_picked":["Glacier+1","Compile Driver+1"],"picked":"Steam Power","floor":22},{"not_picked":["Barrage+1","Ball Lightning+1"],"picked":"Consume","floor":24},{"not_picked":["Rebound+1","Conserve Battery"],"picked":"All For One+1","floor":25},{"not_picked":["Cold Snap+1","Sweeping Beam+1"],"picked":"Reprogram","floor":29},{"not_picked":["Buffer","Core Surge+1"],"picked":"Machine Learning","floor":33},{"not_picked":["Streamline+1","Consume+1"],"picked":"Scrape+1","floor":35},{"not_picked":["FTL+1","Chaos","Sweeping Beam+1"],"picked":"SKIP","floor":36},{"not_picked":["Streamline+1","Auto Shields+1","Storm"],"picked":"SKIP","floor":37},{"not_picked":["Coolheaded+1","Conserve Battery","Rebound+1"],"picked":"SKIP","floor":39},{"not_picked":["Hologram+1","Tempest","Hello World"],"picked":"SKIP","floor":42},{"not_picked":["Capacitor","Undo","Steam"],"picked":"SKIP","floor":44},{"not_picked":["Rebound+1","Self Repair"],"picked":"BootSequence+1","floor":45},{"not_picked":["Finesse","Thinking Ahead"],"picked":"Blind","floor":48},{"not_picked":["Forethought","Impatience"],"picked":"Secret Weapon","floor":48},{"not_picked":["Enlightenment","Good Instincts"],"picked":"PanicButton","floor":48}],"player_experience":662434,"relics_obtained":[{"floor":4,"key":"Centennial Puzzle"},{"floor":6,"key":"Symbiotic Virus"},{"floor":9,"key":"Molten Egg 2"},{"floor":13,"key":"Ginger"},{"floor":20,"key":"Tiny Chest"},{"floor":25,"key":"StoneCalendar"},{"floor":26,"key":"Ornamental Fan"},{"floor":28,"key":"War Paint"},{"floor":29,"key":"Bronze Scales"},{"floor":42,"key":"Whetstone"},{"floor":43,"key":"Letter Opener"},{"floor":44,"key":"Meat on the Bone"}],"event_choices":[{"damage_healed":0,"gold_gain":0,"player_choice":"Upgraded","damage_taken":0,"max_hp_gain":0,"max_hp_loss":0,"event_name":"Upgrade Shrine","floor":2,"gold_loss":0,"cards_upgraded":["Zap"]},{"damage_healed":0,"gold_gain":0,"player_choice":"Obtained Relic","damage_taken":0,"relics_obtained":["Sundial"],"max_hp_gain":0,"max_hp_loss":0,"event_name":"Addict","floor":19,"gold_loss":85},{"cards_removed":["Consume"],"damage_healed":41,"gold_gain":0,"player_choice":"Offered Uncommon","damage_taken":0,"max_hp_gain":0,"max_hp_loss":0,"event_name":"Bonfire Elementals","floor":31,"gold_loss":0},{"cards_removed":["Strike_B"],"damage_healed":0,"gold_gain":0,"player_choice":"Removed Attack","damage_taken":0,"max_hp_gain":0,"max_hp_loss":0,"event_name":"Falling","floor":38,"gold_loss":0},{"damage_healed":0,"gold_gain":100,"player_choice":"Pray","damage_taken":0,"max_hp_gain":0,"max_hp_loss":0,"event_name":"Golden Shrine","floor":40,"gold_loss":0},{"damage_healed":0,"gold_gain":0,"player_choice":"Memory 3","damage_taken":10,"max_hp_gain":0,"max_hp_loss":0,"event_name":"SensoryStone","floor":48,"gold_loss":0}],"is_beta":false,"boss_relics":[{"not_picked":["Velvet Choker","Orrery"],"picked":"Ectoplasm"},{"not_picked":["Black Star","Coffee Dripper"],"picked":"Runic Pyramid"}],"items_purged_floors":[12],"is_endless":false,"potions_floor_spawned":[1,10,11,16,22,25,29,35,36,39,44],"killed_by":"Time Eater","ascension_level":13}