{"path_per_floor":["M","?","M","?","$","R","E","M","T","M","R","M","?","E","R","B",null,"M","M","?","?","$","E","R","M","T","?"],"character_chosen":"THE_SILENT","items_purchased":["Lantern","Malaise","Regen Potion","Backstab","Footwork"],"gold_per_floor":[117,292,311,311,7,7,42,53,101,121,121,132,207,238,238,338,338,356,368,368,368,142,175,175,186,209,209,209],"floor_reached":28,"campfire_rested":2,"playtime":2408,"item_purchase_floors":[5,5,22,22,22],"current_hp_per_floor":[70,70,70,70,70,70,44,43,43,41,41,43,32,28,49,27,70,32,30,14,14,14,20,41,40,40,40,0],"items_purged":["Doubt"],"gold":209,"score":246,"play_id":"1e9a7904-5d17-4b9c-9614-3bbe364d6e4d","local_time":"20180529102519","is_prod":false,"is_daily":false,"chose_seed":false,"is_ascension_mode":false,"campfire_upgraded":2,"win_rate":0.0,"timestamp":1527553519,"campfire_choices":[{"data":"Calculated Gamble","floor":6,"key":"SMITH"},{"data":"Well Laid Plans","floor":11,"key":"SMITH"},{"floor":15,"key":"REST"},{"floor":24,"key":"REST"}],"path_taken":["M","?","M","?","$","R","E","M","T","M","R","M","?","E","R","BOSS","M","M","?","?","$","E","R","?","T","?","E"],"build_version":"2018-05-27","seed_source_timestamp":2798562200106,"purchased_purges":1,"victory":false,"master_deck":["Defend_G+1","Defend_G+1","Defend_G+1","Defend_G+1","Defend_G+1","Strike_G+1","Strike_G+1","Strike_G+1","Strike_G+1","Strike_G+1","Survivor","Neutralize+1","Calculated Gamble+1","Backflip","Malaise","Well Laid Plans+1","Sucker Punch","Terror","Leg Sweep","Dagger Throw","Tools of the Trade","Dash","Blur+1","Blur+1","Backstab","Footwork","Flying Knee+1","Prepared"],"max_hp_per_floor":[70,70,70,70,70,70,70,70,70,70,70,70,70,70,70,70,70,70,70,70,70,70,70,70,70,70,70,70],"relics":["Ring of the Snake","Lantern","Whetstone","Blood Vial","Snake Skull","Black Star","Nilry\u0027s Codex","Tough Bandages","Bottled Lightning","Bag of Preparation"],"card_choices":[{"not_picked":["Deflect","Outmaneuver"],"picked":"Calculated Gamble","floor":1},{"not_picked":["Sucker Punch","Slice"],"picked":"Backflip","floor":3},{"not_picked":["Outmaneuver","Footwork"],"picked":"Well Laid Plans","floor":7},{"not_picked":["Heel Hook","Outmaneuver"],"picked":"Sucker Punch","floor":8},{"not_picked":["PiercingWail","Outmaneuver"],"picked":"Terror","floor":10},{"not_picked":["Wraith Form v2","Slice"],"picked":"Leg Sweep","floor":12},{"not_picked":["Dagger Spray","Flying Knee"],"picked":"Dagger Throw","floor":14},{"not_picked":["Phantasmal Killer","Bullet Time"],"picked":"Tools of the Trade","floor":16},{"not_picked":["Deflect","Quick Slash"],"picked":"Dash","floor":18},{"not_picked":["Deadly Poison","Acrobatics+1"],"picked":"Blur+1","floor":19},{"not_picked":["Quick Slash","Prepared"],"picked":"Flying Knee+1","floor":23},{"not_picked":["Backflip","Sucker Punch+1"],"picked":"Prepared","floor":25}],"player_experience":2439,"potions_floor_usage":[7,7,14,23,23,28],"damage_taken":[{"damage":0,"enemies":"2 Louse","floor":1,"turns":2},{"damage":0,"enemies":"Jaw Worm","floor":3,"turns":4},{"damage":26,"enemies":"Gremlin Nob","floor":7,"turns":6},{"damage":1,"enemies":"Cultist","floor":8,"turns":5},{"damage":4,"enemies":"Blue Slaver","floor":10,"turns":5},{"damage":0,"enemies":"Exordium Wildlife","floor":12,"turns":3},{"damage":6,"enemies":"Lagavulin","floor":14,"turns":7},{"damage":24,"enemies":"Hexaghost","floor":16,"turns":13},{"damage":38,"enemies":"Spheric Guardian","floor":18,"turns":9},{"damage":4,"enemies":"Chosen","floor":19,"turns":7},{"damage":11,"enemies":"Book of Stabbing","floor":23,"turns":10},{"damage":3,"enemies":"Snecko","floor":25,"turns":9},{"damage":47,"enemies":"Gremlin Leader","floor":28,"turns":12}],"relics_obtained":[{"floor":7,"key":"Whetstone"},{"floor":9,"key":"Blood Vial"},{"floor":14,"key":"Snake Skull"},{"floor":20,"key":"Nilry\u0027s Codex"},{"floor":23,"key":"Tough Bandages"},{"floor":23,"key":"Bottled Lightning"},{"floor":26,"key":"Bag of Preparation"}],"event_choices":[{"event_name":"Liars Game","player_choice":"agreed","floor":2,"damage_taken":0},{"event_name":"Wheel of Change","player_choice":"Full Heal","floor":4,"damage_taken":0},{"event_name":"World of Goop","player_choice":"Gather Gold","floor":13,"damage_taken":0},{"event_name":"Cursed Tome","player_choice":"Obtained Book","floor":20,"damage_taken":0},{"event_name":"Duplicator","player_choice":"One dupe","floor":21,"damage_taken":0},{"event_name":"Back to Basics","player_choice":"Simplicity","floor":27,"damage_taken":0}],"boss_relics":[{"not_picked":["Tiny House","Eternal Feather"],"picked":"Black Star"}],"items_purged_floors":[5],"potions_floor_spawned":[1,3,12,19,23],"seed_played":"4430667367529294145","killed_by":"Gremlin Leader","ascension_level":0,"potions_obtained":[{"floor":1,"key":"PowerPotion"},{"floor":3,"key":"Poison Potion"},{"floor":12,"key":"Strength Potion"},{"floor":19,"key":"Weak Potion"},{"floor":23,"key":"SneckoOil"}],"is_trial":false}