{"gold_per_floor":[115,115,115,125,135,165,165,177,177,205,221,246,259,28,28,128,128,141,161,161,174,273,300,300,400,400,429,448,448,458,492,492,590,590,609,609,609,619,619,650,650,669,669,38,65,65,65,80,80,80,80,80,30,65,65],"floor_reached":55,"playtime":4156,"items_purged":["Strike_B","Self Repair+1","Master of Strategy+1"],"score":1196,"play_id":"0d92dc86-6e23-41d3-a19c-82d77fc4b11c","local_time":"20190606222838","is_ascension_mode":true,"campfire_choices":[{"data":"Zap","floor":7.0,"key":"SMITH"},{"data":"Dualcast","floor":15.0,"key":"SMITH"},{"data":"Self Repair","floor":24.0,"key":"SMITH"},{"data":"Defragment","floor":32,"key":"SMITH"},{"floor":41,"key":"RECALL"},{"floor":46,"key":"REST"},{"floor":49,"key":"REST"},{"floor":52,"key":"REST"}],"neow_cost":"NONE","seed_source_timestamp":525280528297196,"circlet_count":0,"master_deck":["Strike_B+1","Defend_B+1","Defend_B+1","Defend_B+1","Defend_B+1","Zap+1","Dualcast+1","Leap+1","Glacier+1","BootSequence+1","Capacitor+1","Electrodynamics+1","Melter+1","Chaos+1","Ghostly+1","Ghostly+1","Ghostly+1","Ghostly+1","Ghostly+1","Defragment+1","Ball Lightning+1","Echo Form+1","Deep Breath+1"],"special_seed":0,"relics":["Cracked Core","NeowsBlessing","Smiling Mask","Strawberry","Meat on the Bone","Ginger","Bag of Preparation","Runic Pyramid","Du-Vu Doll","Calipers","Matryoshka","Ancient Tea Set","Letter Opener","Pen Nib","PreservedInsect","Black Star","Mark of the Bloom","Toxic Egg 2","Dodecahedron","The Courier","Frozen Egg 2","Oddly Smooth Stone","Shuriken","Pear","Singing Bowl","Cables","Blood Vial"],"potions_floor_usage":[33,50,55,55],"damage_taken":[{"damage":0.0,"enemies":"Cultist","floor":1.0,"turns":1.0},{"damage":0.0,"enemies":"Small Slimes","floor":4.0,"turns":1.0},{"damage":0.0,"enemies":"2 Louse","floor":5.0,"turns":1.0},{"damage":14.0,"enemies":"Lagavulin","floor":6.0,"turns":13.0},{"damage":0.0,"enemies":"Looter","floor":8.0,"turns":3.0},{"damage":27.0,"enemies":"3 Sentries","floor":10.0,"turns":13.0},{"damage":1.0,"enemies":"2 Fungi Beasts","floor":11.0,"turns":5.0},{"damage":6.0,"enemies":"Lagavulin","floor":12.0,"turns":11.0},{"damage":4.0,"enemies":"Large Slime","floor":13.0,"turns":8.0},{"damage":45.0,"enemies":"Slime Boss","floor":16.0,"turns":20.0},{"damage":0.0,"enemies":"3 Byrds","floor":18.0,"turns":2.0},{"damage":0.0,"enemies":"Spheric Guardian","floor":19.0,"turns":2.0},{"damage":5.0,"enemies":"Shelled Parasite and Fungi","floor":21.0,"turns":7.0},{"damage":6.0,"enemies":"Slavers","floor":23.0,"turns":5.0},{"damage":0.0,"enemies":"Colosseum Slavers","floor":25.0,"turns":6.0},{"damage":17.0,"enemies":"Colosseum Nobs","floor":25.0,"turns":7.0},{"damage":0.0,"enemies":"Book of Stabbing","floor":27.0,"turns":8.0},{"damage":0.0,"enemies":"Sentry and Sphere","floor":28.0,"turns":5.0},{"damage":0,"enemies":"Snecko","floor":30,"turns":7},{"damage":6,"enemies":"Slavers","floor":31,"turns":6},{"damage":11,"enemies":"Collector","floor":33,"turns":10},{"damage":13,"enemies":"3 Darklings","floor":35,"turns":6},{"damage":0,"enemies":"Orb Walker","floor":38,"turns":5},{"damage":0,"enemies":"Giant Head","floor":40,"turns":10},{"damage":0,"enemies":"Sphere and 2 Shapes","floor":42,"turns":5},{"damage":0,"enemies":"Reptomancer","floor":45,"turns":6},{"damage":0,"enemies":"Maw","floor":48,"turns":9},{"damage":5,"enemies":"Awakened One","floor":50,"turns":15},{"damage":10,"enemies":"Shield and Spear","floor":54,"turns":8},{"damage":36,"enemies":"The Heart","floor":55,"turns":12}],"seed_played":"1966119845277274650","potions_obtained":[{"floor":5.0,"key":"SteroidPotion"},{"floor":6.0,"key":"AttackPotion"},{"floor":10.0,"key":"Energy Potion"},{"floor":19.0,"key":"EssenceOfSteel"},{"floor":27.0,"key":"Fruit Juice"},{"floor":28.0,"key":"Weak Potion"},{"floor":35,"key":"Regen Potion"},{"floor":48,"key":"Dexterity Potion"}],"is_trial":false,"path_per_floor":["M","?","?","M","M","E","R","M","T","E","M","E","M","$","R","B",null,"M","M","?","M","?","E","R","?","T","E","M","?","M","E","R","B",null,"M","?","?","M","T","E","R","M","T","$","E","R","?","M","R","B",null,"R","$","E","B"],"character_chosen":"DEFECT","items_purchased":["Bag of Preparation","Self Repair","Oddly Smooth Stone","Master of Strategy+1","Shuriken","Deep Breath+1","FocusPotion"],"campfire_rested":3,"item_purchase_floors":[14,14,44,44,44,44,44],"current_hp_per_floor":[68,73,73,73,73,59,59,59,66,39,50,44,52,52,52,26,72,72,72,43,43,43,43,43,36,36,43,43,43,43,43,43,47,48,45,45,45,45,45,45,45,45,45,45,45,45,45,45,45,40,40,40,40,30,0],"gold":65,"neow_bonus":"THREE_ENEMY_KILL","is_prod":false,"is_daily":false,"chose_seed":false,"campfire_upgraded":4,"win_rate":0,"timestamp":1559881718,"path_taken":["M","?","?","?","M","E","R","M","T","E","M","E","M","$","R","BOSS","M","M","?","M","?","E","R","?","T","E","M","?","M","E","R","BOSS","M","?","?","M","?","E","R","M","T","$","E","R","?","M","R","BOSS","R","$","E","BOSS"],"build_version":"2019-01-23","purchased_purges":3,"victory":false,"max_hp_per_floor":[75,80,80,80,80,80,80,80,87,87,87,87,87,87,87,87,87,87,87,43,43,43,43,43,43,43,43,43,43,43,43,43,48,48,48,48,46,46,46,46,46,46,46,46,58,58,58,60,60,60,60,60,60,62,62],"card_choices":[{"not_picked":["Skim","Barrage"],"picked":"Leap","floor":1.0},{"not_picked":["Self Repair","Barrage"],"picked":"Glacier","floor":4.0},{"not_picked":["Compile Driver","Redo"],"picked":"BootSequence","floor":5.0},{"not_picked":["Conserve Battery","Stack","Rebound"],"picked":"SKIP","floor":6.0},{"not_picked":["Hologram","Beam Cell","Redo"],"picked":"SKIP","floor":8.0},{"not_picked":["Steam Power","BootSequence"],"picked":"Capacitor","floor":10.0},{"not_picked":["Steam","Double Energy","Chill"],"picked":"SKIP","floor":11.0},{"not_picked":["Streamline","Turbo","Recycle"],"picked":"SKIP","floor":12.0},{"not_picked":["Steam","Rip and Tear","Gash"],"picked":"SKIP","floor":13.0},{"not_picked":["Machine Learning","Fission"],"picked":"Electrodynamics","floor":16.0},{"not_picked":["Go for the Eyes+1","Stack"],"picked":"Melter","floor":18.0},{"not_picked":["Coolheaded","Hologram+1"],"picked":"Chaos+1","floor":19.0},{"not_picked":["Auto Shields","Conserve Battery","Lockon+1"],"picked":"SKIP","floor":21.0},{"not_picked":["Rebound+1","Reinforced Body+1","Cold Snap"],"picked":"SKIP","floor":23.0},{"not_picked":["Ball Lightning","Cold Snap"],"picked":"Defragment","floor":25.0},{"not_picked":["Scrape","Reprogram+1","Reinforced Body"],"picked":"SKIP","floor":27.0},{"not_picked":["Conserve Battery","Scrape"],"picked":"Ball Lightning","floor":28.0},{"not_picked":["Beam Cell","Double Energy","Leap"],"picked":"SKIP","floor":30},{"not_picked":["Force Field","Reprogram","Redo+1"],"picked":"SKIP","floor":31},{"not_picked":["Hyperbeam","Fission"],"picked":"Echo Form","floor":33},{"not_picked":["Turbo+1","Reprogram+1","Barrage+1"],"picked":"SKIP","floor":35},{"not_picked":["Steam+1","Coolheaded","Steam Power+1"],"picked":"SKIP","floor":38},{"not_picked":["Sweeping Beam+1","Darkness+1","Steam+1"],"picked":"SKIP","floor":40},{"not_picked":["Sweeping Beam+1","Darkness+1","Steam+1"],"picked":"SKIP","floor":40},{"not_picked":["Fission+1","Rebound+1","Consume+1"],"picked":"SKIP","floor":42},{"not_picked":["Beam Cell","Thunder Strike","White Noise+1"],"picked":"Singing Bowl","floor":45},{"not_picked":["Turbo+1","Hello World+1","Leap+1"],"picked":"Singing Bowl","floor":48},{"not_picked":["Sunder","Steam+1","Self Repair+1"],"picked":"Singing Bowl","floor":54}],"player_experience":703744,"relics_obtained":[{"floor":6.0,"key":"Smiling Mask"},{"floor":9.0,"key":"Strawberry"},{"floor":10.0,"key":"Meat on the Bone"},{"floor":12.0,"key":"Ginger"},{"floor":23.0,"key":"Du-Vu Doll"},{"floor":25.0,"key":"Calipers"},{"floor":25.0,"key":"Matryoshka"},{"floor":26.0,"key":"Ancient Tea Set"},{"floor":26.0,"key":"Letter Opener"},{"floor":27.0,"key":"Pen Nib"},{"floor":31,"key":"PreservedInsect"},{"floor":39,"key":"Toxic Egg 2"},{"floor":40,"key":"Dodecahedron"},{"floor":40,"key":"The Courier"},{"floor":43,"key":"Frozen Egg 2"},{"floor":45,"key":"Pear"},{"floor":45,"key":"Singing Bowl"},{"floor":54,"key":"Cables"},{"floor":54,"key":"Blood Vial"}],"event_choices":[{"damage_healed":0.0,"max_hp_gain":5.0,"max_hp_loss":0.0,"gold_gain":0.0,"event_name":"Big Fish","player_choice":"Donut","floor":2.0,"gold_loss":0.0,"damage_taken":0.0},{"cards_removed":["Strike_B"],"damage_healed":0.0,"max_hp_gain":0.0,"max_hp_loss":0.0,"gold_gain":0.0,"event_name":"Bonfire Elementals","player_choice":"Offered Basic","floor":3.0,"gold_loss":0.0,"damage_taken":0.0},{"damage_healed":0.0,"max_hp_gain":0.0,"max_hp_loss":44.0,"gold_gain":0.0,"event_name":"Ghosts","player_choice":"Became a Ghost","floor":20.0,"gold_loss":0.0,"damage_taken":0.0,"cards_obtained":["Ghostly","Ghostly","Ghostly","Ghostly","Ghostly"]},{"damage_healed":0.0,"max_hp_gain":0.0,"max_hp_loss":0.0,"gold_gain":99.0,"event_name":"Nest","player_choice":"Stole From Cult","floor":22.0,"gold_loss":0.0,"damage_taken":0.0},{"damage_healed":0.0,"max_hp_gain":0.0,"max_hp_loss":0.0,"gold_gain":0.0,"event_name":"Colosseum","player_choice":"Fight","floor":25.0,"gold_loss":0.0,"damage_taken":0.0},{"damage_healed":0.0,"max_hp_gain":0.0,"max_hp_loss":0.0,"gold_gain":0.0,"event_name":"Colosseum","player_choice":"Fought Nobs","floor":25.0,"gold_loss":0.0,"damage_taken":0.0},{"damage_healed":0,"gold_gain":0,"player_choice":"Ignored","damage_taken":0,"max_hp_gain":0,"max_hp_loss":0,"event_name":"Cursed Tome","floor":29,"gold_loss":0},{"damage_healed":0,"gold_gain":0,"player_choice":"Upgrade","damage_taken":0,"relics_obtained":["Mark of the Bloom"],"max_hp_gain":0,"max_hp_loss":0,"event_name":"MindBloom","floor":36,"gold_loss":0,"cards_upgraded":["Strike_B","Strike_B","Defend_B","Defend_B","Defend_B","Defend_B","Leap","Glacier","BootSequence","Capacitor","Electrodynamics","Melter","Ghostly","Ghostly","Ghostly","Ghostly","Ghostly","Ball Lightning","Echo Form"]},{"damage_healed":0,"gold_gain":0,"player_choice":"Max HP","damage_taken":0,"max_hp_gain":0,"max_hp_loss":2,"event_name":"Winding Halls","floor":37,"gold_loss":0},{"cards_removed":["Strike_B"],"damage_healed":0,"gold_gain":0,"player_choice":"Removed Attack","damage_taken":0,"max_hp_gain":0,"max_hp_loss":0,"event_name":"Falling","floor":47,"gold_loss":0}],"is_beta":false,"boss_relics":[{"not_picked":["Runic Dome","FrozenCore"],"picked":"Runic Pyramid"},{"not_picked":["White Beast Statue","Lizard Tail"],"picked":"Black Star"}],"items_purged_floors":[14,44,53],"is_endless":false,"potions_floor_spawned":[5,6,10,19,25,27,28,31,35,45,48],"killed_by":"The Heart","ascension_level":7}