{"gold_per_floor":[119,119,134,157,170,170,195,195,245,245,44,44,44,44,44,123,123,136,108,108,33,46,46,46],"floor_reached":24,"playtime":814,"items_purged":["Strike_G"],"score":384,"play_id":"d33a864a-b83a-4886-9f9d-0032d9608dcf","local_time":"20190405003807","is_ascension_mode":true,"campfire_choices":[{"floor":6,"key":"REST"},{"floor":8,"key":"REST"},{"data":"Caltrops","floor":10,"key":"SMITH"},{"data":"Tools of the Trade","floor":12,"key":"SMITH"},{"data":"Neutralize","floor":15,"key":"SMITH"},{"data":"Malaise","floor":23,"key":"SMITH"}],"neow_cost":"NONE","seed_source_timestamp":617195533626084,"circlet_count":0,"master_deck":["AscendersBane","Defend_G","Defend_G","Defend_G","Defend_G","Defend_G","Strike_G","Strike_G","Survivor","Neutralize+1","Choke+1","Dagger Spray","Caltrops+1","Tools of the Trade+1","Deadly Poison","Malaise+1","Noxious Fumes"],"relics":["Ring of the Snake","Dream Catcher","Orichalcum","Bird Faced Urn","Anchor","Runic Dome"],"potions_floor_usage":[7],"damage_taken":[{"damage":27,"enemies":"Jaw Worm","floor":1,"turns":8},{"damage":7,"enemies":"Cultist","floor":3,"turns":5},{"damage":8,"enemies":"2 Louse","floor":5,"turns":3},{"damage":27,"enemies":"3 Sentries","floor":7,"turns":8},{"damage":18,"enemies":"The Guardian","floor":16,"turns":14},{"damage":7,"enemies":"3 Byrds","floor":18,"turns":3},{"damage":13,"enemies":"2 Thieves","floor":19,"turns":4},{"damage":23,"enemies":"Chosen and Byrds","floor":22,"turns":7},{"damage":0,"enemies":"Slavers","floor":24,"turns":1}],"seed_played":"-7729997036665045221","potions_obtained":[{"floor":1,"key":"Explosive Potion"},{"floor":7,"key":"SpeedPotion"},{"floor":16,"key":"FearPotion"},{"floor":19,"key":"SkillPotion"}],"is_trial":false,"path_per_floor":["M","?","M","T","M","R","E","R","T","R","$","R","$","?","R","B",null,"M","M","$","?","M","R","E"],"character_chosen":"THE_SILENT","items_purchased":["Tools of the Trade","Deadly Poison"],"campfire_rested":2,"item_purchase_floors":[11,11],"current_hp_per_floor":[32,32,25,25,17,36,9,28,28,28,28,28,28,28,28,14,53,50,41,41,41,24,24,24],"gold":46,"neow_bonus":"RANDOM_COMMON_RELIC","is_prod":false,"is_daily":false,"chose_seed":false,"campfire_upgraded":4,"win_rate":0,"timestamp":1554446287,"path_taken":["M","?","?","?","?","R","E","R","T","R","$","R","?","?","R","BOSS","M","M","$","?","M","R","E"],"build_version":"2019-01-23","purchased_purges":1,"victory":false,"max_hp_per_floor":[66,66,66,66,66,66,66,66,66,66,66,66,66,66,66,66,66,66,66,66,66,66,66,66],"card_choices":[{"not_picked":["Masterful Stab","Infinite Blades","Slice"],"picked":"SKIP","floor":1},{"not_picked":["Bane","Sucker Punch","Deflect"],"picked":"SKIP","floor":3},{"not_picked":["Setup","Finisher"],"picked":"Choke","floor":5},{"not_picked":["Deflect","Escape Plan"],"picked":"Dagger Spray","floor":6},{"not_picked":["Riddle With Holes","Poisoned Stab"],"picked":"Caltrops","floor":7},{"not_picked":["Glass Knife","Storm of Steel"],"picked":"Malaise","floor":16},{"not_picked":["Distraction","Cloak And Dagger","Dagger Spray"],"picked":"SKIP","floor":18},{"not_picked":["Dagger Throw","All Out Attack"],"picked":"Noxious Fumes","floor":19},{"not_picked":["Prepared","Endless Agony","Setup"],"picked":"SKIP","floor":22}],"player_experience":451860,"relics_obtained":[{"floor":4,"key":"Orichalcum"},{"floor":7,"key":"Bird Faced Urn"},{"floor":9,"key":"Anchor"}],"event_choices":[{"cards_removed":["Strike_G"],"damage_healed":0,"gold_gain":0,"player_choice":"Purged","damage_taken":0,"max_hp_gain":0,"max_hp_loss":0,"event_name":"Purifier","floor":2,"gold_loss":0},{"damage_healed":0,"gold_gain":0,"player_choice":"Grow","damage_taken":0,"max_hp_gain":0,"max_hp_loss":0,"event_name":"Living Wall","floor":14,"gold_loss":0,"cards_upgraded":["Choke"]},{"cards_removed":["Strike_G"],"damage_healed":0,"gold_gain":0,"player_choice":"Gave Gold","damage_taken":0,"max_hp_gain":0,"max_hp_loss":0,"event_name":"Beggar","floor":21,"gold_loss":75}],"is_beta":false,"boss_relics":[{"not_picked":["Philosopher\u0027s Stone","Lizard Tail"],"picked":"Runic Dome"}],"items_purged_floors":[11],"is_endless":false,"potions_floor_spawned":[1,7,16,19],"killed_by":"Slavers","ascension_level":20}