{"gold_per_floor":[113,124,49,65,83,110,110,126,126,126,141,141,169,169,169,270,270,290,300,109,121,121,121,147,147,174,174,193,206,216,122,122,224,224,235,235,235,252,81,81,156,183,183,111,111],"floor_reached":45,"playtime":1598,"items_purged":["Writhe"],"score":497,"play_id":"0964cda2-1494-424f-8f3c-5dccd950929f","local_time":"20190528135518","is_ascension_mode":true,"campfire_choices":[{"data":"Sunder","floor":7.0,"key":"SMITH"},{"floor":10.0,"key":"REST"},{"data":"Streamline","floor":12.0,"key":"SMITH"},{"floor":15.0,"key":"REST"},{"data":"Electrodynamics","floor":23.0,"key":"SMITH"},{"data":"Go for the Eyes","floor":25.0,"key":"SMITH"},{"data":"Undo","floor":27.0,"key":"SMITH"},{"data":"Loop","floor":32.0,"key":"SMITH"},{"data":"Static Discharge","floor":40.0,"key":"SMITH"}],"neow_cost":"CURSE","seed_source_timestamp":253046874776391,"circlet_count":0,"master_deck":["Strike_B+1","Strike_B+1","Defend_B+1","Defend_B+1","Defend_B+1","Defend_B+1","Zap","Static Discharge+1","Undo+1","Go for the Eyes+1","Sunder+1","Ball Lightning","Streamline+1","Electrodynamics+1","Tempest+1","Tempest+1","Seek","Loop+1","Flash of Steel","Machine Learning","Bandage Up","Master of Strategy","Self Repair"],"special_seed":0,"relics":["Cracked Core","Mummified Hand","Calipers","Kunai","Coffee Dripper","DollysMirror","Ginger","Smiling Mask","White Beast Statue","PreservedInsect","Darkstone Periapt"],"potions_floor_usage":[45],"damage_taken":[{"damage":1.0,"enemies":"Cultist","floor":1.0,"turns":4.0},{"damage":5.0,"enemies":"2 Louse","floor":2.0,"turns":3.0},{"damage":20.0,"enemies":"Jaw Worm","floor":4.0,"turns":3.0},{"damage":6.0,"enemies":"3 Louse","floor":5.0,"turns":3.0},{"damage":22.0,"enemies":"3 Sentries","floor":6.0,"turns":8.0},{"damage":12.0,"enemies":"Blue Slaver","floor":8.0,"turns":3.0},{"damage":8.0,"enemies":"Gremlin Gang","floor":11.0,"turns":3.0},{"damage":18.0,"enemies":"Lagavulin","floor":13.0,"turns":5.0},{"damage":2.0,"enemies":"Hexaghost","floor":16.0,"turns":10.0},{"damage":12.0,"enemies":"2 Thieves","floor":18.0,"turns":3.0},{"damage":0.0,"enemies":"3 Byrds","floor":19.0,"turns":2.0},{"damage":2.0,"enemies":"Snecko","floor":21.0,"turns":3.0},{"damage":21.0,"enemies":"Book of Stabbing","floor":24.0,"turns":4.0},{"damage":1.0,"enemies":"Sentry and Sphere","floor":28.0,"turns":4.0},{"damage":0.0,"enemies":"Cultist and Chosen","floor":29.0,"turns":3.0},{"damage":13.0,"enemies":"Shelled Parasite and Fungi","floor":30.0,"turns":4.0},{"damage":13.0,"enemies":"Automaton","floor":33.0,"turns":6.0},{"damage":1.0,"enemies":"3 Shapes","floor":35.0,"turns":3.0},{"damage":0.0,"enemies":"Orb Walker","floor":38.0,"turns":3.0},{"damage":48,"enemies":"Nemesis","floor":42,"turns":7},{"damage":28,"enemies":"Jaw Worm Horde","floor":45,"turns":1}],"seed_played":"-606370959511986174","potions_obtained":[{"floor":4.0,"key":"Strength Potion"},{"floor":6.0,"key":"Ancient Potion"},{"floor":8.0,"key":"Poison Potion"},{"floor":16.0,"key":"Fire Potion"},{"floor":35.0,"key":"Poison Potion"},{"floor":38.0,"key":"AttackPotion"},{"floor":42,"key":"LiquidBronze"}],"is_trial":false,"path_per_floor":["M","M","$","M","M","E","R","M","T","R","M","R","E","?","R","B",null,"M","M","$","M","?","R","E","R","T","R","M","M","M","$","R","B",null,"M","?","?","M","$","R","?","E","T","$","M"],"character_chosen":"DEFECT","items_purchased":["DollysMirror","Flash of Steel","Master of Strategy","Self Repair"],"campfire_rested":2,"item_purchase_floors":[20,31,39,44],"current_hp_per_floor":[74,69,69,49,43,21,21,9,9,31,23,23,5,5,27,25,75,63,63,63,61,61,61,40,40,40,40,39,39,26,26,26,13,75,74,71,71,71,71,71,64,20,20,20,0],"gold":111,"neow_bonus":"TRANSFORM_TWO_CARDS","is_prod":false,"is_daily":false,"chose_seed":false,"campfire_upgraded":7,"win_rate":0,"timestamp":1559073318,"path_taken":["M","?","$","M","?","E","R","M","T","R","M","R","E","?","R","BOSS","M","?","$","M","?","R","E","R","T","R","M","M","M","$","R","BOSS","M","?","?","M","$","R","?","E","T","$","M"],"build_version":"2019-01-23","purchased_purges":1,"victory":false,"max_hp_per_floor":[75,75,75,75,75,75,75,75,75,75,75,75,75,75,75,75,75,75,75,75,75,75,75,75,75,75,75,75,75,75,75,75,75,75,75,71,71,71,71,71,71,71,71,71,71],"card_choices":[{"not_picked":["Hello World","Cold Snap"],"picked":"Go for the Eyes","floor":1.0},{"not_picked":["Rebound","Sweeping Beam"],"picked":"Sunder","floor":2.0},{"not_picked":["Steam","Reinforced Body","Glacier"],"picked":"SKIP","floor":4.0},{"not_picked":["Auto Shields","Coolheaded"],"picked":"Ball Lightning","floor":5.0},{"not_picked":["Gash","Redo","Conserve Battery"],"picked":"SKIP","floor":6.0},{"not_picked":["Go for the Eyes","Cold Snap","Barrage"],"picked":"SKIP","floor":8.0},{"not_picked":["Auto Shields","Undo"],"picked":"Streamline","floor":11.0},{"not_picked":["Melter","Rebound","Chaos"],"picked":"SKIP","floor":13.0},{"not_picked":["Core Surge","Meteor Strike"],"picked":"Electrodynamics","floor":16.0},{"not_picked":["Conserve Battery","Beam Cell"],"picked":"Tempest+1","floor":18.0},{"not_picked":["Rebound","Force Field+1","Hello World"],"picked":"SKIP","floor":19.0},{"not_picked":["Cold Snap+1","FTL","Barrage"],"picked":"SKIP","floor":21.0},{"not_picked":["Stack","Turbo","Barrage"],"picked":"SKIP","floor":24.0},{"not_picked":["Rebound","Skim+1"],"picked":"Seek","floor":28.0},{"not_picked":["Hologram","Redo","Stack"],"picked":"SKIP","floor":29.0},{"not_picked":["Sweeping Beam","Hologram"],"picked":"Loop","floor":30.0},{"not_picked":["Meteor Strike","Amplify"],"picked":"Machine Learning","floor":33.0},{"not_picked":["Heatsinks","Gash+1","Go for the Eyes"],"picked":"SKIP","floor":35.0},{"not_picked":["Deep Breath","HandOfGreed"],"picked":"Bandage Up","floor":37.0},{"not_picked":["Ball Lightning+1","Stack","Skim"],"picked":"SKIP","floor":38.0},{"not_picked":["Coolheaded+1","Barrage+1","Compile Driver+1"],"picked":"SKIP","floor":42}],"player_experience":652786,"relics_obtained":[{"floor":6.0,"key":"Mummified Hand"},{"floor":9.0,"key":"Calipers"},{"floor":13.0,"key":"Kunai"},{"floor":24.0,"key":"Ginger"},{"floor":26.0,"key":"Smiling Mask"},{"floor":42,"key":"PreservedInsect"},{"floor":43,"key":"Darkstone Periapt"}],"event_choices":[{"cards_removed":["Dualcast"],"damage_healed":0.0,"max_hp_gain":0.0,"max_hp_loss":0.0,"gold_gain":0.0,"event_name":"Purifier","player_choice":"Purged","floor":14.0,"gold_loss":0.0,"damage_taken":0.0},{"damage_healed":0.0,"max_hp_gain":0.0,"max_hp_loss":0.0,"gold_gain":0.0,"event_name":"Back to Basics","player_choice":"Simplicity","floor":22.0,"gold_loss":0.0,"damage_taken":0.0,"cards_upgraded":["Strike_B","Strike_B","Defend_B","Defend_B","Defend_B","Defend_B"]},{"damage_healed":0.0,"max_hp_gain":0.0,"max_hp_loss":4.0,"gold_gain":0.0,"event_name":"Winding Halls","player_choice":"Max HP","floor":36.0,"gold_loss":0.0,"damage_taken":0.0},{"damage_healed":0.0,"max_hp_gain":0.0,"max_hp_loss":0.0,"gold_gain":0.0,"event_name":"SensoryStone","player_choice":"Memory 1","floor":37.0,"gold_loss":0.0,"damage_taken":0.0},{"damage_healed":0,"gold_gain":75,"player_choice":"Touch","damage_taken":7,"max_hp_gain":0,"max_hp_loss":0,"event_name":"FaceTrader","floor":41,"gold_loss":0}],"is_beta":false,"boss_relics":[{"not_picked":["Empty Cage","Cursed Key"],"picked":"Coffee Dripper"},{"not_picked":["Tiny House","Lizard Tail"],"picked":"White Beast Statue"}],"items_purged_floors":[3],"is_endless":false,"potions_floor_spawned":[4,6,8,13,16,19,28,29,30,35,38,42],"killed_by":"Jaw Worm Horde","ascension_level":1}