{"gold_per_floor":[115,115,125,135,150,150,178,191,191,216,145,145,70,85,85,190,190,207,134,162,162,173,207,207,31,31,31,31,31,42,42,42,143,143,154,154,48,62,284,314,330,330,330,346,360,360,13,13,13,13],"floor_reached":51,"playtime":1950,"items_purged":["Strike_B","Strike_B","Writhe"],"score":1030,"play_id":"6c365096-ecb5-49bc-a9a4-74e24bd6236c","local_time":"20180828193852","is_ascension_mode":true,"campfire_choices":[{"data":"Zap","floor":6.0,"key":"SMITH"},{"floor":12.0,"key":"REST"},{"data":"White Noise","floor":15.0,"key":"SMITH"},{"floor":24.0,"key":"REST"},{"data":"Consume","floor":29.0,"key":"SMITH"},{"floor":32.0,"key":"REST"},{"floor":42.0,"key":"REST"},{"floor":46,"key":"REST"},{"data":"Seek","floor":49,"key":"SMITH"}],"neow_cost":"NONE","seed_source_timestamp":0,"circlet_count":0,"master_deck":["Defend_B+1","Defend_B","Defend_B+1","Zap+1","Dualcast","AscendersBane","Compile Driver","Cold Snap","Ball Lightning","White Noise+1","Streamline","Conserve Battery","Capacitor","Conserve Battery","Electrodynamics","Consume+1","Leap","Ball Lightning","Self Repair","Necronomicurse","Capacitor","Seek+1","Defragment","Sunder","Consume+1","Defragment","Capacitor"],"special_seed":0,"relics":["Cracked Core","War Paint","Blood Vial","Symbiotic Virus","Gremlin Horn","Empty Cage","Red Mask","Necronomicon","Shuriken","Ornamental Fan","Pen Nib","Emotion Chip","Nuclear Battery","Mummified Hand","Bird Faced Urn","Bag of Preparation"],"potions_floor_usage":[50],"damage_taken":[{"damage":0.0,"enemies":"Cultist","floor":1.0,"turns":2.0},{"damage":7.0,"enemies":"Jaw Worm","floor":3.0,"turns":3.0},{"damage":6.0,"enemies":"Small Slimes","floor":4.0,"turns":2.0},{"damage":3.0,"enemies":"Blue Slaver","floor":5.0,"turns":3.0},{"damage":20.0,"enemies":"Lagavulin","floor":7.0,"turns":5.0},{"damage":5.0,"enemies":"Large Slime","floor":8.0,"turns":5.0},{"damage":5.0,"enemies":"3 Sentries","floor":10.0,"turns":3.0},{"damage":19.0,"enemies":"Exordium Thugs","floor":14.0,"turns":3.0},{"damage":13.0,"enemies":"Hexaghost","floor":16.0,"turns":8.0},{"damage":6.0,"enemies":"3 Byrds","floor":18.0,"turns":2.0},{"damage":27.0,"enemies":"Masked Bandits","floor":20.0,"turns":4.0},{"damage":7.0,"enemies":"Shell Parasite","floor":22.0,"turns":6.0},{"damage":8.0,"enemies":"Gremlin Leader","floor":23.0,"turns":5.0},{"damage":27.0,"enemies":"Centurion and Healer","floor":30.0,"turns":3.0},{"damage":42.0,"enemies":"Champ","floor":33.0,"turns":8.0},{"damage":9.0,"enemies":"Orb Walker","floor":35.0,"turns":4.0},{"damage":3.0,"enemies":"3 Shapes","floor":38.0,"turns":3.0},{"damage":50.0,"enemies":"Giant Head","floor":40.0,"turns":8.0},{"damage":15.0,"enemies":"Sphere and 2 Shapes","floor":41.0,"turns":3.0},{"damage":40.0,"enemies":"Spire Growth","floor":44.0,"turns":4.0},{"damage":8,"enemies":"4 Shapes","floor":45,"turns":2},{"damage":44,"enemies":"Time Eater","floor":50,"turns":8}],"seed_played":"4323224371908276460","potions_obtained":[{"floor":3.0,"key":"Poison Potion"},{"floor":5.0,"key":"Ancient Potion"},{"floor":7.0,"key":"Fruit Juice"},{"floor":10.0,"key":"Dexterity Potion"},{"floor":20.0,"key":"EssenceOfSteel"},{"floor":22.0,"key":"Poison Potion"},{"floor":35.0,"key":"FocusPotion"},{"floor":41.0,"key":"Energy Potion"},{"floor":45,"key":"Dexterity Potion"}],"is_trial":false,"path_per_floor":["M","T","M","M","M","R","E","M","T","E","$","R","$","M","R","B",null,"M","$","?","?","M","E","R","$","T","T","?","R","M","$","R","B",null,"M","?","$","M","?","E","M","R","T","M","M","R","$","?","R","B"],"character_chosen":"DEFECT","items_purchased":["Capacitor","Leap","Ball Lightning","Capacitor","Defragment","Sunder","Bag of Preparation","Capacitor"],"campfire_rested":5,"item_purchase_floors":[11,19,19,25,37,37,47,47],"current_hp_per_floor":[68,68,61,55,52,52,37,34,34,31,31,55,55,38,38,27,67,63,63,38,22,24,25,49,49,49,49,49,49,31,31,55,22,66,66,80,80,80,80,37,31,55,55,36,36,60,60,60,60,32],"gold":13,"neow_bonus":"THREE_CARDS","is_prod":false,"is_daily":false,"chose_seed":false,"campfire_upgraded":4,"win_rate":0,"timestamp":1535499532,"path_taken":["M","?","?","M","M","R","E","M","T","E","?","R","$","M","R","BOSS","M","$","?","?","?","E","R","$","T","?","?","R","M","$","R","BOSS","M","?","$","?","?","E","M","R","T","M","M","R","$","?","R","BOSS"],"build_version":"2018-08-23v2","purchased_purges":3,"victory":true,"max_hp_per_floor":[75,75,75,75,75,75,80,80,80,80,80,80,80,80,80,80,80,80,80,80,80,80,80,80,80,80,80,80,80,80,80,80,80,80,80,80,80,80,80,80,80,80,80,80,80,80,80,80,80,80],"card_choices":[{"not_picked":["Leap","Conserve Battery"],"picked":"Compile Driver","floor":0.0},{"not_picked":["Beam Cell","Sunder"],"picked":"Cold Snap","floor":1.0},{"not_picked":["Fission","Rebound"],"picked":"Ball Lightning","floor":3.0},{"not_picked":["Turbo","Go for the Eyes"],"picked":"White Noise","floor":4.0},{"not_picked":["Loop","Redo","Beam Cell"],"picked":"SKIP","floor":5.0},{"not_picked":["All For One","Rip and Tear"],"picked":"Streamline","floor":7.0},{"not_picked":["Beam Cell","Go for the Eyes"],"picked":"Conserve Battery","floor":8.0},{"not_picked":["Rebound","Stack","Heatsinks"],"picked":"SKIP","floor":10.0},{"not_picked":["Compile Driver","Stack"],"picked":"Conserve Battery","floor":14.0},{"not_picked":["Meteor Strike","Biased Cognition"],"picked":"Electrodynamics","floor":16.0},{"not_picked":["Steam","Chill"],"picked":"Consume","floor":18.0},{"not_picked":["Steam","Blizzard+1"],"picked":"Self Repair","floor":20.0},{"not_picked":["Ball Lightning+1","Stack","Chaos+1"],"picked":"SKIP","floor":22.0},{"not_picked":["Force Field+1","BootSequence","Barrage"],"picked":"SKIP","floor":23.0},{"not_picked":["Hologram","Beam Cell+1","Rebound"],"picked":"SKIP","floor":30.0},{"not_picked":["Core Surge","Rainbow"],"picked":"Seek","floor":33.0},{"not_picked":["Compile Driver+1","Reinforced Body+1","Gash+1"],"picked":"SKIP","floor":35.0},{"not_picked":["Darkness","Scrape","Chill+1"],"picked":"SKIP","floor":38.0},{"not_picked":["Rebound","Tempest+1","Stack"],"picked":"SKIP","floor":40.0},{"not_picked":["Gash+1","Rebound"],"picked":"Consume+1","floor":41.0},{"not_picked":["Heatsinks+1","Tempest"],"picked":"Defragment","floor":44.0},{"not_picked":["Rainbow","Defragment","Compile Driver+1"],"picked":"SKIP","floor":45}],"player_experience":123818,"relics_obtained":[{"floor":2.0,"key":"War Paint"},{"floor":7.0,"key":"Blood Vial"},{"floor":9.0,"key":"Symbiotic Virus"},{"floor":10.0,"key":"Gremlin Horn"},{"floor":20.0,"key":"Red Mask"},{"floor":21.0,"key":"Necronomicon"},{"floor":23.0,"key":"Shuriken"},{"floor":26.0,"key":"Ornamental Fan"},{"floor":27.0,"key":"Pen Nib"},{"floor":40.0,"key":"Mummified Hand"},{"floor":43.0,"key":"Bird Faced Urn"}],"event_choices":[{"event_name":"Masked Bandits","player_choice":"Fought Bandits","floor":20.0,"damage_taken":0.0},{"event_name":"Cursed Tome","player_choice":"Obtained Book","floor":21.0,"damage_taken":0.0},{"event_name":"The Mausoleum","player_choice":"Yes","floor":28.0,"damage_taken":0.0},{"event_name":"Winding Halls","player_choice":"Writhe","floor":36.0,"damage_taken":0.0},{"event_name":"Tomb of Lord Red Mask","player_choice":"Wore Mask","floor":39.0,"damage_taken":0.0},{"event_name":"Falling","player_choice":"Removed Skill","floor":48,"damage_taken":0}],"is_beta":false,"boss_relics":[{"not_picked":["Coffee Dripper","White Beast Statue"],"picked":"Empty Cage"},{"not_picked":["Calling Bell","Eternal Feather"],"picked":"Nuclear Battery"}],"items_purged_floors":[13,25,47],"is_endless":false,"potions_floor_spawned":[3,5,7,10,20,22,35,41,45],"ascension_level":10}