{"gold_per_floor":[113,131,149,149,163,190,190,223,271,290,309,309,323,342,342,438,438,452,228,240,259,259],"floor_reached":22,"playtime":1010,"items_purged":["Strike_B"],"score":263,"play_id":"655459da-a591-4eb4-b463-2e88ec9a1134","local_time":"20190606121013","is_ascension_mode":true,"campfire_choices":[{"data":"Zap","floor":7.0,"key":"SMITH"},{"floor":12.0,"key":"REST"},{"data":"Machine Learning","floor":15.0,"key":"SMITH"}],"neow_cost":"NONE","seed_source_timestamp":491485829768539,"circlet_count":0,"master_deck":["Strike_B","Strike_B+1","Strike_B+1","Defend_B","Defend_B","Defend_B","Defend_B","Zap+1","Dualcast","Self Repair","Machine Learning+1","Sweeping Beam","Ball Lightning","Chill","BootSequence","Coolheaded","Echo Form","Consume","Compile Driver+1"],"special_seed":0,"relics":["Cracked Core","NeowsBlessing","Calipers","Symbiotic Virus","Happy Flower","Inserter","Whetstone"],"potions_floor_usage":[20],"damage_taken":[{"damage":0.0,"enemies":"Jaw Worm","floor":1.0,"turns":1.0},{"damage":0.0,"enemies":"Cultist","floor":2.0,"turns":1.0},{"damage":0.0,"enemies":"Small Slimes","floor":3.0,"turns":2.0},{"damage":14.0,"enemies":"Blue Slaver","floor":5.0,"turns":5.0},{"damage":40.0,"enemies":"3 Sentries","floor":6.0,"turns":7.0},{"damage":30.0,"enemies":"Lagavulin","floor":8.0,"turns":7.0},{"damage":15.0,"enemies":"Large Slime","floor":10.0,"turns":4.0},{"damage":1.0,"enemies":"2 Fungi Beasts","floor":11.0,"turns":3.0},{"damage":2.0,"enemies":"Exordium Thugs","floor":13.0,"turns":3.0},{"damage":0.0,"enemies":"Large Slime","floor":14.0,"turns":3.0},{"damage":16.0,"enemies":"The Guardian","floor":16.0,"turns":13.0},{"damage":25,"enemies":"2 Thieves","floor":18,"turns":4},{"damage":6,"enemies":"3 Byrds","floor":20,"turns":3},{"damage":39,"enemies":"3 Cultists","floor":21,"turns":6},{"damage":14,"enemies":"Sentry and Sphere","floor":22,"turns":3}],"seed_played":"3194184045604484856","potions_obtained":[{"floor":2.0,"key":"Explosive Potion"},{"floor":6.0,"key":"FearPotion"},{"floor":8.0,"key":"FearPotion"},{"floor":11.0,"key":"Weak Potion"},{"floor":16.0,"key":"LiquidBronze"},{"floor":21,"key":"FocusPotion"}],"is_trial":false,"path_per_floor":["M","M","M","?","M","E","R","E","T","M","M","R","M","M","R","B",null,"M","$","M","M","M"],"character_chosen":"DEFECT","items_purchased":["Whetstone"],"campfire_rested":1,"item_purchase_floors":[19],"current_hp_per_floor":[68,75,75,80,73,40,40,17,17,9,15,39,44,51,51,42,71,46,46,40,8,0],"gold":259,"neow_bonus":"THREE_ENEMY_KILL","is_prod":false,"is_daily":false,"chose_seed":false,"campfire_upgraded":2,"win_rate":0,"timestamp":1559844613,"path_taken":["M","M","M","?","M","E","R","E","T","M","M","R","M","M","R","BOSS","M","$","M","M","M"],"build_version":"2019-01-23","purchased_purges":1,"victory":false,"max_hp_per_floor":[75,75,75,80,80,80,80,80,80,80,80,80,80,80,80,80,80,80,80,80,80,80],"card_choices":[{"not_picked":["Stack","Streamline"],"picked":"Self Repair","floor":1.0},{"not_picked":["Force Field","Stack","Streamline"],"picked":"SKIP","floor":2.0},{"not_picked":["Capacitor","Sweeping Beam"],"picked":"Machine Learning","floor":3.0},{"not_picked":["Go for the Eyes","Barrage","Beam Cell"],"picked":"SKIP","floor":5.0},{"not_picked":["Scrape","Fusion","Sweeping Beam"],"picked":"SKIP","floor":6.0},{"not_picked":["Scrape","Fusion"],"picked":"Sweeping Beam","floor":6.0},{"not_picked":["Hologram","Gash"],"picked":"Ball Lightning","floor":8.0},{"not_picked":["Coolheaded","Gash"],"picked":"Chill","floor":10.0},{"not_picked":["Capacitor","Hologram","Go for the Eyes"],"picked":"SKIP","floor":11.0},{"not_picked":["Coolheaded","Genetic Algorithm"],"picked":"BootSequence","floor":13.0},{"not_picked":["Barrage","Gash"],"picked":"Coolheaded","floor":14.0},{"not_picked":["All For One","Creative AI"],"picked":"Echo Form","floor":16.0},{"not_picked":["Gash","Cold Snap+1"],"picked":"Consume","floor":18},{"not_picked":["Rebound","Hologram+1","Conserve Battery"],"picked":"SKIP","floor":20},{"not_picked":["Streamline","Barrage+1"],"picked":"Compile Driver+1","floor":21}],"player_experience":698274,"relics_obtained":[{"floor":6.0,"key":"Calipers"},{"floor":8.0,"key":"Symbiotic Virus"},{"floor":9.0,"key":"Happy Flower"}],"event_choices":[{"damage_healed":0.0,"max_hp_gain":5.0,"max_hp_loss":0.0,"gold_gain":0.0,"event_name":"Big Fish","player_choice":"Donut","floor":4.0,"gold_loss":0.0,"damage_taken":0.0}],"is_beta":false,"boss_relics":[{"not_picked":["Philosopher\u0027s Stone","Pandora\u0027s Box"],"picked":"Inserter"}],"items_purged_floors":[19],"is_endless":false,"potions_floor_spawned":[2,6,8,11,16,18,21],"killed_by":"Sentry and Sphere","ascension_level":6}