{"gold_per_floor":[118,130,130,130,145,145,69,98,98,98,123,123,134,149,149,221,221,232,232,245,245],"floor_reached":21,"playtime":591,"items_purged":[],"score":350,"play_id":"3f85f7d2-5606-483d-84e2-95bce01dcc24","local_time":"20190524235150","is_ascension_mode":true,"campfire_choices":[{"data":"Iron Wave","floor":6,"key":"SMITH"},{"data":"Bash","floor":10,"key":"SMITH"},{"data":"Uppercut","floor":15,"key":"SMITH"}],"neow_cost":"NONE","seed_source_timestamp":309230643151055,"circlet_count":0,"master_deck":["AscendersBane","Strike_R","Strike_R","Strike_R","Strike_R","Defend_R","Defend_R","Defend_R","Defend_R","Bash+1","Twin Strike","Regret","Iron Wave+1","Inflame","Sever Soul","Pommel Strike","Uppercut+1","Feed"],"relics":["Burning Blood","Orichalcum","Dodecahedron","Art of War","Vajra","Paper Frog","Strawberry","Velvet Choker"],"potions_floor_usage":[14,16],"damage_taken":[{"damage":13,"enemies":"Jaw Worm","floor":1,"turns":4},{"damage":0,"enemies":"2 Louse","floor":2,"turns":2},{"damage":3,"enemies":"Cultist","floor":5,"turns":3},{"damage":28,"enemies":"Gremlin Nob","floor":8,"turns":5},{"damage":29,"enemies":"Lagavulin","floor":11,"turns":5},{"damage":5,"enemies":"Red Slaver","floor":13,"turns":3},{"damage":2,"enemies":"Blue Slaver","floor":14,"turns":2},{"damage":29,"enemies":"The Guardian","floor":16,"turns":9},{"damage":23,"enemies":"2 Thieves","floor":18,"turns":4},{"damage":30,"enemies":"Colosseum Slavers","floor":19,"turns":5},{"damage":4,"enemies":"Spheric Guardian","floor":20,"turns":3},{"damage":30,"enemies":"Shelled Parasite and Fungi","floor":21,"turns":2}],"seed_played":"-1793477142377771365","potions_obtained":[{"floor":5,"key":"Dexterity Potion"},{"floor":13,"key":"Fruit Juice"},{"floor":14,"key":"BloodPotion"},{"floor":20,"key":"Swift Potion"}],"is_trial":false,"path_per_floor":["M","M","?","?","M","R","$","E","T","R","E","?","M","M","R","B",null,"M","?","M","M"],"character_chosen":"IRONCLAD","items_purchased":["Inflame"],"campfire_rested":0,"item_purchase_floors":[7],"current_hp_per_floor":[61,67,56,56,59,59,59,37,37,37,21,21,22,31,31,16,69,52,28,30,0],"gold":245,"neow_bonus":"RANDOM_COMMON_RELIC","is_prod":false,"is_daily":false,"chose_seed":false,"campfire_upgraded":3,"win_rate":0,"timestamp":1558763510,"path_taken":["M","M","?","?","M","R","$","E","T","R","E","?","?","M","R","BOSS","M","?","M","M"],"build_version":"2019-01-23","purchased_purges":0,"victory":false,"max_hp_per_floor":[75,75,75,75,75,75,75,75,75,75,82,82,82,87,87,87,87,87,87,87,87],"card_choices":[{"not_picked":["Anger","Perfected Strike"],"picked":"Twin Strike","floor":1},{"not_picked":["Metallicize","Body Slam","Headbutt"],"picked":"SKIP","floor":2},{"not_picked":["Heavy Blade","Anger"],"picked":"Iron Wave","floor":5},{"not_picked":["Rampage","Thunderclap","Bludgeon"],"picked":"SKIP","floor":8},{"not_picked":["Sentinel","Flex","Feel No Pain"],"picked":"SKIP","floor":11},{"not_picked":["Warcry","Evolve"],"picked":"Pommel Strike","floor":13},{"not_picked":["Clash","Flex"],"picked":"Uppercut","floor":14},{"not_picked":["Brutality","Fiend Fire"],"picked":"Feed","floor":16},{"not_picked":["Headbutt","Intimidate","Warcry"],"picked":"SKIP","floor":18},{"not_picked":["Armaments","Anger","Clash"],"picked":"SKIP","floor":20}],"player_experience":602927,"relics_obtained":[{"floor":8,"key":"Vajra"},{"floor":9,"key":"Paper Frog"},{"floor":11,"key":"Strawberry"}],"event_choices":[{"damage_healed":0,"gold_gain":0,"player_choice":"Success","damage_taken":11,"relics_obtained":["Dodecahedron"],"max_hp_gain":0,"max_hp_loss":0,"event_name":"Scrap Ooze","floor":3,"gold_loss":0},{"damage_healed":0,"gold_gain":0,"player_choice":"Box","damage_taken":0,"relics_obtained":["Art of War"],"max_hp_gain":0,"max_hp_loss":0,"event_name":"Big Fish","floor":4,"gold_loss":0,"cards_obtained":["Regret"]},{"damage_healed":0,"gold_gain":0,"cards_transformed":["Strike_R"],"player_choice":"Transformed","damage_taken":0,"max_hp_gain":0,"max_hp_loss":0,"event_name":"Transmorgrifier","floor":12,"gold_loss":0,"cards_obtained":["Sever Soul"]},{"damage_healed":0,"gold_gain":0,"player_choice":"Fight","damage_taken":0,"max_hp_gain":0,"max_hp_loss":0,"event_name":"Colosseum","floor":19,"gold_loss":0},{"damage_healed":0,"gold_gain":0,"player_choice":"Fled From Nobs","damage_taken":0,"max_hp_gain":0,"max_hp_loss":0,"event_name":"Colosseum","floor":19,"gold_loss":0}],"is_beta":false,"boss_relics":[{"not_picked":["Ectoplasm","Pandora\u0027s Box"],"picked":"Velvet Choker"}],"items_purged_floors":[],"is_endless":false,"potions_floor_spawned":[5,13,14,20],"killed_by":"Shelled Parasite and Fungi","ascension_level":17}