{"gold_per_floor":[119,194,194,194,214,248,248,279,279,279,279,279,279,17,17,93,93,109,109,67,17,67,67,77,27,54,66,78],"floor_reached":28,"playtime":828,"items_purged":["Defend_R","Strike_R","Defend_R"],"score":478,"play_id":"138a3661-c803-449d-b7eb-bbabb3add7f2","local_time":"20190526202043","is_ascension_mode":true,"campfire_choices":[{"data":"Flame Barrier","floor":7,"key":"SMITH"},{"floor":11,"key":"REST"},{"floor":13,"key":"REST"},{"data":"Strike_R","floor":15,"key":"SMITH"},{"data":"Demon Form","floor":23,"key":"SMITH"}],"neow_cost":"NONE","seed_source_timestamp":104176732015634,"circlet_count":0,"master_deck":["AscendersBane","Strike_R+1","Strike_R+1","Strike_R","Defend_R","Defend_R+1","Flame Barrier+1","Flame Barrier+1","Demon Form+1","Shrug It Off","Shockwave+1"],"relics":["Burning Blood","NeowsBlessing","Shuriken","Smiling Mask","Vajra","Bottled Lightning","DollysMirror","Philosopher\u0027s Stone","MawBank"],"potions_floor_usage":[16,28],"damage_taken":[{"damage":0,"enemies":"2 Louse","floor":1,"turns":1},{"damage":0,"enemies":"Jaw Worm","floor":5,"turns":1},{"damage":0,"enemies":"3 Sentries","floor":6,"turns":2},{"damage":44,"enemies":"Lagavulin","floor":8,"turns":10},{"damage":17,"enemies":"The Guardian","floor":16,"turns":15},{"damage":16,"enemies":"Spheric Guardian","floor":18,"turns":6},{"damage":26,"enemies":"2 Thieves","floor":20,"turns":5},{"damage":23,"enemies":"Shelled Parasite and Fungi","floor":24,"turns":6},{"damage":23,"enemies":"Cultist and Chosen","floor":28,"turns":4}],"seed_played":"-6452452278190468381","potions_obtained":[{"floor":6,"key":"Weak Potion"},{"floor":20,"key":"Dexterity Potion"},{"floor":24,"key":"EssenceOfSteel"}],"is_trial":false,"path_per_floor":["M","?","?","?","M","E","R","E","T","?","R","?","R","$","R","B",null,"M","?","M","$","?","R","M","$","T","?","M"],"character_chosen":"IRONCLAD","items_purchased":["DollysMirror"],"campfire_rested":2,"item_purchase_floors":[14],"current_hp_per_floor":[74,63,68,50,56,62,62,24,24,17,41,17,41,41,41,30,68,58,58,38,38,38,38,21,21,21,21,0],"gold":78,"neow_bonus":"THREE_ENEMY_KILL","is_prod":false,"is_daily":false,"chose_seed":false,"campfire_upgraded":3,"win_rate":0,"timestamp":1558923643,"path_taken":["M","?","?","?","M","E","R","E","T","?","R","?","R","$","R","BOSS","M","?","M","?","?","R","M","?","T","?","M"],"build_version":"2019-01-23","purchased_purges":3,"victory":false,"max_hp_per_floor":[75,75,80,80,80,80,80,80,80,80,80,80,80,80,80,80,80,80,80,80,80,80,80,80,80,80,80,80],"card_choices":[{"not_picked":["Armaments","Sentinel","Headbutt"],"picked":"SKIP","floor":1},{"not_picked":["Headbutt","Sword Boomerang"],"picked":"Flame Barrier","floor":5},{"not_picked":["Warcry","Reckless Charge","Dual Wield"],"picked":"SKIP","floor":6},{"not_picked":["Ghostly Armor","True Grit","Pummel"],"picked":"SKIP","floor":8},{"not_picked":["Exhume","Immolate"],"picked":"Demon Form","floor":16},{"not_picked":["Anger+1","Twin Strike"],"picked":"Shrug It Off","floor":18},{"not_picked":["True Grit+1","Twin Strike","Sword Boomerang"],"picked":"SKIP","floor":20},{"not_picked":["Searing Blow+1","Exhume"],"picked":"Shockwave","floor":24}],"player_experience":618910,"relics_obtained":[{"floor":6,"key":"Smiling Mask"},{"floor":8,"key":"Vajra"},{"floor":9,"key":"Bottled Lightning"},{"floor":26,"key":"MawBank"}],"event_choices":[{"damage_healed":0,"gold_gain":75,"player_choice":"Gather Gold","damage_taken":11,"max_hp_gain":0,"max_hp_loss":0,"event_name":"World of Goop","floor":2,"gold_loss":0},{"damage_healed":0,"gold_gain":0,"player_choice":"Donut","damage_taken":0,"max_hp_gain":5,"max_hp_loss":0,"event_name":"Big Fish","floor":3,"gold_loss":0},{"damage_healed":0,"gold_gain":0,"player_choice":"Success","damage_taken":18,"relics_obtained":["Shuriken"],"max_hp_gain":0,"max_hp_loss":0,"event_name":"Scrap Ooze","floor":4,"gold_loss":0},{"cards_removed":["Bash"],"damage_healed":0,"gold_gain":0,"player_choice":"Card Removal","damage_taken":7,"max_hp_gain":0,"max_hp_loss":0,"event_name":"Golden Wing","floor":10,"gold_loss":0},{"damage_healed":0,"gold_gain":0,"player_choice":"Entered Light","damage_taken":24,"max_hp_gain":0,"max_hp_loss":0,"event_name":"Shining Light","floor":12,"gold_loss":0,"cards_upgraded":["Defend_R","Strike_R"]},{"cards_removed":["Strike_R"],"damage_healed":0,"gold_gain":0,"player_choice":"Offered Basic","damage_taken":0,"max_hp_gain":0,"max_hp_loss":0,"event_name":"Bonfire Elementals","floor":19,"gold_loss":0},{"damage_healed":0,"gold_gain":50,"player_choice":"Stole From Cult","damage_taken":0,"max_hp_gain":0,"max_hp_loss":0,"event_name":"Nest","floor":22,"gold_loss":0},{"damage_healed":0,"gold_gain":0,"player_choice":"Forge","damage_taken":0,"max_hp_gain":0,"max_hp_loss":0,"event_name":"Accursed Blacksmith","floor":27,"gold_loss":0,"cards_upgraded":["Shockwave"]}],"is_beta":false,"boss_relics":[{"not_picked":["Runic Dome","Tiny House"],"picked":"Philosopher\u0027s Stone"}],"items_purged_floors":[14,21,25],"is_endless":false,"potions_floor_spawned":[6,20,24],"killed_by":"Cultist and Chosen","ascension_level":19}