{"gold_per_floor":[119,44,44,61,71,106,106,168,168,168,91,116,116,41,41,115,115,129,129,147,47,58,58,69,69,69,69,69,69,69,89,89,89],"floor_reached":33,"playtime":1152,"items_purged":["Writhe","Strike_R"],"score":483,"play_id":"d552f88a-754c-44b7-8481-e02ce6608d9a","local_time":"20190524150231","is_ascension_mode":true,"campfire_choices":[{"data":"Demon Form","floor":7,"key":"SMITH"},{"data":"Feed","floor":10,"key":"SMITH"},{"data":"Heavy Blade","floor":15,"key":"SMITH"},{"data":"Armaments","floor":23,"key":"SMITH"},{"data":"Flame Barrier","floor":25,"key":"SMITH"},{"data":"Metallicize","floor":27,"key":"SMITH"},{"data":"Uppercut","floor":32,"key":"SMITH"}],"neow_cost":"CURSE","seed_source_timestamp":276865033377592,"circlet_count":0,"master_deck":["AscendersBane","Strike_R","Strike_R","Strike_R","Defend_R","Defend_R","Defend_R","Defend_R","Bash","Demon Form+1","Uppercut+1","Armaments+1","Feed+1","Metallicize+1","Pommel Strike","Flame Barrier+1","Heavy Blade+1","Impervious","Decay","Ghostly","Ghostly","Ghostly"],"special_seed":0,"relics":["Burning Blood","Bottled Tornado","Boot","Bag of Preparation","Singing Bowl","Runic Pyramid","Question Card"],"potions_floor_usage":[8,20,31,33],"damage_taken":[{"damage":4.0,"enemies":"Small Slimes","floor":1.0,"turns":5.0},{"damage":1,"enemies":"Cultist","floor":4,"turns":3},{"damage":14,"enemies":"Jaw Worm","floor":5,"turns":3},{"damage":32,"enemies":"Gremlin Nob","floor":6,"turns":4},{"damage":29,"enemies":"Gremlin Nob","floor":8,"turns":5},{"damage":17,"enemies":"3 Sentries","floor":12,"turns":7},{"damage":4,"enemies":"Slime Boss","floor":16,"turns":8},{"damage":14,"enemies":"Shell Parasite","floor":18,"turns":5},{"damage":22,"enemies":"2 Thieves","floor":20,"turns":4},{"damage":31,"enemies":"Sentry and Sphere","floor":22,"turns":7},{"damage":17,"enemies":"Shelled Parasite and Fungi","floor":24,"turns":5},{"damage":9,"enemies":"Centurion and Healer","floor":31,"turns":5},{"damage":66,"enemies":"Collector","floor":33,"turns":5}],"seed_played":"6679757591848221414","potions_obtained":[{"floor":1.0,"key":"Regen Potion"},{"floor":6,"key":"AttackPotion"},{"floor":8,"key":"FearPotion"},{"floor":16,"key":"AttackPotion"},{"floor":20,"key":"AttackPotion"}],"is_trial":false,"path_per_floor":["M","$","?","M","M","E","R","?","T","R","$","E","?","?","R","B",null,"M","?","M","$","M","R","M","R","T","R","?","?","$","M","R","B"],"character_chosen":"IRONCLAD","items_purchased":["Flame Barrier"],"campfire_rested":0,"item_purchase_floors":[11],"current_hp_per_floor":[70,70,70,75,67,44,44,35,35,35,35,28,28,28,28,30,69,67,67,57,57,38,38,33,33,33,33,33,33,33,36,36,0],"gold":89,"neow_bonus":"THREE_RARE_CARDS","is_prod":false,"is_daily":false,"chose_seed":false,"campfire_upgraded":7,"win_rate":0,"timestamp":1558731751,"path_taken":["M","$","?","M","?","E","R","?","T","R","$","E","?","?","R","BOSS","M","?","M","$","?","R","M","R","T","R","?","?","$","M","R","BOSS"],"build_version":"2019-01-23","purchased_purges":2,"victory":false,"max_hp_per_floor":[75,75,75,75,75,78,78,78,78,78,78,82,82,82,82,82,82,88,88,94,94,100,100,106,106,106,106,106,53,53,59,59,59],"card_choices":[{"not_picked":["Limit Break","Feed"],"picked":"Demon Form","floor":0.0},{"not_picked":["Warcry","Twin Strike"],"picked":"Uppercut","floor":1.0},{"not_picked":["Havoc","Thunderclap"],"picked":"Metallicize","floor":4},{"not_picked":["Sentinel","Clash","Anger"],"picked":"SKIP","floor":5},{"not_picked":["Bloodletting","Clothesline"],"picked":"Pommel Strike","floor":6},{"not_picked":["Impervious","Anger"],"picked":"Heavy Blade","floor":12},{"not_picked":["Double Tap","Immolate"],"picked":"Impervious","floor":16},{"not_picked":["Wild Strike","Flex","Spot Weakness"],"picked":"Singing Bowl","floor":18},{"not_picked":["Rampage","Headbutt","True Grit"],"picked":"Singing Bowl","floor":20},{"not_picked":["Metallicize","Double Tap","Pommel Strike"],"picked":"Singing Bowl","floor":22},{"not_picked":["Sword Boomerang","Shrug It Off+1","Heavy Blade+1"],"picked":"Singing Bowl","floor":24},{"not_picked":["Evolve","Armaments","Clash","Warcry"],"picked":"Singing Bowl","floor":31}],"player_experience":584382,"relics_obtained":[{"floor":6,"key":"Bottled Tornado"},{"floor":8,"key":"Boot"},{"floor":9,"key":"Bag of Preparation"},{"floor":12,"key":"Singing Bowl"},{"floor":26,"key":"Question Card"}],"event_choices":[{"damage_healed":0,"gold_gain":0,"player_choice":"2 cards matched","damage_taken":0,"max_hp_gain":0,"max_hp_loss":0,"event_name":"Match and Keep!","floor":3,"gold_loss":0,"cards_obtained":["Armaments","Feed"]},{"damage_healed":0,"gold_gain":0,"player_choice":"Searched \u00271\u0027 times","damage_taken":0,"max_hp_gain":0,"max_hp_loss":0,"event_name":"Dead Adventurer","floor":8,"gold_loss":0},{"damage_healed":0,"gold_gain":0,"player_choice":"Ignored","damage_taken":0,"max_hp_gain":0,"max_hp_loss":0,"event_name":"Liars Game","floor":13,"gold_loss":0},{"cards_removed":["Strike_R"],"damage_healed":0,"gold_gain":0,"player_choice":"Card Removal","damage_taken":0,"max_hp_gain":0,"max_hp_loss":0,"event_name":"The Cleric","floor":14,"gold_loss":75},{"damage_healed":0,"gold_gain":0,"player_choice":"Ignored","damage_taken":0,"max_hp_gain":0,"max_hp_loss":0,"event_name":"N\u0027loth","floor":19,"gold_loss":0},{"damage_healed":0,"gold_gain":0,"player_choice":"Smashed Altar","damage_taken":0,"max_hp_gain":0,"max_hp_loss":0,"event_name":"Forgotten Altar","floor":28,"gold_loss":0,"cards_obtained":["Decay"]},{"damage_healed":0,"gold_gain":0,"player_choice":"Became a Ghost","damage_taken":0,"max_hp_gain":0,"max_hp_loss":53,"event_name":"Ghosts","floor":29,"gold_loss":0,"cards_obtained":["Ghostly","Ghostly","Ghostly"]}],"is_beta":false,"boss_relics":[{"not_picked":["Eternal Feather","Empty Cage"],"picked":"Runic Pyramid"}],"items_purged_floors":[2,21],"is_endless":false,"potions_floor_spawned":[1,6,8,16,20,22],"killed_by":"Collector","ascension_level":15}