{"gold_per_floor":[114,133,133,133,133,133,151,178,178,191,191,205,233,8,8,111,111,124,224,237,35,55,55,81,101,101,101,101,101,116,130,130,225,225,238,238,254,154,166,166,194,208,235,261,261,18,32,46,46,46],"floor_reached":51,"playtime":6807,"items_purged":["Strike_B","Decay"],"score":758,"play_id":"ceed2e9a-d299-4200-9426-9c9661a00853","local_time":"20190603162358","is_ascension_mode":true,"campfire_choices":[{"data":"Rainbow","floor":6,"key":"SMITH"},{"data":"Zap","floor":11,"key":"SMITH"},{"floor":15,"key":"REST"},{"floor":23,"key":"REST"},{"floor":29,"key":"REST"},{"floor":32,"key":"REST"},{"data":"Machine Learning","floor":40,"key":"SMITH"},{"floor":45,"key":"REST"},{"floor":49,"key":"REST"}],"neow_cost":"PERCENT_DAMAGE","seed_source_timestamp":410761745640928,"circlet_count":0,"master_deck":["Zap+1","Dualcast","Rainbow+1","Coolheaded","Hologram+1","Conserve Battery","Double Energy","Compile Driver","Chill","Glacier","Glacier","Seek","Echo Form","Undo+1","Rainbow","Machine Learning+1","Hologram","Steam","BootSequence","Capacitor+1","Go for the Eyes+1","Ball Lightning+1","Hello World","Steam Power","Lockon+1","Machine Learning","Auto Shields+1","Steam+1","Reboot+1","Glacier+1","Consume+1","Storm+1","Barrage+1"],"relics":["Cracked Core","Letter Opener","Sundial","Bag of Marbles","Molten Egg 2","Pandora\u0027s Box","Ginger","Cables","Runic Capacitor","Happy Flower","Oddly Smooth Stone","Velvet Choker","Toxic Egg 2","War Paint","Unceasing Top","Dodecahedron"],"potions_floor_usage":[13,19,19,31,33,33,33,42,44,50],"damage_taken":[{"damage":10,"enemies":"2 Louse","floor":1,"turns":2},{"damage":5,"enemies":"Jaw Worm","floor":2,"turns":4},{"damage":3,"enemies":"Small Slimes","floor":7,"turns":3},{"damage":5,"enemies":"Lagavulin","floor":8,"turns":7},{"damage":2,"enemies":"3 Louse","floor":10,"turns":2},{"damage":0,"enemies":"Exordium Wildlife","floor":12,"turns":2},{"damage":12,"enemies":"Gremlin Nob","floor":13,"turns":5},{"damage":1,"enemies":"The Guardian","floor":16,"turns":12},{"damage":9,"enemies":"2 Thieves","floor":18,"turns":4},{"damage":6,"enemies":"Colosseum Slavers","floor":19,"turns":4},{"damage":21,"enemies":"Colosseum Nobs","floor":19,"turns":5},{"damage":2,"enemies":"Shell Parasite","floor":20,"turns":5},{"damage":4,"enemies":"Centurion and Healer","floor":22,"turns":6},{"damage":24,"enemies":"Slavers","floor":24,"turns":4},{"damage":19,"enemies":"Chosen and Byrds","floor":25,"turns":7},{"damage":1,"enemies":"Snake Plant","floor":30,"turns":4},{"damage":7,"enemies":"Cultist and Chosen","floor":31,"turns":6},{"damage":32,"enemies":"Collector","floor":33,"turns":8},{"damage":5,"enemies":"3 Darklings","floor":35,"turns":6},{"damage":1,"enemies":"Orb Walker","floor":37,"turns":4},{"damage":0,"enemies":"Maw","floor":39,"turns":7},{"damage":4,"enemies":"Giant Head","floor":41,"turns":10},{"damage":55,"enemies":"Jaw Worm Horde","floor":42,"turns":6},{"damage":3,"enemies":"Nemesis","floor":44,"turns":7},{"damage":12,"enemies":"Writhing Mass","floor":47,"turns":5},{"damage":0,"enemies":"Spire Growth","floor":48,"turns":5},{"damage":25,"enemies":"Donu and Deca","floor":50,"turns":10}],"seed_played":"2422402187541465668","potions_obtained":[{"floor":2,"key":"SmokeBomb"},{"floor":7,"key":"Weak Potion"},{"floor":12,"key":"Strength Potion"},{"floor":16,"key":"AttackPotion"},{"floor":19,"key":"EntropicBrew"},{"floor":22,"key":"Regen Potion"},{"floor":24,"key":"SkillPotion"},{"floor":30,"key":"Block Potion"},{"floor":33,"key":"Regen Potion"},{"floor":41,"key":"Fire Potion"},{"floor":42,"key":"Fire Potion"},{"floor":47,"key":"Block Potion"}],"is_trial":false,"path_per_floor":["?","?","?","?","?","?","M","?"],"character_chosen":"DEFECT","items_purchased":["Glacier","Seek","Runic Capacitor","Dodecahedron"],"campfire_rested":6,"item_purchase_floors":[14,14,21,46],"current_hp_per_floor":[44,39,64,61,54,54,51,46,46,44,44,44,32,32,54,53,75,66,39,37,37,33,55,31,12,12,12,12,34,33,26,48,31,75,70,70,69,69,69,69,65,25,25,37,59,59,47,47,69,44],"gold":46,"neow_bonus":"THREE_RARE_CARDS","is_prod":false,"is_daily":false,"chose_seed":false,"campfire_upgraded":3,"win_rate":0,"timestamp":1559607838,"path_taken":["M","M","?","?","?","R","M","E","T","M","R","M","E","$","R","BOSS","M","?","M","$","M","R","E","M","T","?","?","R","?","M","R","BOSS","M","?","M","$","M","R","E","M","T","E","R","$","M","M","R","BOSS"],"build_version":"2019-01-23","purchased_purges":2,"victory":true,"max_hp_per_floor":[75,75,75,75,75,75,75,75,75,75,75,75,75,75,75,75,75,75,75,75,75,75,75,75,75,75,75,75,75,75,75,75,75,75,75,75,75,75,75,75,75,75,75,75,75,75,75,75,75,75],"card_choices":[{"not_picked":["Machine Learning","Multi-Cast"],"picked":"Rainbow","floor":0},{"not_picked":["Rebound","Compile Driver"],"picked":"Coolheaded","floor":1},{"not_picked":["Rebound","Auto Shields"],"picked":"Hologram","floor":2},{"not_picked":["Sweeping Beam","Auto Shields"],"picked":"Conserve Battery","floor":7},{"not_picked":["Coolheaded","Amplify"],"picked":"Double Energy","floor":8},{"not_picked":["Hologram","Leap"],"picked":"Compile Driver","floor":10},{"not_picked":["Fusion","Static Discharge"],"picked":"Chill","floor":12},{"not_picked":["Melter","Compile Driver"],"picked":"Glacier","floor":13},{"not_picked":["Meteor Strike+1","Multi-Cast"],"picked":"Echo Form","floor":16},{"not_picked":["Redo+1","Loop"],"picked":"Steam","floor":18},{"not_picked":["Gash+1","Cold Snap+1"],"picked":"BootSequence","floor":19},{"not_picked":["Recycle","Conserve Battery"],"picked":"Capacitor+1","floor":20},{"not_picked":["Beam Cell+1","Sweeping Beam+1"],"picked":"Go for the Eyes+1","floor":22},{"not_picked":["Rebound+1","Loop","Redo"],"picked":"SKIP","floor":24},{"not_picked":["Sweeping Beam+1","Coolheaded"],"picked":"Ball Lightning+1","floor":25},{"not_picked":["Skim","Cold Snap+1"],"picked":"Lockon+1","floor":30},{"not_picked":["Doom and Gloom+1","Go for the Eyes+1"],"picked":"Fission","floor":31},{"not_picked":["Meteor Strike+1","All For One+1"],"picked":"Machine Learning","floor":33},{"not_picked":["Gash+1","Compile Driver+1"],"picked":"Auto Shields+1","floor":35},{"not_picked":["White Noise","Capacitor+1"],"picked":"Steam+1","floor":37},{"not_picked":["Go for the Eyes+1","Capacitor","Ball Lightning+1"],"picked":"SKIP","floor":39},{"not_picked":["Beam Cell+1","Doom and Gloom+1"],"picked":"Reboot","floor":41},{"not_picked":["Gash+1","Turbo+1"],"picked":"Glacier+1","floor":42},{"not_picked":["Compile Driver+1","Beam Cell+1"],"picked":"Consume+1","floor":44},{"not_picked":["Steam+1","Redo+1"],"picked":"Storm+1","floor":47},{"not_picked":["Streamline+1","Capacitor+1"],"picked":"Barrage+1","floor":48}],"player_experience":131968,"relics_obtained":[{"floor":8,"key":"Sundial"},{"floor":9,"key":"Bag of Marbles"},{"floor":13,"key":"Molten Egg 2"},{"floor":19,"key":"Ginger"},{"floor":19,"key":"Cables"},{"floor":24,"key":"Happy Flower"},{"floor":26,"key":"Oddly Smooth Stone"},{"floor":41,"key":"Toxic Egg 2"},{"floor":43,"key":"War Paint"},{"floor":44,"key":"Unceasing Top"}],"event_choices":[{"damage_healed":25,"gold_gain":0,"player_choice":"Banana","damage_taken":0,"max_hp_gain":0,"max_hp_loss":0,"event_name":"Big Fish","floor":3,"gold_loss":0},{"damage_healed":0,"gold_gain":0,"player_choice":"Success","damage_taken":3,"relics_obtained":["Letter Opener"],"max_hp_gain":0,"max_hp_loss":0,"event_name":"Scrap Ooze","floor":4,"gold_loss":0},{"cards_removed":["Strike_B"],"damage_healed":0,"gold_gain":0,"player_choice":"Card Removal","damage_taken":7,"max_hp_gain":0,"max_hp_loss":0,"event_name":"Golden Wing","floor":5,"gold_loss":0},{"damage_healed":0,"gold_gain":0,"player_choice":"Fight","damage_taken":0,"max_hp_gain":0,"max_hp_loss":0,"event_name":"Colosseum","floor":19,"gold_loss":0},{"damage_healed":0,"gold_gain":0,"player_choice":"Fought Nobs","damage_taken":0,"max_hp_gain":0,"max_hp_loss":0,"event_name":"Colosseum","floor":19,"gold_loss":0},{"damage_healed":0,"gold_gain":0,"cards_transformed":["Heatsinks","Turbo"],"player_choice":"Became Test Subject","damage_taken":0,"max_hp_gain":0,"max_hp_loss":0,"event_name":"Drug Dealer","floor":27,"gold_loss":0,"cards_obtained":["Hello World","Steam Power"]},{"damage_healed":0,"gold_gain":0,"player_choice":"Smashed Altar","damage_taken":0,"max_hp_gain":0,"max_hp_loss":0,"event_name":"Forgotten Altar","floor":28,"gold_loss":0,"cards_obtained":["Decay"]},{"cards_removed":["Fission"],"damage_healed":0,"gold_gain":0,"player_choice":"Removed Skill","damage_taken":0,"max_hp_gain":0,"max_hp_loss":0,"event_name":"Falling","floor":36,"gold_loss":0}],"is_beta":false,"boss_relics":[{"not_picked":["White Beast Statue","Runic Dome"],"picked":"Pandora\u0027s Box"},{"not_picked":["Coffee Dripper","Black Star"],"picked":"Velvet Choker"}],"items_purged_floors":[14,38],"is_endless":false,"potions_floor_spawned":[2,7,12,16,19,22,24,30,33,41,42,47],"ascension_level":2}