{"path_per_floor":["M","M","?","M","?","R","E","?","T","E","?","E","R","?","R","B",null,"M","?","?","?","M","E","R","E","T","M","$","E","$","M","R","B",null,"M","?","?","T","M","E","?","E","T","E","?","?","E","$","R","B"],"character_chosen":"IRONCLAD","items_purchased":["Prayer Wheel"],"gold_per_floor":[114,125,125,142,217,217,243,193,216,242,242,277,277,277,277,376,376,376,376,376,299,299,299,299,299,299,299,8,8,8,8,8,8,8,8,0,0,0,0,0,0,0,0,0,0,0,0,0,0,0],"floor_reached":51,"campfire_rested":1,"playtime":2433,"item_purchase_floors":[28],"current_hp_per_floor":[80,80,85,84,73,73,55,55,55,36,36,18,58,58,58,36,85,85,85,85,85,85,56,56,52,52,55,55,83,83,82,82,51,85,51,51,51,51,65,78,91,59,59,29,15,95,65,65,65,18],"items_purged":[],"gold":0,"score":1029,"play_id":"dc562820-c156-435b-980a-a4ca55b4045b","local_time":"20180609205229","is_prod":false,"is_daily":false,"chose_seed":false,"is_ascension_mode":true,"campfire_upgraded":3,"win_rate":0,"timestamp":1528541549,"campfire_choices":[{"data":"Bash","floor":6,"key":"SMITH"},{"floor":13,"key":"REST"},{"data":"Shockwave","floor":15,"key":"SMITH"},{"data":"1","floor":24,"key":"LIFT"},{"data":"Limit Break","floor":32,"key":"SMITH"},{"data":"2","floor":49,"key":"LIFT"}],"path_taken":["M","M","?","?","?","R","E","?","T","E","?","E","R","?","R","BOSS","M","?","?","?","M","E","R","E","T","M","$","E","?","M","R","BOSS","M","?","?","?","M","E","?","E","T","E","?","?","E","?","R","BOSS"],"build_version":"2018-06-07v3","seed_source_timestamp":32154882882318,"purchased_purges":0,"victory":true,"master_deck":["Strike_R","Strike_R","Strike_R","Strike_R","Defend_R","Defend_R","Defend_R","Defend_R","Pommel Strike","Iron Wave","Shockwave+1","Headbutt","Reaper","Bash","RitualDagger","J.A.X.","Pommel Strike+1","Twin Strike","Twin Strike+1","Limit Break+1","Cleave","Infernal Blade+1","Feed","Searing Blow+1","Writhe","Offering","Doubt"],"max_hp_per_floor":[80,80,85,85,85,85,85,85,85,85,85,85,85,85,85,85,85,85,85,85,85,85,85,85,85,85,85,85,85,85,85,85,85,85,85,85,85,85,88,91,91,93,93,93,95,95,97,97,97,100],"relics":["Burning Blood","Bag of Marbles","Happy Flower","Juzu Bracelet","Regal Pillow","Ectoplasm","Nloth\u0027s Gift","Girya","Centennial Puzzle","Bottled Flame","Prayer Wheel","Ginger","Sozu","Red Mask","Vajra","Art of War","Singing Bowl","Champion Belt","The Courier","Magic Flower","Boot"],"card_choices":[{"not_picked":["True Grit","Wild Strike"],"picked":"Pommel Strike","floor":1},{"not_picked":["Body Slam","Entrench","Warcry"],"picked":"SKIP","floor":2},{"not_picked":["Anger","Body Slam"],"picked":"Iron Wave","floor":4},{"not_picked":["Pummel","Sword Boomerang","Dual Wield"],"picked":"SKIP","floor":7},{"not_picked":["Second Wind","Immolate"],"picked":"Shockwave","floor":10},{"not_picked":["Heavy Blade","Flex"],"picked":"Headbutt","floor":12},{"not_picked":["Feed","Bludgeon"],"picked":"Reaper","floor":16},{"not_picked":["Reckless Charge","Heavy Blade","Battle Trance"],"picked":"SKIP","floor":18},{"not_picked":["Body Slam+1","Sever Soul+1"],"picked":"Pommel Strike+1","floor":22},{"not_picked":["Body Slam","Warcry+1","Perfected Strike"],"picked":"SKIP","floor":23},{"not_picked":["Heavy Blade","Anger"],"picked":"Twin Strike","floor":25},{"not_picked":["Seeing Red","Battle Trance"],"picked":"Twin Strike+1","floor":27},{"not_picked":["Dark Embrace","Berserk"],"picked":"Limit Break","floor":29},{"not_picked":["Anger","Perfected Strike"],"picked":"Cleave","floor":31},{"not_picked":["Rampage","Iron Wave"],"picked":"Infernal Blade+1","floor":31},{"not_picked":["True Grit+1","Armaments"],"picked":"Feed","floor":35},{"not_picked":["Wild Strike+1","Perfected Strike","Havoc"],"picked":"SKIP","floor":35},{"not_picked":["Sentinel+1","Cleave+1","Clash+1"],"picked":"SKIP","floor":39},{"not_picked":["Twin Strike","Wild Strike+1","Perfected Strike+1"],"picked":"SKIP","floor":39},{"not_picked":["Pommel Strike+1","Sword Boomerang"],"picked":"Searing Blow+1","floor":40},{"not_picked":["Cleave","True Grit","Anger+1"],"picked":"Singing Bowl","floor":42},{"not_picked":["Wild Strike","Thunderclap"],"picked":"Offering","floor":44},{"not_picked":["Fiend Fire","Thunderclap+1","Warcry"],"picked":"Singing Bowl","floor":45},{"not_picked":["Feed","Fiend Fire","Cleave"],"picked":"Singing Bowl","floor":47}],"player_experience":109114,"potions_floor_usage":[7,23,23,25,29,31],"damage_taken":[{"damage":2,"enemies":"2 Louse","floor":1,"turns":3},{"damage":1,"enemies":"Cultist","floor":2,"turns":3},{"damage":7,"enemies":"Small Slimes","floor":4,"turns":4},{"damage":24,"enemies":"Gremlin Nob","floor":7,"turns":4},{"damage":25,"enemies":"3 Sentries","floor":10,"turns":8},{"damage":24,"enemies":"Gremlin Nob","floor":12,"turns":4},{"damage":28,"enemies":"Slime Boss","floor":16,"turns":9},{"damage":7,"enemies":"3 Byrds","floor":18,"turns":6},{"damage":8,"enemies":"Chosen","floor":22,"turns":4},{"damage":35,"enemies":"Book of Stabbing","floor":23,"turns":4},{"damage":24,"enemies":"Slavers","floor":25,"turns":7},{"damage":3,"enemies":"Snecko","floor":27,"turns":3},{"damage":8,"enemies":"Gremlin Leader","floor":29,"turns":6},{"damage":7,"enemies":"Centurion and Healer","floor":31,"turns":3},{"damage":37,"enemies":"Automaton","floor":33,"turns":5},{"damage":50,"enemies":"3 Shapes","floor":35,"turns":3},{"damage":7,"enemies":"Orb Walker","floor":39,"turns":2},{"damage":14,"enemies":"2 Orb Walkers","floor":40,"turns":3},{"damage":58,"enemies":"Giant Head","floor":42,"turns":6},{"damage":48,"enemies":"Nemesis","floor":44,"turns":5},{"damage":49,"floor":45,"turns":3},{"damage":41,"enemies":"2 Orb Walkers","floor":47,"turns":3},{"damage":91,"enemies":"Awakened One","floor":50,"turns":7}],"relics_obtained":[{"floor":7,"key":"Happy Flower"},{"floor":9,"key":"Juzu Bracelet"},{"floor":10,"key":"Regal Pillow"},{"floor":12,"key":"Red Skull"},{"floor":23,"key":"Girya"},{"floor":25,"key":"Centennial Puzzle"},{"floor":26,"key":"Bottled Flame"},{"floor":29,"key":"Ginger"},{"floor":38,"key":"Vajra"},{"floor":40,"key":"Art of War"},{"floor":42,"key":"Singing Bowl"},{"floor":43,"key":"Champion Belt"},{"floor":44,"key":"The Courier"},{"floor":45,"key":"Magic Flower"},{"floor":47,"key":"Boot"}],"event_choices":[{"event_name":"Big Fish","player_choice":"Donut","floor":3,"damage_taken":0},{"event_name":"World of Goop","player_choice":"Gather Gold","floor":5,"damage_taken":0},{"event_name":"The Cleric","player_choice":"Card Removal","floor":8,"damage_taken":0},{"event_name":"Liars Game","player_choice":"disagreed","floor":11,"damage_taken":0},{"event_name":"The Lab","player_choice":"Got Potions","floor":14,"damage_taken":0},{"event_name":"Nest","player_choice":"Joined the Cult","floor":19,"damage_taken":0},{"event_name":"N\u0027loth","player_choice":"Traded a Red Skull","floor":20,"damage_taken":0},{"event_name":"Drug Dealer","player_choice":"Got JAXXED","floor":21,"damage_taken":0},{"event_name":"Tomb of Lord Red Mask","player_choice":"Paid","floor":36,"damage_taken":0},{"event_name":"SensoryStone","player_choice":"Memory 1","floor":37,"damage_taken":0},{"event_name":"Winding Halls","player_choice":"Writhe","floor":41,"damage_taken":0},{"event_name":"Mysterious Sphere","player_choice":"Fight","floor":45,"damage_taken":0},{"event_name":"MindBloom","player_choice":"Heal","floor":46,"damage_taken":0}],"boss_relics":[{"not_picked":["White Beast Statue","Runic Cube"],"picked":"Ectoplasm"},{"not_picked":["Snecko Eye","Busted Crown"],"picked":"Sozu"}],"items_purged_floors":[],"potions_floor_spawned":[4,16,22,23,27,29,39,44],"seed_played":"5569766090209071033","ascension_level":3,"potions_obtained":[{"floor":4,"key":"Fire Potion"},{"floor":14,"key":"Fire Potion"},{"floor":14,"key":"Weak Potion"},{"floor":14,"key":"GamblersBrew"},{"floor":22,"key":"AttackPotion"},{"floor":23,"key":"SneckoOil"},{"floor":27,"key":"AttackPotion"},{"floor":29,"key":"Block Potion"}],"is_trial":false}