{"gold_per_floor":[215,233,251,426,90,117,129,156,180,213,213,233,233,308,308,407,407,419,42,53,53,53,53,80,80,106,106,106,140,150,184,184,280,280,293,293,310,310,56,87,97,129,202,216,227,257,274,72,72,72,72,72,22,57,57],"floor_reached":55,"playtime":2924,"items_purged":["Strike_R","Doubt","Parasite"],"score":976,"play_id":"3937fb1e-c51d-44e9-a9e9-3d2aa5bbdad2","local_time":"20190430220945","is_ascension_mode":true,"campfire_choices":[{"data":"Flex","floor":15.0,"key":"SMITH"},{"data":"Metallicize","floor":23.0,"key":"SMITH"},{"floor":25.0,"key":"RECALL"},{"data":"Pommel Strike","floor":27.0,"key":"SMITH"},{"data":"Heavy Blade","floor":32.0,"key":"SMITH"},{"data":"Iron Wave","floor":49,"key":"SMITH"},{"data":"Disarm","floor":52,"key":"SMITH"}],"neow_cost":"NONE","seed_source_timestamp":0,"circlet_count":0,"master_deck":["Strike_R","Strike_R","Strike_R","Defend_R","Defend_R","Defend_R","Defend_R","Metallicize+1","Flex+1","Disarm+1","Inflame+1","Reaper","Flex+1","Pommel Strike+1","Spot Weakness+1","Iron Wave+1","Armaments+1","Battle Trance+1","Juggernaut+1","Metallicize+1","Fire Breathing+1","Heavy Blade+1","Barricade+1","Shrug It Off+1","Impervious+1","Inflame+1","Body Slam+1","Rage+1","Impervious+1"],"special_seed":0,"relics":["Burning Blood","Question Card","Toxic Egg 2","Anchor","Pen Nib","Bag of Preparation","Odd Mushroom","Sozu","Frozen Egg 2","GremlinMask","Mummified Hand","Bag of Marbles","Mercury Hourglass","Strawberry","Philosopher\u0027s Stone","Matryoshka","Shuriken","Paper Frog","PreservedInsect","Smiling Mask","Blood Vial"],"potions_floor_usage":[55],"damage_taken":[{"damage":1.0,"enemies":"Cultist","floor":1.0,"turns":4.0},{"damage":0.0,"enemies":"Small Slimes","floor":2.0,"turns":3.0},{"damage":2.0,"enemies":"2 Louse","floor":3.0,"turns":5.0},{"damage":34.0,"enemies":"Gremlin Nob","floor":6.0,"turns":7.0},{"damage":16.0,"enemies":"Blue Slaver","floor":7.0,"turns":6.0},{"damage":14.0,"enemies":"Lagavulin","floor":8.0,"turns":9.0},{"damage":33.0,"enemies":"3 Sentries","floor":10.0,"turns":14.0},{"damage":28.0,"enemies":"The Mushroom Lair","floor":12.0,"turns":5.0},{"damage":25.0,"enemies":"Hexaghost","floor":16.0,"turns":13.0},{"damage":0.0,"enemies":"Shell Parasite","floor":18.0,"turns":4.0},{"damage":5.0,"enemies":"Chosen","floor":20.0,"turns":5.0},{"damage":37.0,"enemies":"Slavers","floor":24.0,"turns":7.0},{"damage":7.0,"enemies":"Gremlin Leader","floor":29.0,"turns":4.0},{"damage":10.0,"enemies":"3 Cultists","floor":30.0,"turns":5.0},{"damage":14.0,"enemies":"Book of Stabbing","floor":31.0,"turns":5.0},{"damage":21.0,"enemies":"Automaton","floor":33.0,"turns":8.0},{"damage":3,"enemies":"3 Shapes","floor":35,"turns":6},{"damage":0,"enemies":"Orb Walker","floor":37,"turns":2},{"damage":14,"enemies":"Reptomancer","floor":40,"turns":5},{"damage":0,"enemies":"Jaw Worm Horde","floor":41,"turns":4},{"damage":0,"enemies":"Nemesis","floor":42,"turns":7},{"damage":0,"enemies":"Spire Growth","floor":44,"turns":4},{"damage":2,"enemies":"Sphere and 2 Shapes","floor":45,"turns":4},{"damage":0,"enemies":"Reptomancer","floor":46,"turns":5},{"damage":12,"enemies":"Writhing Mass","floor":47,"turns":5},{"damage":0,"enemies":"Time Eater","floor":50,"turns":9},{"damage":13,"enemies":"Shield and Spear","floor":54,"turns":4},{"damage":118,"enemies":"The Heart","floor":55,"turns":11}],"seed_played":"6664086614518245219","potions_obtained":[{"floor":1.0,"key":"Fruit Juice"},{"floor":3.0,"key":"BloodPotion"},{"floor":6.0,"key":"PowerPotion"},{"floor":16.0,"key":"BloodPotion"}],"is_trial":false,"path_per_floor":["M","M","M","?","$","E","M","E","T","E","?","?","?","?","R","B",null,"M","$","M","?","$","R","E","R","T","R","?","E","M","E","R","B",null,"M","?","M","?","$","E","M","E","T","M","M","E","M","$","R","B",null,"R","$","E","B"],"character_chosen":"IRONCLAD","items_purchased":["Question Card","Inflame","Frozen Egg 2","Armaments+1","Matryoshka","Impervious+1"],"campfire_rested":0,"item_purchase_floors":[5,5,19,19,39,48],"current_hp_per_floor":[80,80,80,80,80,57,53,54,54,45,38,40,40,29,29,18,85,85,85,85,85,85,85,81,81,81,81,81,85,81,84,84,84,92,92,92,92,92,92,84,92,92,92,92,92,92,92,92,92,92,92,92,89,89,0],"gold":57,"neow_bonus":"HUNDRED_GOLD","is_prod":false,"is_daily":false,"chose_seed":false,"campfire_upgraded":6,"win_rate":0,"timestamp":1556626185,"path_taken":["M","M","M","?","$","E","M","E","T","E","?","?","?","?","R","BOSS","M","$","M","?","?","R","E","R","T","R","?","E","M","E","R","BOSS","M","?","?","?","$","E","M","E","T","M","M","E","?","$","R","BOSS","R","$","E","BOSS"],"build_version":"2019-01-23","purchased_purges":3,"victory":false,"max_hp_per_floor":[80,80,80,80,80,85,85,85,85,85,85,85,85,85,85,85,85,85,85,85,85,85,85,85,85,85,85,85,85,85,92,92,92,92,92,92,92,92,92,92,92,92,92,92,92,92,92,92,92,92,92,92,89,89,89],"card_choices":[{"not_picked":["Sword Boomerang","Combust"],"picked":"Metallicize","floor":1.0},{"not_picked":["Wild Strike","Shrug It Off"],"picked":"Flex","floor":2.0},{"not_picked":["Clothesline","Power Through"],"picked":"Disarm","floor":3.0},{"not_picked":["Perfected Strike","Havoc","Clash"],"picked":"Reaper","floor":6.0},{"not_picked":["Pommel Strike","Corruption","Heavy Blade"],"picked":"Flex+1","floor":7.0},{"not_picked":["Bludgeon","Burning Pact+1","Clash"],"picked":"Pommel Strike","floor":8.0},{"not_picked":["Flame Barrier+1","Cleave","Thunderclap","Perfected Strike"],"picked":"SKIP","floor":10.0},{"not_picked":["Evolve","Shrug It Off+1","Body Slam"],"picked":"Spot Weakness+1","floor":12.0},{"not_picked":["Pommel Strike+1","Warcry+1","True Grit+1"],"picked":"Iron Wave","floor":18.0},{"not_picked":["Warcry+1","Rampage","Disarm+1"],"picked":"Battle Trance+1","floor":20.0},{"not_picked":["Anger","Rage+1","Carnage+1"],"picked":"Juggernaut+1","floor":24.0},{"not_picked":["Armaments+1","Headbutt","Flex+1"],"picked":"Fire Breathing+1","floor":29.0},{"not_picked":["Second Wind+1","Headbutt","Sever Soul","Evolve+1"],"picked":"SKIP","floor":30.0},{"not_picked":["Entrench+1","Cleave+1","Juggernaut+1"],"picked":"Heavy Blade","floor":31.0},{"not_picked":["Feed","Brutality+1","Dark Embrace+1"],"picked":"Barricade+1","floor":33.0},{"not_picked":["Armaments+1","Anger+1","Bloodletting+1"],"picked":"Shrug It Off+1","floor":35},{"not_picked":["Twin Strike","Headbutt","Shrug It Off+1","Havoc+1"],"picked":"SKIP","floor":37},{"not_picked":["Thunderclap","Battle Trance+1","Armaments+1"],"picked":"Impervious+1","floor":40},{"not_picked":["Searing Blow+1","Clash","Sentinel+1","Warcry+1"],"picked":"SKIP","floor":41},{"not_picked":["Flex+1","Iron Wave","Berserk+1"],"picked":"Inflame+1","floor":42},{"not_picked":["Headbutt+1","Warcry+1","Havoc+1"],"picked":"Body Slam+1","floor":44},{"not_picked":["Perfected Strike","Havoc+1","Barricade+1"],"picked":"Rage+1","floor":45},{"not_picked":["Sword Boomerang","Dual Wield+1","Dropkick+1","Rampage"],"picked":"SKIP","floor":46},{"not_picked":["Dual Wield+1","Cleave+1","Body Slam+1","Seeing Red+1"],"picked":"SKIP","floor":47},{"not_picked":["Offering+1","Cleave","Hemokinesis+1","Combust+1"],"picked":"SKIP","floor":54}],"player_experience":143061,"relics_obtained":[{"floor":6.0,"key":"Toxic Egg 2"},{"floor":8.0,"key":"Anchor"},{"floor":9.0,"key":"Pen Nib"},{"floor":10.0,"key":"Bag of Preparation"},{"floor":12.0,"key":"Odd Mushroom"},{"floor":24.0,"key":"Mummified Hand"},{"floor":26.0,"key":"Bag of Marbles"},{"floor":29.0,"key":"Mercury Hourglass"},{"floor":31.0,"key":"Strawberry"},{"floor":40,"key":"Shuriken"},{"floor":42,"key":"Paper Frog"},{"floor":43,"key":"PreservedInsect"},{"floor":46,"key":"Smiling Mask"},{"floor":54,"key":"Blood Vial"}],"event_choices":[{"damage_healed":0.0,"max_hp_gain":0.0,"max_hp_loss":0.0,"gold_gain":175.0,"event_name":"Liars Game","player_choice":"AGREE","floor":4.0,"gold_loss":0.0,"damage_taken":0.0,"cards_obtained":["Doubt"]},{"cards_removed":["Strike_R"],"damage_healed":0.0,"max_hp_gain":0.0,"max_hp_loss":0.0,"gold_gain":0.0,"event_name":"Golden Wing","player_choice":"Card Removal","floor":11.0,"gold_loss":0.0,"damage_taken":7.0},{"damage_healed":0.0,"max_hp_gain":0.0,"max_hp_loss":0.0,"gold_gain":0.0,"event_name":"Mushrooms","player_choice":"Fought Mushrooms","floor":12.0,"gold_loss":0.0,"damage_taken":0.0},{"damage_healed":0.0,"max_hp_gain":0.0,"max_hp_loss":0.0,"gold_gain":0.0,"event_name":"Living Wall","player_choice":"Grow","floor":13.0,"gold_loss":0.0,"damage_taken":0.0,"cards_upgraded":["Inflame"]},{"damage_healed":0.0,"max_hp_gain":0.0,"max_hp_loss":0.0,"gold_gain":75.0,"event_name":"World of Goop","player_choice":"Gather Gold","floor":14.0,"gold_loss":0.0,"damage_taken":11.0},{"damage_healed":0.0,"max_hp_gain":0.0,"max_hp_loss":0.0,"gold_gain":0.0,"event_name":"FaceTrader","player_choice":"Trade","floor":21.0,"gold_loss":0.0,"damage_taken":0.0,"relics_obtained":["GremlinMask"]},{"damage_healed":0.0,"max_hp_gain":0.0,"max_hp_loss":0.0,"gold_gain":0.0,"event_name":"The Library","player_choice":"Read","floor":28.0,"gold_loss":0.0,"damage_taken":0.0,"cards_obtained":["Metallicize"]},{"cards_removed":["Bash"],"damage_healed":0,"gold_gain":0,"player_choice":"Offered Basic","damage_taken":0,"max_hp_gain":0,"max_hp_loss":0,"event_name":"Bonfire Elementals","floor":36,"gold_loss":0},{"damage_healed":0,"gold_gain":0,"player_choice":"Ignored","damage_taken":0,"max_hp_gain":0,"max_hp_loss":0,"event_name":"NoteForYourself","floor":38,"gold_loss":0}],"is_beta":false,"boss_relics":[{"not_picked":["Coffee Dripper","Astrolabe"],"picked":"Sozu"},{"not_picked":["Pandora\u0027s Box","Black Blood"],"picked":"Philosopher\u0027s Stone"}],"items_purged_floors":[19,48,53],"is_endless":false,"potions_floor_spawned":[1,3,6,16,18,20,33,37,40,41,47],"killed_by":"The Heart","ascension_level":1}