{"gold_per_floor":[109,122,122,140,157,157,183,183,209,209,226,244,26,39,39,39],"floor_reached":16,"playtime":483,"items_purged":[],"score":208,"play_id":"856fcc9d-a280-462b-a61d-f156c2b4784a","local_time":"20190403233938","is_ascension_mode":true,"campfire_choices":[{"data":"Skewer","floor":6,"key":"SMITH"},{"floor":10,"key":"REST"},{"floor":15,"key":"REST"}],"neow_cost":"NONE","seed_source_timestamp":527618489977440,"circlet_count":0,"master_deck":["AscendersBane","Defend_G","Defend_G","Defend_G","Defend_G","Defend_G","Strike_G","Strike_G","Strike_G","Survivor","Neutralize","Footwork","Poisoned Stab","Bouncing Flask","Skewer+1","Poisoned Stab","Prepared","Glass Knife"],"relics":["Ring of the Snake","NeowsBlessing","Lantern","Centennial Puzzle","PrismaticShard"],"potions_floor_usage":[7,12,16,16],"damage_taken":[{"damage":0,"enemies":"Cultist","floor":1,"turns":1},{"damage":0,"enemies":"Small Slimes","floor":2,"turns":1},{"damage":0,"enemies":"2 Louse","floor":4,"turns":1},{"damage":10,"enemies":"Large Slime","floor":5,"turns":7},{"damage":53,"enemies":"Lagavulin","floor":7,"turns":6},{"damage":1,"enemies":"2 Fungi Beasts","floor":11,"turns":3},{"damage":7,"enemies":"Exordium Wildlife","floor":12,"turns":2},{"damage":0,"enemies":"3 Louse","floor":14,"turns":2},{"damage":37,"enemies":"Slime Boss","floor":16,"turns":6}],"seed_played":"-2556064439632275384","potions_obtained":[{"floor":4,"key":"Regen Potion"},{"floor":7,"key":"Energy Potion"},{"floor":11,"key":"SteroidPotion"},{"floor":14,"key":"FearPotion"}],"is_trial":false,"path_per_floor":["M","M","?","M","M","R","E","?","T","R","M","M","$","M","R","B"],"character_chosen":"THE_SILENT","items_purchased":["PrismaticShard"],"campfire_rested":2,"item_purchase_floors":[13],"current_hp_per_floor":[59,59,52,52,42,42,4,4,4,23,22,15,15,15,34,0],"gold":39,"neow_bonus":"THREE_ENEMY_KILL","is_prod":false,"is_daily":false,"chose_seed":false,"campfire_upgraded":1,"win_rate":0,"timestamp":1554356378,"path_taken":["M","M","?","M","M","R","E","?","T","R","M","M","$","?","R","BOSS"],"build_version":"2019-01-23","purchased_purges":0,"victory":false,"max_hp_per_floor":[66,66,66,66,66,66,66,66,66,66,66,66,66,66,66,66],"card_choices":[{"not_picked":["Outmaneuver","Bane"],"picked":"Footwork","floor":1},{"not_picked":["Bane","Cloak And Dagger"],"picked":"Poisoned Stab","floor":2},{"not_picked":["Backflip","Dagger Spray"],"picked":"Bouncing Flask","floor":4},{"not_picked":["Cloak And Dagger","Eviscerate"],"picked":"Skewer","floor":5},{"not_picked":["Reflex","Deadly Poison"],"picked":"Poisoned Stab","floor":7},{"not_picked":["Flying Knee","Underhanded Strike"],"picked":"Glass Knife","floor":11},{"not_picked":["Predator","Bane","Poisoned Stab"],"picked":"SKIP","floor":12},{"not_picked":["Sentinel","Storm","Stack"],"picked":"SKIP","floor":14}],"player_experience":432541,"relics_obtained":[{"floor":7,"key":"Lantern"},{"floor":9,"key":"Centennial Puzzle"}],"event_choices":[{"cards_removed":["Strike_G"],"damage_healed":0,"gold_gain":0,"player_choice":"Card Removal","damage_taken":7,"max_hp_gain":0,"max_hp_loss":0,"event_name":"Golden Wing","floor":3,"gold_loss":0},{"damage_healed":0,"gold_gain":0,"cards_transformed":["Strike_G"],"player_choice":"Transformed","damage_taken":0,"max_hp_gain":0,"max_hp_loss":0,"event_name":"Transmorgrifier","floor":8,"gold_loss":0,"cards_obtained":["Prepared"]}],"is_beta":false,"boss_relics":[],"items_purged_floors":[],"is_endless":false,"potions_floor_spawned":[4,7,11,14],"killed_by":"Slime Boss","ascension_level":20}