{"gold_per_floor":[110,110,123,141,69,103,103,131,131,131,151,151,151,162,162,260,260,274,294,8,21,36,36,36,36,36,49,59,59,71,85,85,183,183,195,205,54,0,0,0,0,10,10,10,26,36,49,67,67,67],"floor_reached":50,"playtime":2595,"items_purged":[],"score":508,"play_id":"41d73f11-8a60-46b6-9c60-cac788ca785b","local_time":"20180822224749","is_ascension_mode":true,"campfire_choices":[{"data":"White Noise","floor":7,"key":"SMITH"},{"floor":15,"key":"REST"},{"floor":23,"key":"REST"},{"data":"Seek","floor":25,"key":"SMITH"},{"floor":29,"key":"REST"},{"floor":32,"key":"REST"},{"data":"Amplify","floor":40,"key":"SMITH"},{"data":"Echo Form","floor":49,"key":"SMITH"}],"neow_cost":"","seed_source_timestamp":37941649865224,"circlet_count":0,"master_deck":["Defend_B","Defend_B","Defend_B+1","Zap","Dualcast","Leap","Sweeping Beam","FTL","White Noise+1","Skim","Cold Snap+1","Aggregate","Seek+1","Double Energy","Static Discharge+1","Sunder+1","White Noise+1","Rebound+1","Defragment","Defragment","Hologram+1","Coolheaded+1","Amplify+1","Gash+1","Cold Snap+1","Double Energy+1","Consume+1","Madness","Madness","Bandage Up","Self Repair","Reprogram+1","Go for the Eyes+1","Streamline+1","Echo Form+1"],"relics":["Cracked Core","Letter Opener","Kunai","Smiling Mask","Boot","Sozu","Symbiotic Virus","StoneCalendar","Astrolabe","Whetstone","Red Mask","Molten Egg 2"],"potions_floor_usage":[6,33],"damage_taken":[{"damage":1,"enemies":"Jaw Worm","floor":1,"turns":3},{"damage":0,"enemies":"2 Louse","floor":3,"turns":3},{"damage":1,"enemies":"Cultist","floor":4,"turns":3},{"damage":9,"enemies":"3 Sentries","floor":6,"turns":7},{"damage":23,"enemies":"Lagavulin","floor":8,"turns":6},{"damage":0,"enemies":"Large Slime","floor":11,"turns":5},{"damage":10,"enemies":"Exordium Thugs","floor":14,"turns":4},{"damage":16,"enemies":"The Guardian","floor":16,"turns":14},{"damage":0,"enemies":"Chosen","floor":18,"turns":4},{"damage":8,"enemies":"Shell Parasite","floor":19,"turns":6},{"damage":28,"enemies":"Cultist and Chosen","floor":21,"turns":5},{"damage":20,"enemies":"Snecko","floor":22,"turns":3},{"damage":14,"enemies":"Snake Plant","floor":27,"turns":2},{"damage":11,"enemies":"Chosen and Byrds","floor":28,"turns":5},{"damage":12,"enemies":"Centurion and Healer","floor":30,"turns":3},{"damage":18,"enemies":"Shelled Parasite and Fungi","floor":31,"turns":5},{"damage":24,"enemies":"Collector","floor":33,"turns":8},{"damage":9,"enemies":"Flame Bruiser 1 Orb","floor":35,"turns":5},{"damage":2,"enemies":"3 Shapes","floor":36,"turns":4},{"damage":3,"enemies":"Flame Bruiser 2 Orb","floor":42,"turns":4},{"damage":15,"enemies":"Spire Growth","floor":45,"turns":3},{"damage":6,"enemies":"4 Shapes","floor":46,"turns":5},{"damage":0,"enemies":"Flame Bruiser 2 Orb","floor":47,"turns":5},{"damage":34,"enemies":"Jaw Worm Horde","floor":48,"turns":5},{"damage":69,"enemies":"Awakened One","floor":50,"turns":3}],"seed_played":"8482259162094272113","potions_obtained":[{"floor":4,"key":"Block Potion"},{"floor":16,"key":"PowerPotion"}],"is_trial":false,"path_per_floor":["M","?","M","M","$","E","R","E","T","?","M","$","$","M","R","B",null,"M","M","$","M","M","R","?","R","T","M","M","R","M","M","R","B",null,"M","M","$","?","?","R","?","M","T","?","M","M","M","M","R"],"character_chosen":"DEFECT","items_purchased":["White Noise","Symbiotic Virus","Sunder","Whetstone"],"campfire_rested":4,"item_purchase_floors":[5,20,20,37],"current_hp_per_floor":[74,59,59,58,58,49,49,33,33,21,21,21,21,11,33,17,75,75,67,67,39,26,48,48,48,48,34,30,52,40,22,44,20,75,66,64,64,64,55,55,55,56,56,56,62,67,75,52,52,0],"gold":67,"neow_bonus":"","is_prod":false,"is_daily":false,"chose_seed":false,"campfire_upgraded":4,"win_rate":0,"timestamp":1534942069,"path_taken":["M","?","M","M","$","E","R","E","T","?","M","?","$","M","R","BOSS","M","M","$","M","M","R","?","R","T","M","?","R","M","M","R","BOSS","M","M","$","?","?","R","?","M","T","?","M","M","M","M","R","BOSS"],"build_version":"2018-08-21","purchased_purges":0,"victory":false,"max_hp_per_floor":[75,75,75,75,75,75,75,75,75,75,75,75,75,75,75,75,75,75,75,75,75,75,75,75,75,75,75,75,75,75,75,75,75,75,75,75,75,75,75,75,75,75,75,75,75,75,75,75,75,75],"card_choices":[{"not_picked":["Hologram","Doom and Gloom"],"picked":"Leap","floor":1},{"not_picked":["Coolheaded","Redo"],"picked":"Sweeping Beam","floor":3},{"not_picked":["Skim","Go for the Eyes"],"picked":"FTL","floor":4},{"not_picked":["Lockon","Gash"],"picked":"Skim","floor":6},{"not_picked":["Stack","Ball Lightning"],"picked":"Cold Snap","floor":8},{"not_picked":["All For One","Force Field","Recycle"],"picked":"SKIP","floor":11},{"not_picked":["Go for the Eyes","Barrage"],"picked":"Aggregate","floor":14},{"not_picked":["Reboot","Meteor Strike"],"picked":"Seek","floor":16},{"not_picked":["Gash+1","Go for the Eyes"],"picked":"Double Energy","floor":18},{"not_picked":["Leap","Loop"],"picked":"Static Discharge+1","floor":19},{"not_picked":["Redo","Turbo+1"],"picked":"White Noise+1","floor":21},{"not_picked":["Undo+1","Streamline"],"picked":"Rebound+1","floor":22},{"not_picked":["Turbo+1","Cold Snap"],"picked":"Defragment","floor":27},{"not_picked":["Coolheaded","Lockon"],"picked":"Defragment","floor":28},{"not_picked":["Doom and Gloom","Redo+1"],"picked":"Hologram+1","floor":30},{"not_picked":["Gash","Turbo"],"picked":"Coolheaded+1","floor":31},{"not_picked":["Electrodynamics","Reboot"],"picked":"Amplify","floor":33},{"not_picked":["Barrage","Rebound"],"picked":"Consume+1","floor":35},{"not_picked":["Barrage+1","FTL+1","Ball Lightning"],"picked":"SKIP","floor":36},{"not_picked":["Good Instincts","Dark Shackles"],"picked":"Bandage Up","floor":41},{"not_picked":["Static Discharge","Streamline"],"picked":"Self Repair","floor":42},{"not_picked":["Steam+1","Barrage+1"],"picked":"Reprogram+1","floor":45},{"not_picked":["Turbo","Reprogram"],"picked":"Go for the Eyes+1","floor":46},{"not_picked":["Doom and Gloom+1","Turbo+1"],"picked":"Streamline+1","floor":47},{"not_picked":["Compile Driver+1","Blizzard+1"],"picked":"Echo Form","floor":48}],"player_experience":117382,"relics_obtained":[{"floor":6,"key":"Letter Opener"},{"floor":8,"key":"Kunai"},{"floor":9,"key":"Smiling Mask"},{"floor":26,"key":"StoneCalendar"},{"floor":43,"key":"Molten Egg 2"}],"event_choices":[{"event_name":"Shining Light","player_choice":"Entered Light","floor":2,"damage_taken":0},{"event_name":"Scrap Ooze","player_choice":"success","floor":10,"damage_taken":12},{"event_name":"Bonfire Elementals","player_choice":"BASIC","floor":24,"damage_taken":0},{"event_name":"Tomb of Lord Red Mask","player_choice":"Paid","floor":38,"damage_taken":0},{"event_name":"Winding Halls","player_choice":"Embrace Madness","floor":39,"damage_taken":0},{"event_name":"SensoryStone","player_choice":"Memory 1","floor":41,"damage_taken":0},{"event_name":"Falling","player_choice":"Removed Attack","floor":44,"damage_taken":0}],"is_beta":true,"boss_relics":[{"not_picked":["Empty Cage","White Beast Statue"],"picked":"Sozu"},{"not_picked":["Pandora\u0027s Box","Snecko Eye"],"picked":"Astrolabe"}],"items_purged_floors":[],"is_endless":false,"potions_floor_spawned":[4,16,22,27,31,35,46,47,48],"killed_by":"Awakened One","ascension_level":1}