{"gold_per_floor":[111,111,126,126,145,176,202,202,202,233,248,268,309,323,323,323],"floor_reached":16,"playtime":478,"items_purged":[],"score":128,"play_id":"08fb485e-5d48-41bb-b36e-8a01dcdc9005","local_time":"20190425210140","is_ascension_mode":true,"campfire_choices":[{"data":"Whirlwind","floor":8,"key":"SMITH"},{"data":"Rampage","floor":15,"key":"SMITH"}],"neow_cost":"NONE","seed_source_timestamp":0,"circlet_count":0,"master_deck":["Strike_R","Strike_R+1","Strike_R+1","Strike_R","Strike_R","Defend_R+1","Defend_R","Defend_R","Defend_R","Bash+1","Whirlwind+1","Thunderclap","Injury","Reaper+1","Searing Blow","Shrug It Off","Rampage+1"],"special_seed":0,"relics":["Burning Blood","Golden Idol","Smiling Mask","Whetstone","Magic Flower","Pen Nib"],"potions_floor_usage":[6,10,11,16],"damage_taken":[{"damage":5,"enemies":"Small Slimes","floor":1,"turns":5},{"damage":6,"enemies":"Jaw Worm","floor":3,"turns":3},{"damage":0,"enemies":"2 Louse","floor":5,"turns":2},{"damage":6,"enemies":"Gremlin Nob","floor":6,"turns":3},{"damage":31,"enemies":"Lagavulin","floor":10,"turns":6},{"damage":0,"enemies":"Gremlin Gang","floor":11,"turns":1},{"damage":22,"enemies":"Exordium Thugs","floor":12,"turns":3},{"damage":36,"enemies":"Gremlin Nob","floor":13,"turns":5},{"damage":12,"enemies":"Looter","floor":14,"turns":3},{"damage":64,"enemies":"The Guardian","floor":16,"turns":11}],"seed_played":"-1591958793424639513","potions_obtained":[{"floor":1,"key":"Poison Potion"},{"floor":3,"key":"Explosive Potion"},{"floor":6,"key":"Fire Potion"},{"floor":13,"key":"AttackPotion"}],"is_trial":false,"path_per_floor":["M","?","M","?","M","E","T","R","T","E","M","M","E","M","R","B"],"character_chosen":"IRONCLAD","items_purchased":[],"campfire_rested":0,"item_purchase_floors":[],"current_hp_per_floor":[80,64,64,64,70,70,70,70,70,52,80,67,51,56,56,0],"gold":323,"neow_bonus":"UPGRADE_CARD","is_prod":false,"is_daily":false,"chose_seed":false,"campfire_upgraded":2,"win_rate":0,"timestamp":1556190100,"path_taken":["M","?","M","?","M","E","?","R","T","E","M","M","E","M","R","BOSS"],"build_version":"2019-01-23","purchased_purges":0,"victory":false,"max_hp_per_floor":[80,80,80,80,80,80,80,80,80,80,80,80,80,80,80,80],"card_choices":[{"not_picked":["Metallicize","Power Through"],"picked":"Whirlwind","floor":1},{"not_picked":["Evolve","Heavy Blade"],"picked":"Thunderclap","floor":3},{"not_picked":["Sever Soul","Power Through","Heavy Blade"],"picked":"SKIP","floor":5},{"not_picked":["Cleave","Thunderclap"],"picked":"Reaper","floor":6},{"not_picked":["Seeing Red","Combust"],"picked":"Searing Blow","floor":10},{"not_picked":["Perfected Strike","Anger","Sword Boomerang"],"picked":"SKIP","floor":11},{"not_picked":["True Grit","Clash"],"picked":"Shrug It Off","floor":12},{"not_picked":["Anger","Wild Strike","Shrug It Off"],"picked":"SKIP","floor":13},{"not_picked":["Carnage","Barricade"],"picked":"Rampage","floor":14}],"player_experience":135301,"relics_obtained":[{"floor":6,"key":"Smiling Mask"},{"floor":7,"key":"Whetstone"},{"floor":10,"key":"Magic Flower"},{"floor":13,"key":"Pen Nib"}],"event_choices":[{"damage_healed":0,"gold_gain":0,"player_choice":"Entered Light","damage_taken":16,"max_hp_gain":0,"max_hp_loss":0,"event_name":"Shining Light","floor":2,"gold_loss":0,"cards_upgraded":["Strike_R","Defend_R"]},{"damage_healed":0,"gold_gain":0,"player_choice":"Take Wound","damage_taken":0,"relics_obtained":["Golden Idol"],"max_hp_gain":0,"max_hp_loss":0,"event_name":"Golden Idol","floor":4,"gold_loss":0,"cards_obtained":["Injury"]}],"is_beta":false,"boss_relics":[],"items_purged_floors":[],"is_endless":false,"potions_floor_spawned":[1,3,6,13],"killed_by":"The Guardian","ascension_level":1}