{"gold_per_floor":[114,134,152,152,168,200,200,214,267,293,306,331,354,382,394,511,523,550,562,591,613,635,647,672,684,696,708,734,761,773,795,807,918,930,957,823,837,765,779,779,779,779,779,792,805,805,817,834,834,834,834,834,220,220],"floor_reached":54,"playtime":3728,"items_purged":["Strike_B","Strike_B"],"score":671,"play_id":"fab2c4a6-3ea6-4ae0-b455-7f13c4e46e74","local_time":"20181121204516","is_ascension_mode":false,"campfire_choices":[{"data":"White Noise","floor":7,"key":"SMITH"},{"data":"Chill","floor":15,"key":"SMITH"},{"data":"Chaos","floor":23,"key":"SMITH"},{"floor":25,"key":"RECALL"},{"floor":30,"key":"REST"},{"data":"Conserve Battery","floor":32,"key":"SMITH"},{"floor":40,"key":"REST"},{"data":"Tempest","floor":42,"key":"SMITH"},{"data":"Dualcast","floor":46,"key":"SMITH"},{"floor":49,"key":"REST"},{"data":"Rainbow","floor":52,"key":"SMITH"}],"neow_cost":"NONE","seed_source_timestamp":7084623219307,"circlet_count":0,"master_deck":["Strike_B","Defend_B","Defend_B","Defend_B","Defend_B","Zap","Dualcast+1","Chaos+1","White Noise+1","Cold Snap","Leap","Sweeping Beam","Conserve Battery+1","Chill+1","Tempest+1","Redo+1","Barrage","Rainbow+1","White Noise+1","Compile Driver+1","Redo+1","Go for the Eyes+1","Ball Lightning","Echo Form+1","Defragment+1","White Noise+1","Capacitor+1","Chaos+1","Stack+1","Scrape+1","Hologram+1","Storm+1"],"relics":["FrozenCore","NeowsBlessing","Frozen Egg 2","Meat on the Bone","MawBank","Emotion Chip","Sozu","Smiling Mask","Vajra","PreservedInsect","TheAbacus"],"potions_floor_usage":[6,6,10,12,28,28,33,33],"damage_taken":[{"damage":0,"enemies":"Small Slimes","floor":1,"turns":1},{"damage":0,"enemies":"2 Louse","floor":2,"turns":1},{"damage":0,"enemies":"Cultist","floor":3,"turns":1},{"damage":15,"enemies":"Exordium Thugs","floor":5,"turns":7},{"damage":14,"enemies":"Gremlin Nob","floor":6,"turns":4},{"damage":7,"enemies":"Exordium Wildlife","floor":8,"turns":6},{"damage":4,"enemies":"3 Sentries","floor":10,"turns":9},{"damage":0,"enemies":"Lots of Slimes","floor":11,"turns":5},{"damage":4,"enemies":"Gremlin Nob","floor":12,"turns":4},{"damage":0,"enemies":"3 Louse","floor":13,"turns":3},{"damage":0,"enemies":"Gremlin Gang","floor":14,"turns":3},{"damage":33,"enemies":"Hexaghost","floor":16,"turns":11},{"damage":16,"enemies":"Shell Parasite","floor":18,"turns":5},{"damage":13,"enemies":"2 Thieves","floor":20,"turns":3},{"damage":24,"enemies":"Shelled Parasite and Fungi","floor":21,"turns":7},{"damage":11,"enemies":"Snake Plant","floor":22,"turns":4},{"damage":25,"enemies":"Cultist and Chosen","floor":24,"turns":6},{"damage":14,"enemies":"3 Cultists","floor":28,"turns":4},{"damage":10,"enemies":"Snake Plant","floor":29,"turns":4},{"damage":16,"enemies":"Sentry and Sphere","floor":31,"turns":5},{"damage":22,"enemies":"Collector","floor":33,"turns":10},{"damage":33,"enemies":"3 Shapes","floor":35,"turns":3},{"damage":27,"enemies":"3 Darklings","floor":37,"turns":5},{"damage":19,"enemies":"Maw","floor":39,"turns":7},{"damage":13,"enemies":"Transient","floor":44,"turns":5},{"damage":0,"enemies":"3 Darklings","floor":45,"turns":4},{"damage":19,"enemies":"Sphere and 2 Shapes","floor":47,"turns":4},{"damage":3,"enemies":"Transient","floor":48,"turns":5},{"damage":41,"enemies":"Donu and Deca","floor":50,"turns":10},{"damage":82,"enemies":"Shield and Spear","floor":54,"turns":5}],"seed_played":"8088284911898507580","potions_obtained":[{"floor":1,"key":"Swift Potion"},{"floor":2,"key":"Fire Potion"},{"floor":5,"key":"GamblersBrew"},{"floor":8,"key":"Block Potion"},{"floor":13,"key":"FearPotion"},{"floor":16,"key":"Explosive Potion"},{"floor":20,"key":"FocusPotion"},{"floor":21,"key":"EssenceOfSteel"},{"floor":31,"key":"Explosive Potion"}],"is_trial":false,"path_per_floor":["M","M","M","?","M","E","R","M","T","E","M","E","M","M","R","B",null,"M","?","M","M","M","R","M","R","T","?","M","M","R","M","R","B",null,"M","$","M","$","M","R","?","R","T","M","M","R","M","M","R","B",null,"R","$","E"],"character_chosen":"DEFECT","items_purchased":["Defragment+1","Capacitor+1","Vajra","PreservedInsect","Storm+1","TheAbacus"],"campfire_rested":3,"item_purchase_floors":[36,38,53,53,53,53],"current_hp_per_floor":[75,75,75,80,65,51,51,44,44,40,52,48,48,48,48,27,80,64,64,51,39,40,40,27,27,27,27,25,27,51,47,47,37,80,47,47,32,32,25,49,49,49,49,48,48,48,41,50,74,45,80,80,80,0],"gold":220,"neow_bonus":"THREE_ENEMY_KILL","is_prod":false,"is_daily":false,"chose_seed":false,"campfire_upgraded":7,"win_rate":0,"timestamp":1542793516,"path_taken":["M","M","M","?","M","E","R","M","T","E","M","E","M","M","R","BOSS","M","?","M","M","M","R","M","R","T","?","M","M","R","M","R","BOSS","M","$","M","$","?","R","?","R","T","M","M","R","M","M","R","BOSS","R","$","E"],"build_version":"2018-11-15","purchased_purges":2,"victory":false,"max_hp_per_floor":[75,75,75,80,80,80,80,80,80,80,80,80,80,80,80,80,80,80,80,80,80,80,80,80,80,80,80,80,80,80,80,80,80,80,80,80,80,80,80,80,80,80,80,80,80,80,80,80,80,80,80,80,80,80],"card_choices":[{"not_picked":["Scrape","Reprogram"],"picked":"Chaos","floor":1},{"not_picked":["Storm","Go for the Eyes"],"picked":"White Noise","floor":2},{"not_picked":["Scrape","Leap"],"picked":"Cold Snap","floor":3},{"not_picked":["Sweeping Beam","Chaos"],"picked":"Leap","floor":5},{"not_picked":["Storm","Glacier"],"picked":"Sweeping Beam","floor":6},{"not_picked":["Chill","Recycle"],"picked":"Conserve Battery","floor":8},{"not_picked":["Ball Lightning","Fusion"],"picked":"Chill","floor":10},{"not_picked":["Beam Cell","Leap"],"picked":"Tempest","floor":11},{"not_picked":["Cold Snap","Darkness"],"picked":"Redo","floor":12},{"not_picked":["Beam Cell","Rebound"],"picked":"Barrage","floor":13},{"not_picked":["Turbo","Cold Snap","Chill"],"picked":"SKIP","floor":14},{"not_picked":["Core Surge","Meteor Strike"],"picked":"Rainbow","floor":16},{"not_picked":["FTL","Turbo+1"],"picked":"White Noise+1","floor":18},{"not_picked":["Coolheaded","Gash","Sweeping Beam"],"picked":"SKIP","floor":20},{"not_picked":["Genetic Algorithm","Barrage","Turbo"],"picked":"SKIP","floor":21},{"not_picked":["Skim","Darkness"],"picked":"Compile Driver+1","floor":22},{"not_picked":["Sweeping Beam","Turbo"],"picked":"Redo+1","floor":24},{"not_picked":["Streamline","Hologram"],"picked":"Go for the Eyes+1","floor":28},{"not_picked":["Gash","Redo"],"picked":"Ball Lightning","floor":29},{"not_picked":["Reprogram+1","Chill","Beam Cell"],"picked":"SKIP","floor":31},{"not_picked":["Hyperbeam","Meteor Strike"],"picked":"Echo Form+1","floor":33},{"not_picked":["Go for the Eyes+1","Leap","Darkness+1"],"picked":"SKIP","floor":35},{"not_picked":["Rebound","Barrage+1"],"picked":"White Noise+1","floor":37},{"not_picked":["Aggregate","Turbo"],"picked":"Chaos+1","floor":39},{"not_picked":["Barrage+1","Steam"],"picked":"Stack+1","floor":44},{"not_picked":["Turbo+1","Conserve Battery"],"picked":"Scrape+1","floor":45},{"not_picked":["Ball Lightning+1","Steam+1"],"picked":"Hologram+1","floor":47},{"not_picked":["Chaos","Hologram","Tempest"],"picked":"SKIP","floor":48}],"player_experience":211267,"relics_obtained":[{"floor":6,"key":"Frozen Egg 2"},{"floor":10,"key":"Meat on the Bone"},{"floor":12,"key":"MawBank"},{"floor":26,"key":"Emotion Chip"},{"floor":43,"key":"Smiling Mask"}],"event_choices":[{"damage_healed":0,"gold_gain":0,"player_choice":"Donut","damage_taken":0,"max_hp_gain":5,"max_hp_loss":0,"event_name":"Big Fish","floor":4,"gold_loss":0},{"damage_healed":0,"gold_gain":0,"player_choice":"Ignored","damage_taken":0,"max_hp_gain":0,"max_hp_loss":0,"event_name":"Vampires","floor":19,"gold_loss":0},{"damage_healed":0,"gold_gain":0,"player_choice":"Upgraded","damage_taken":0,"max_hp_gain":0,"max_hp_loss":0,"event_name":"Upgrade Shrine","floor":27,"gold_loss":0,"cards_upgraded":["Redo"]},{"cards_removed":["Strike_B"],"damage_healed":0,"gold_gain":0,"player_choice":"Card Removal","damage_taken":0,"max_hp_gain":0,"max_hp_loss":0,"event_name":"Wheel of Change","floor":41,"gold_loss":0}],"is_beta":true,"boss_relics":[{"not_picked":["Empty Cage","Snecko Eye"],"picked":"FrozenCore"},{"not_picked":["Calling Bell","Astrolabe"],"picked":"Sozu"}],"items_purged_floors":[36,53],"is_endless":false,"potions_floor_spawned":[1,2,5,8,13,16,20,21,31,44,45],"killed_by":"Shield and Spear","ascension_level":0}