{"gold_per_floor":[116,116,128,145,155,155,185,214,214,214,228,246,272,292,292,292],"floor_reached":16,"playtime":739,"items_purged":[],"score":130,"play_id":"b8a3f4ec-f59c-4934-85c9-751abaa018a8","local_time":"20190101155755","is_ascension_mode":true,"campfire_choices":[{"data":"Backstab","floor":6,"key":"SMITH"},{"data":"Footwork","floor":10,"key":"SMITH"},{"floor":15,"key":"REST"}],"neow_cost":"NONE","seed_source_timestamp":7956376550249,"circlet_count":0,"master_deck":["Defend_G","Defend_G","Defend_G","Defend_G","Strike_G","Strike_G","Strike_G","Strike_G","Survivor","Neutralize","Flying Knee","Masterful Stab","Dagger Spray","Backstab+1","Dagger Throw","Footwork+1","Malaise","Deflect","Distraction","Skewer"],"relics":["Empty Cage","WingedGreaves","Du-Vu Doll","Paper Crane","Dodecahedron"],"potions_floor_usage":[12,13,16,16],"damage_taken":[{"damage":1,"enemies":"Cultist","floor":1,"turns":5},{"damage":0,"enemies":"Jaw Worm","floor":3,"turns":5},{"damage":0,"enemies":"2 Louse","floor":4,"turns":3},{"damage":9,"enemies":"2 Fungi Beasts","floor":5,"turns":2},{"damage":14,"enemies":"3 Sentries","floor":7,"turns":7},{"damage":16,"enemies":"Lagavulin","floor":8,"turns":6},{"damage":6,"enemies":"Looter","floor":11,"turns":3},{"damage":0,"enemies":"3 Louse","floor":12,"turns":1},{"damage":21,"enemies":"Gremlin Nob","floor":13,"turns":5},{"damage":7,"enemies":"Blue Slaver","floor":14,"turns":2},{"damage":26,"enemies":"Hexaghost","floor":16,"turns":21}],"seed_played":"-1464095780091063669","potions_obtained":[{"floor":3,"key":"Ancient Potion"},{"floor":4,"key":"LiquidBronze"},{"floor":11,"key":"Explosive Potion"},{"floor":12,"key":"Weak Potion"},{"floor":14,"key":"Block Potion"}],"is_trial":false,"path_per_floor":["M","?","M","M","M","R","E","E","T","R","M","M","E","M","R","B"],"character_chosen":"THE_SILENT","items_purchased":[],"campfire_rested":1,"item_purchase_floors":[],"current_hp_per_floor":[69,74,74,74,65,65,51,35,35,35,29,29,8,1,23,0],"gold":292,"neow_bonus":"BOSS_RELIC","is_prod":false,"is_daily":false,"chose_seed":false,"campfire_upgraded":2,"win_rate":0,"timestamp":1546318675,"path_taken":["M","?","M","M","M","R","E","E","T","R","M","M","E","M","R","BOSS"],"build_version":"2018-12-25","purchased_purges":0,"victory":false,"max_hp_per_floor":[70,75,75,75,75,75,75,75,75,75,75,75,75,75,75,75],"card_choices":[{"not_picked":["Outmaneuver","Deadly Poison"],"picked":"Flying Knee","floor":1},{"not_picked":["Acrobatics","Flying Knee"],"picked":"Masterful Stab","floor":3},{"not_picked":["All Out Attack","Outmaneuver"],"picked":"Dagger Spray","floor":4},{"not_picked":["Backflip","Deflect"],"picked":"Backstab","floor":5},{"not_picked":["Outmaneuver","Prepared"],"picked":"Dagger Throw","floor":7},{"not_picked":["Riddle With Holes","Acrobatics"],"picked":"Footwork","floor":8},{"not_picked":["Flying Knee","Cloak And Dagger"],"picked":"Malaise","floor":11},{"not_picked":["Dagger Throw","Sucker Punch"],"picked":"Deflect","floor":12},{"not_picked":["Tactician","Bane"],"picked":"Distraction","floor":13},{"not_picked":["Choke","PiercingWail"],"picked":"Skewer","floor":14}],"player_experience":222513,"relics_obtained":[{"floor":7,"key":"WingedGreaves"},{"floor":8,"key":"Du-Vu Doll"},{"floor":9,"key":"Paper Crane"},{"floor":13,"key":"Dodecahedron"}],"event_choices":[{"damage_healed":0,"gold_gain":0,"player_choice":"Donut","damage_taken":0,"max_hp_gain":5,"max_hp_loss":0,"event_name":"Big Fish","floor":2,"gold_loss":0}],"is_beta":true,"boss_relics":[],"items_purged_floors":[],"is_endless":false,"potions_floor_spawned":[3,4,11,12,14],"killed_by":"Hexaghost","ascension_level":1}