{"gold_per_floor":[116,128,147,159,159,159,178,194,217,217,217],"floor_reached":11,"playtime":355,"items_purged":[],"score":77,"play_id":"13c2ff07-e946-494d-9438-73da1a1a21a5","local_time":"20190604215628","is_ascension_mode":true,"campfire_choices":[{"data":"Machine Learning","floor":6,"key":"SMITH"},{"data":"Loop","floor":10,"key":"SMITH"}],"neow_cost":"NONE","seed_source_timestamp":354598851182618,"circlet_count":0,"master_deck":["Strike_B","Strike_B","Strike_B","Defend_B","Defend_B","Defend_B","Defend_B","Zap","Dualcast","Sweeping Beam","Loop+1","Machine Learning+1"],"relics":["Cracked Core","Bag of Marbles"],"potions_floor_usage":[],"damage_taken":[{"damage":7,"enemies":"Small Slimes","floor":1,"turns":3},{"damage":3,"enemies":"Jaw Worm","floor":2,"turns":4},{"damage":0,"enemies":"Cultist","floor":3,"turns":3},{"damage":12,"enemies":"Looter","floor":4,"turns":3},{"damage":7,"enemies":"3 Louse","floor":7,"turns":3},{"damage":0,"enemies":"Large Slime","floor":8,"turns":5},{"damage":40,"enemies":"3 Sentries","floor":11,"turns":6}],"seed_played":"-3212307103476747526","potions_obtained":[{"floor":2,"key":"Regen Potion"},{"floor":3,"key":"Fire Potion"},{"floor":8,"key":"FocusPotion"}],"is_trial":false,"path_per_floor":["M","M","M","M","?","R","M","M","T","R","E"],"character_chosen":"DEFECT","items_purchased":[],"campfire_rested":0,"item_purchase_floors":[],"current_hp_per_floor":[68,65,65,53,46,46,39,39,39,39,0],"gold":217,"neow_bonus":"RANDOM_COMMON_RELIC","is_prod":false,"is_daily":false,"chose_seed":false,"campfire_upgraded":2,"win_rate":0,"timestamp":1559706988,"path_taken":["M","M","M","M","?","R","M","M","T","R","E"],"build_version":"2019-01-23","purchased_purges":0,"victory":false,"max_hp_per_floor":[75,75,75,75,75,75,75,75,75,75,75],"card_choices":[{"not_picked":["Coolheaded","Static Discharge"],"picked":"Sweeping Beam","floor":1},{"not_picked":["Conserve Battery","Sweeping Beam"],"picked":"Loop","floor":2},{"not_picked":["Beam Cell","Reinforced Body"],"picked":"Machine Learning","floor":3},{"not_picked":["Streamline","Skim","Barrage"],"picked":"SKIP","floor":4},{"not_picked":["Compile Driver","Rebound","Stack"],"picked":"SKIP","floor":7},{"not_picked":["Tempest","Fusion","Stack"],"picked":"SKIP","floor":8}],"player_experience":668097,"relics_obtained":[],"event_choices":[{"cards_removed":["Strike_B"],"damage_healed":0,"gold_gain":0,"player_choice":"Card Removal","damage_taken":7,"max_hp_gain":0,"max_hp_loss":0,"event_name":"Golden Wing","floor":5,"gold_loss":0}],"is_beta":false,"boss_relics":[],"items_purged_floors":[],"is_endless":false,"potions_floor_spawned":[2,3,8],"killed_by":"3 Sentries","ascension_level":3}