{"gold_per_floor":[119,139,156,169,186,186,217,217,217,244,259,259,259,280,280,403,403,419,419,67,67,81,115,115,130,130,45,45,64,89,109,109,237,237,251,275,300,153,173,173,173,173,223,259,284,300,313,344,344,344,344,344,105,144,144],"floor_reached":56,"playtime":2766,"items_purged":["Writhe","Injury"],"score":1324,"play_id":"29c394b9-56d0-43a4-bf1a-39315035ba5b","local_time":"20181113192217","is_ascension_mode":false,"campfire_choices":[{"data":"1","floor":6,"key":"LIFT"},{"data":"2","floor":8,"key":"LIFT"},{"data":"3","floor":15,"key":"LIFT"},{"data":"Heavy Blade","floor":24,"key":"SMITH"},{"floor":28,"key":"RECALL"},{"data":"Flex","floor":32,"key":"SMITH"},{"data":"Bash","floor":40,"key":"SMITH"},{"data":"Clothesline","floor":42,"key":"SMITH"},{"data":"Twin Strike","floor":49,"key":"SMITH"},{"data":"Shrug It Off","floor":52,"key":"SMITH"}],"neow_cost":"CURSE","seed_source_timestamp":4007526257284,"circlet_count":0,"master_deck":["Strike_R","Strike_R","Strike_R","Strike_R","Strike_R","Defend_R","Defend_R","Defend_R","Defend_R","Bash+1","Flex+1","Clothesline+1","Shrug It Off+1","Twin Strike+1","Reaper","Shrug It Off+1","Clash","Limit Break+1","Heavy Blade+1","Armaments+1","Infernal Blade+1","Double Tap+1","Limit Break+1","Offering+1","Mayhem+1"],"relics":["Black Blood","Girya","Smiling Mask","Toxic Egg 2","Golden Idol","Darkstone Periapt","Mummified Hand","Frozen Egg 2","Gremlin Horn","Singing Bowl","Centennial Puzzle","Busted Crown","Spirit Poop","Oddly Smooth Stone","Bottled Lightning","Matryoshka","Dead Branch"],"potions_floor_usage":[4,16,23,37,55,55,55],"damage_taken":[{"damage":1,"enemies":"Cultist","floor":1,"turns":4},{"damage":7,"enemies":"2 Louse","floor":2,"turns":3},{"damage":11,"enemies":"Jaw Worm","floor":3,"turns":5},{"damage":22,"enemies":"3 Louse","floor":4,"turns":4},{"damage":4,"enemies":"Looter","floor":5,"turns":3},{"damage":28,"enemies":"Gremlin Nob","floor":7,"turns":5},{"damage":23,"enemies":"3 Sentries","floor":10,"turns":6},{"damage":8,"enemies":"2 Fungi Beasts","floor":11,"turns":3},{"damage":4,"enemies":"Blue Slaver","floor":14,"turns":5},{"damage":30,"enemies":"Hexaghost","floor":16,"turns":9},{"damage":2,"enemies":"Spheric Guardian","floor":18,"turns":3},{"damage":20,"enemies":"3 Byrds","floor":22,"turns":6},{"damage":60,"enemies":"Gremlin Leader","floor":23,"turns":6},{"damage":15,"enemies":"Snake Plant","floor":25,"turns":4},{"damage":9,"enemies":"Centurion and Healer","floor":29,"turns":6},{"damage":22,"enemies":"Cultist and Chosen","floor":30,"turns":7},{"damage":0,"enemies":"Snecko","floor":31,"turns":2},{"damage":64,"enemies":"Champ","floor":33,"turns":11},{"damage":9,"enemies":"3 Shapes","floor":35,"turns":4},{"damage":23,"enemies":"Orb Walker","floor":36,"turns":4},{"damage":41,"enemies":"Writhing Mass","floor":37,"turns":4},{"damage":41,"enemies":"Spire Growth","floor":39,"turns":4},{"damage":6,"enemies":"Reptomancer","floor":44,"turns":2},{"damage":6,"enemies":"Transient","floor":45,"turns":5},{"damage":23,"enemies":"4 Shapes","floor":46,"turns":3},{"damage":20,"enemies":"Sphere and 2 Shapes","floor":47,"turns":3},{"damage":21,"enemies":"Nemesis","floor":48,"turns":5},{"damage":84,"enemies":"Time Eater","floor":50,"turns":6},{"damage":44,"enemies":"Shield and Spear","floor":54,"turns":4},{"damage":87,"enemies":"The Heart","floor":55,"turns":5}],"seed_played":"2464544232574113294","potions_obtained":[{"floor":1,"key":"LiquidBronze"},{"floor":2,"key":"BloodPotion"},{"floor":7,"key":"PowerPotion"},{"floor":10,"key":"Fire Potion"},{"floor":25,"key":"PowerPotion"},{"floor":29,"key":"SpeedPotion"},{"floor":33,"key":"Regen Potion"},{"floor":36,"key":"Dexterity Potion"},{"floor":44,"key":"LiquidBronze"},{"floor":45,"key":"Regen Potion"}],"is_trial":false,"path_per_floor":["M","M","M","M","M","R","E","R","T","E","M","?","T","M","R","B",null,"M","?","$","?","M","E","R","M","T","?","R","M","M","M","R","B",null,"M","M","M","$","M","R","?","R","T","E","M","M","M","E","R","B",null,"R","$","E","B",null],"character_chosen":"IRONCLAD","items_purchased":["Frozen Egg 2","Armaments+1","Offering+1","Mayhem+1"],"campfire_rested":0,"item_purchase_floors":[20,20,38,53],"current_hp_per_floor":[80,79,74,66,68,68,46,46,46,29,32,32,32,40,40,16,80,80,86,86,86,76,41,41,36,36,36,36,53,55,77,77,23,90,92,81,61,61,44,44,44,44,44,74,80,91,96,87,87,29,108,108,108,76,71],"gold":144,"neow_bonus":"ONE_RARE_RELIC","is_prod":false,"is_daily":false,"chose_seed":false,"campfire_upgraded":6,"win_rate":0,"timestamp":1542097337,"path_taken":["M","M","M","M","M","R","E","R","T","E","?","?","?","M","R","BOSS","M","?","$","?","M","E","R","M","T","?","R","?","M","M","R","BOSS","M","M","M","$","M","R","?","R","T","E","M","?","M","E","R","BOSS","R","$","E","BOSS"],"build_version":"2018-11-12","purchased_purges":2,"victory":true,"max_hp_per_floor":[80,80,80,80,80,80,80,80,80,80,80,80,80,80,80,80,80,80,86,86,86,86,86,86,86,86,86,86,88,88,90,90,90,90,92,94,96,96,98,98,98,98,98,100,102,104,106,108,108,108,108,108,108,110,110],"card_choices":[{"not_picked":["Havoc","Heavy Blade","Searing Blow"],"picked":"SKIP","floor":1},{"not_picked":["Warcry","Wild Strike","Burning Pact"],"picked":"SKIP","floor":2},{"not_picked":["Body Slam","Perfected Strike"],"picked":"Flex","floor":3},{"not_picked":["Impervious","Power Through"],"picked":"Clothesline","floor":4},{"not_picked":["True Grit","Uppercut"],"picked":"Shrug It Off","floor":5},{"not_picked":["Flex","Headbutt"],"picked":"Twin Strike","floor":7},{"not_picked":["Metallicize","Entrench"],"picked":"Reaper","floor":10},{"not_picked":["Sentinel+1","Battle Trance+1"],"picked":"Shrug It Off+1","floor":11},{"not_picked":["Combust","Wild Strike"],"picked":"Clash","floor":14},{"not_picked":["Demon Form","Impervious+1"],"picked":"Limit Break+1","floor":16},{"not_picked":["Hemokinesis","Shrug It Off+1"],"picked":"Heavy Blade","floor":18},{"not_picked":["Heavy Blade","Disarm+1"],"picked":"Infernal Blade+1","floor":22},{"not_picked":["Cleave","Hemokinesis+1","Havoc+1"],"picked":"SKIP","floor":23},{"not_picked":["Wild Strike+1","Heavy Blade","Warcry+1"],"picked":"SKIP","floor":25},{"not_picked":["Cleave","Thunderclap","Warcry+1"],"picked":"Singing Bowl","floor":29},{"not_picked":["Clash+1","Flex+1"],"picked":"Double Tap+1","floor":30},{"not_picked":["Headbutt","True Grit+1","Battle Trance+1"],"picked":"Singing Bowl","floor":31},{"not_picked":["Barricade+1","Feed"],"picked":"Limit Break+1","floor":33},{"not_picked":["Blood for Blood"],"picked":"Singing Bowl","floor":35},{"not_picked":["Disarm+1"],"picked":"Singing Bowl","floor":36},{"not_picked":["Sword Boomerang"],"picked":"Singing Bowl","floor":37},{"not_picked":["Heavy Blade+1"],"picked":"Singing Bowl","floor":39},{"not_picked":["Body Slam+1"],"picked":"Singing Bowl","floor":44},{"not_picked":["Thunderclap+1"],"picked":"Singing Bowl","floor":45},{"not_picked":["Uppercut+1"],"picked":"Singing Bowl","floor":46},{"not_picked":["Feed"],"picked":"Singing Bowl","floor":47},{"not_picked":["Clothesline"],"picked":"Singing Bowl","floor":48},{"not_picked":["Fire Breathing+1"],"picked":"Singing Bowl","floor":54}],"player_experience":206698,"relics_obtained":[{"floor":7,"key":"Smiling Mask"},{"floor":10,"key":"Toxic Egg 2"},{"floor":13,"key":"Darkstone Periapt"},{"floor":23,"key":"Gremlin Horn"},{"floor":26,"key":"Singing Bowl"},{"floor":43,"key":"Oddly Smooth Stone"},{"floor":44,"key":"Bottled Lightning"},{"floor":48,"key":"Matryoshka"},{"floor":54,"key":"Dead Branch"}],"event_choices":[{"damage_healed":0,"gold_gain":0,"player_choice":"Take Wound","damage_taken":0,"relics_obtained":["Golden Idol"],"max_hp_gain":0,"max_hp_loss":0,"event_name":"Golden Idol","floor":12,"gold_loss":0,"cards_obtained":["Injury"]},{"damage_healed":0,"gold_gain":0,"player_choice":"Opened","damage_taken":0,"relics_obtained":["Mummified Hand"],"max_hp_gain":0,"max_hp_loss":0,"event_name":"The Mausoleum","floor":19,"gold_loss":0,"cards_obtained":["Writhe"]},{"damage_healed":0,"gold_gain":0,"player_choice":"Ignored","damage_taken":0,"max_hp_gain":0,"max_hp_loss":0,"event_name":"Beggar","floor":21,"gold_loss":0},{"damage_healed":0,"gold_gain":0,"player_choice":"Obtained Relic","damage_taken":0,"relics_obtained":["Centennial Puzzle"],"max_hp_gain":0,"max_hp_loss":0,"event_name":"Addict","floor":27,"gold_loss":85},{"cards_removed":["Writhe"],"damage_healed":0,"gold_gain":0,"player_choice":"Offered Curse","damage_taken":0,"relics_obtained":["Spirit Poop"],"max_hp_gain":0,"max_hp_loss":0,"event_name":"Bonfire Elementals","floor":41,"gold_loss":0}],"is_beta":true,"boss_relics":[{"not_picked":["Calling Bell","Runic Dome"],"picked":"Black Blood"},{"not_picked":["Pandora\u0027s Box","Black Star"],"picked":"Busted Crown"}],"items_purged_floors":[20,53],"is_endless":false,"potions_floor_spawned":[1,2,7,10,25,29,31,33,35,36,44,45,48,54],"ascension_level":0}