{"gold_per_floor":[112,131,150,168,183,183,238,238,238,338,356,384,384,399,399,501,501,513,529,544,644,644,644,674,688,740,740,740],"floor_reached":28,"playtime":1137,"items_purged":[],"score":315,"play_id":"34d65b93-9c4d-4593-a394-1c0fa2903fea","local_time":"20190605152515","is_ascension_mode":true,"campfire_choices":[{"data":"Defragment","floor":6.0,"key":"SMITH"},{"data":"Defragment","floor":8.0,"key":"SMITH"},{"data":"Dualcast","floor":13.0,"key":"SMITH"},{"floor":15.0,"key":"REST"},{"floor":23.0,"key":"REST"}],"neow_cost":"NONE","seed_source_timestamp":416693203401039,"circlet_count":0,"master_deck":["Strike_B","Strike_B","Strike_B","Strike_B","Defend_B","Defend_B","Defend_B","Defend_B","Zap+1","Dualcast+1","Ball Lightning","Defragment+1","Defragment+1","Cold Snap","Capacitor","BootSequence","Chill","Compile Driver","Echo Form","Sunder+1"],"special_seed":0,"relics":["Cracked Core","Tiny Chest","Letter Opener","Smiling Mask","Velvet Choker","Gambling Chip","Matryoshka","Symbiotic Virus","Pen Nib","Bag of Preparation","Dream Catcher","Bottled Flame"],"potions_floor_usage":[],"damage_taken":[{"damage":7.0,"enemies":"Jaw Worm","floor":1.0,"turns":3.0},{"damage":0.0,"enemies":"Cultist","floor":2.0,"turns":3.0},{"damage":0.0,"enemies":"Small Slimes","floor":3.0,"turns":2.0},{"damage":14.0,"enemies":"3 Louse","floor":4.0,"turns":3.0},{"damage":5.0,"enemies":"Blue Slaver","floor":5.0,"turns":3.0},{"damage":2.0,"enemies":"3 Sentries","floor":7.0,"turns":5.0},{"damage":0.0,"enemies":"Red Slaver","floor":11.0,"turns":4.0},{"damage":20.0,"enemies":"Gremlin Nob","floor":12.0,"turns":4.0},{"damage":0.0,"enemies":"Large Slime","floor":14.0,"turns":4.0},{"damage":38.0,"enemies":"Slime Boss","floor":16.0,"turns":6.0},{"damage":4.0,"enemies":"Chosen","floor":18.0,"turns":4.0},{"damage":3.0,"enemies":"Spheric Guardian","floor":19.0,"turns":4.0},{"damage":10.0,"enemies":"3 Cultists","floor":20.0,"turns":6.0},{"damage":11.0,"enemies":"Colosseum Slavers","floor":21.0,"turns":4.0},{"damage":22.0,"enemies":"Colosseum Nobs","floor":21.0,"turns":5.0},{"damage":14.0,"enemies":"Book of Stabbing","floor":24.0,"turns":5.0},{"damage":18.0,"enemies":"Shelled Parasite and Fungi","floor":25.0,"turns":3.0},{"damage":4,"enemies":"Snake Plant","floor":28,"turns":2}],"seed_played":"5128276225809782304","potions_obtained":[{"floor":3.0,"key":"Energy Potion"},{"floor":4.0,"key":"Fire Potion"},{"floor":7.0,"key":"Regen Potion"},{"floor":12.0,"key":"Strength Potion"},{"floor":16.0,"key":"Ancient Potion"},{"floor":18.0,"key":"Weak Potion"},{"floor":19.0,"key":"PowerPotion"},{"floor":25.0,"key":"SteroidPotion"}],"is_trial":false,"path_per_floor":["M","M","M","M","M","R","E","R","T","?","M","E","R","M","R","B",null,"M","M","M","?","?","R","E","M","T","T","M"],"character_chosen":"DEFECT","items_purchased":[],"campfire_rested":2,"item_purchase_floors":[],"current_hp_per_floor":[68,68,68,54,49,49,47,47,47,47,47,27,27,27,49,25,63,59,56,46,13,13,35,21,3,3,3,0],"gold":740,"neow_bonus":"UPGRADE_CARD","is_prod":false,"is_daily":false,"chose_seed":false,"campfire_upgraded":3,"win_rate":0,"timestamp":1559769915,"path_taken":["M","M","M","M","M","R","E","R","T","?","M","E","R","M","R","BOSS","M","M","?","?","?","R","E","M","T","?","M"],"build_version":"2019-01-23","purchased_purges":0,"victory":false,"max_hp_per_floor":[75,75,75,75,75,75,75,75,75,75,75,75,75,75,75,75,75,75,75,75,75,75,75,75,75,75,75,75],"card_choices":[{"not_picked":["Barrage","Steam"],"picked":"Ball Lightning","floor":1.0},{"not_picked":["Tempest","Static Discharge"],"picked":"Defragment","floor":2.0},{"not_picked":["Go for the Eyes","Chaos"],"picked":"Defragment","floor":3.0},{"not_picked":["Genetic Algorithm","Ball Lightning"],"picked":"Cold Snap","floor":4.0},{"not_picked":["Loop","Barrage"],"picked":"Capacitor","floor":5.0},{"not_picked":["Streamline","Hologram"],"picked":"BootSequence","floor":7.0},{"not_picked":["Beam Cell","Ball Lightning","Rebound"],"picked":"SKIP","floor":11.0},{"not_picked":["Rebound","Undo"],"picked":"Chill","floor":12.0},{"not_picked":["Streamline","Go for the Eyes"],"picked":"Compile Driver","floor":14.0},{"not_picked":["Thunder Strike","Electrodynamics"],"picked":"Echo Form","floor":16.0},{"not_picked":["Streamline+1","Stack+1","Compile Driver+1"],"picked":"SKIP","floor":18.0},{"not_picked":["Stack+1","Steam Power"],"picked":"Sunder+1","floor":19.0},{"not_picked":["Redo","Scrape","Hello World+1"],"picked":"SKIP","floor":20.0},{"not_picked":["Rebound+1","Go for the Eyes+1","Defragment+1"],"picked":"SKIP","floor":24.0},{"not_picked":["Steam","Rip and Tear","Rebound+1"],"picked":"SKIP","floor":25.0}],"player_experience":685389,"relics_obtained":[{"floor":7.0,"key":"Tiny Chest"},{"floor":9.0,"key":"Letter Opener"},{"floor":12.0,"key":"Smiling Mask"},{"floor":21.0,"key":"Gambling Chip"},{"floor":21.0,"key":"Matryoshka"},{"floor":24.0,"key":"Symbiotic Virus"},{"floor":26.0,"key":"Pen Nib"},{"floor":26.0,"key":"Bag of Preparation"},{"floor":27.0,"key":"Dream Catcher"},{"floor":27.0,"key":"Bottled Flame"}],"event_choices":[{"damage_healed":0.0,"max_hp_gain":0.0,"max_hp_loss":0.0,"gold_gain":100.0,"event_name":"Golden Shrine","player_choice":"Pray","floor":10.0,"gold_loss":0.0,"damage_taken":0.0},{"damage_healed":0.0,"max_hp_gain":0.0,"max_hp_loss":0.0,"gold_gain":0.0,"event_name":"Colosseum","player_choice":"Fight","floor":21.0,"gold_loss":0.0,"damage_taken":0.0},{"damage_healed":0.0,"max_hp_gain":0.0,"max_hp_loss":0.0,"gold_gain":0.0,"event_name":"Colosseum","player_choice":"Fought Nobs","floor":21.0,"gold_loss":0.0,"damage_taken":0.0},{"damage_healed":0.0,"max_hp_gain":0.0,"max_hp_loss":0.0,"gold_gain":0.0,"event_name":"Vampires","player_choice":"Ignored","floor":22.0,"gold_loss":0.0,"damage_taken":0.0}],"is_beta":false,"boss_relics":[{"not_picked":["Astrolabe","Cursed Key"],"picked":"Velvet Choker"}],"items_purged_floors":[],"is_endless":false,"potions_floor_spawned":[3,4,7,12,16,18,19,25],"killed_by":"Snake Plant","ascension_level":5}