{"gold_per_floor":[114,128,146,146,167,167,197,210,234,234],"floor_reached":10,"playtime":377,"items_purged":[],"score":99,"play_id":"144d85be-0223-419b-9f3b-c20a2667c455","local_time":"20190505130948","is_ascension_mode":true,"campfire_choices":[{"data":"Bash","floor":6,"key":"SMITH"}],"neow_cost":"NONE","seed_source_timestamp":224505543689955,"circlet_count":0,"master_deck":["AscendersBane","Strike_R+1","Strike_R","Strike_R+1","Strike_R","Strike_R","Defend_R","Defend_R","Defend_R","Defend_R","Bash+1"],"relics":["Burning Blood","Golden Idol","Tiny Chest","Whetstone"],"potions_floor_usage":[10,10],"damage_taken":[{"damage":7,"enemies":"2 Louse","floor":1,"turns":4},{"damage":10,"enemies":"Jaw Worm","floor":2,"turns":6},{"damage":13,"enemies":"Small Slimes","floor":3,"turns":5},{"damage":20,"enemies":"Blue Slaver","floor":5,"turns":6},{"damage":28,"enemies":"3 Louse","floor":8,"turns":6},{"damage":40,"enemies":"Gremlin Gang","floor":10,"turns":5}],"seed_played":"-1198237378422832023","potions_obtained":[{"floor":1,"key":"Regen Potion"},{"floor":2,"key":"Fire Potion"}],"is_trial":false,"path_per_floor":["M","M","M","?","M","R","?","M","T","M"],"character_chosen":"IRONCLAD","items_purchased":[],"campfire_rested":0,"item_purchase_floors":[],"current_hp_per_floor":[79,75,68,68,54,54,47,25,25,0],"gold":234,"neow_bonus":"TEN_PERCENT_HP_BONUS","is_prod":false,"is_daily":false,"chose_seed":false,"campfire_upgraded":1,"win_rate":0,"timestamp":1557083388,"path_taken":["M","M","M","?","M","R","?","M","T","M"],"build_version":"2019-01-23","purchased_purges":0,"victory":false,"max_hp_per_floor":[88,88,88,81,81,81,81,81,81,81],"card_choices":[{"not_picked":["Spot Weakness","Clash","Burning Pact"],"picked":"SKIP","floor":1},{"not_picked":["Rupture","Evolve","Entrench"],"picked":"SKIP","floor":2},{"not_picked":["Infernal Blade","Dual Wield","Power Through"],"picked":"SKIP","floor":3},{"not_picked":["Dropkick","Shrug It Off","Warcry"],"picked":"SKIP","floor":5},{"not_picked":["Headbutt","Sword Boomerang","Clash"],"picked":"SKIP","floor":8}],"player_experience":552617,"relics_obtained":[{"floor":9,"key":"Whetstone"}],"event_choices":[{"damage_healed":0,"gold_gain":0,"player_choice":"Lose Max HP","damage_taken":0,"relics_obtained":["Golden Idol"],"max_hp_gain":0,"max_hp_loss":7,"event_name":"Golden Idol","floor":4,"gold_loss":0},{"damage_healed":0,"gold_gain":0,"player_choice":"Success","damage_taken":7,"relics_obtained":["Tiny Chest"],"max_hp_gain":0,"max_hp_loss":0,"event_name":"Scrap Ooze","floor":7,"gold_loss":0}],"is_beta":false,"boss_relics":[],"items_purged_floors":[],"is_endless":false,"potions_floor_spawned":[1,2,5],"killed_by":"Gremlin Gang","ascension_level":13}