{"gold_per_floor":[110,285,303,317,87,117,117,145,227,227,239,271,296,314,314,419,419,439,455,455],"floor_reached":20,"playtime":918,"items_purged":["Doubt"],"score":252,"play_id":"00d91d5e-f433-48c9-95c3-94d8ae60cf43","local_time":"20190605220345","is_ascension_mode":true,"campfire_choices":[{"data":"Zap","floor":10,"key":"SMITH"},{"floor":15,"key":"REST"}],"neow_cost":"NONE","seed_source_timestamp":440871031074364,"circlet_count":0,"master_deck":["Strike_B","Strike_B","Strike_B","Strike_B","Defend_B","Defend_B","Defend_B","Defend_B","Zap+1","Dualcast","Go for the Eyes","Compile Driver","Cold Snap","Defragment","Undo","Ball Lightning","Chill"],"relics":["Cracked Core","Juzu Bracelet","Ginger","Strawberry","Kunai","Cables","Odd Mushroom","Inserter"],"potions_floor_usage":[6,8,11,12,14],"damage_taken":[{"damage":3,"enemies":"Jaw Worm","floor":1,"turns":4},{"damage":6,"enemies":"Small Slimes","floor":3,"turns":4},{"damage":11,"enemies":"2 Louse","floor":4,"turns":3},{"damage":43,"enemies":"Lagavulin","floor":6,"turns":9},{"damage":8,"enemies":"Gremlin Nob","floor":8,"turns":3},{"damage":0,"enemies":"2 Fungi Beasts","floor":11,"turns":2},{"damage":22,"enemies":"3 Sentries","floor":12,"turns":7},{"damage":12,"enemies":"The Mushroom Lair","floor":13,"turns":5},{"damage":1,"enemies":"Looter","floor":14,"turns":4},{"damage":13,"enemies":"The Guardian","floor":16,"turns":11},{"damage":20,"enemies":"3 Byrds","floor":18,"turns":5},{"damage":36,"enemies":"2 Thieves","floor":19,"turns":4}],"seed_played":"4113503294298134388","potions_obtained":[{"floor":0,"key":"SmokeBomb"},{"floor":0,"key":"Fire Potion"},{"floor":0,"key":"Regen Potion"},{"floor":6,"key":"Dexterity Potion"},{"floor":8,"key":"Explosive Potion"},{"floor":13,"key":"Regen Potion"},{"floor":16,"key":"FearPotion"},{"floor":19,"key":"FearPotion"}],"is_trial":false,"path_per_floor":["M","?","M","M","$","E","?","E","T","R","M","E","?","M","R","B",null,"M","M","?"],"character_chosen":"DEFECT","items_purchased":["Juzu Bracelet"],"campfire_rested":1,"item_purchase_floors":[5],"current_hp_per_floor":[65,65,59,48,48,20,45,44,44,44,44,22,10,21,45,32,70,50,14,0],"gold":455,"neow_bonus":"THREE_SMALL_POTIONS","is_prod":false,"is_daily":false,"chose_seed":false,"campfire_upgraded":1,"win_rate":0,"timestamp":1559793825,"path_taken":["M","?","M","M","$","E","?","E","T","R","M","E","?","M","R","BOSS","M","M","?"],"build_version":"2019-01-23","purchased_purges":1,"victory":false,"max_hp_per_floor":[75,75,75,75,75,75,75,82,82,82,82,82,82,82,82,82,82,82,82,82],"card_choices":[{"not_picked":["Rebound","Capacitor","Recycle"],"picked":"SKIP","floor":1},{"not_picked":["Beam Cell","Storm"],"picked":"Go for the Eyes","floor":3},{"not_picked":["Aggregate","Barrage"],"picked":"Compile Driver","floor":4},{"not_picked":["Barrage","Tempest"],"picked":"Cold Snap","floor":6},{"not_picked":["Creative AI","Streamline"],"picked":"Defragment","floor":8},{"not_picked":["Beam Cell","Sweeping Beam"],"picked":"Undo","floor":11},{"not_picked":["Gash","FTL","Rebound"],"picked":"SKIP","floor":12},{"not_picked":["Turbo","Double Energy"],"picked":"Ball Lightning","floor":14},{"not_picked":["Lockon","Beam Cell","Doom and Gloom+1"],"picked":"SKIP","floor":18},{"not_picked":["Doom and Gloom","Skim+1"],"picked":"Chill","floor":19}],"player_experience":689827,"relics_obtained":[{"floor":6,"key":"Ginger"},{"floor":8,"key":"Strawberry"},{"floor":9,"key":"Kunai"},{"floor":12,"key":"Cables"},{"floor":13,"key":"Odd Mushroom"}],"event_choices":[{"damage_healed":0,"gold_gain":175,"player_choice":"AGREE","damage_taken":0,"max_hp_gain":0,"max_hp_loss":0,"event_name":"Liars Game","floor":2,"gold_loss":0,"cards_obtained":["Doubt"]},{"damage_healed":25,"gold_gain":0,"player_choice":"Banana","damage_taken":0,"max_hp_gain":0,"max_hp_loss":0,"event_name":"Big Fish","floor":7,"gold_loss":0},{"damage_healed":0,"gold_gain":0,"player_choice":"Fought Mushrooms","damage_taken":0,"max_hp_gain":0,"max_hp_loss":0,"event_name":"Mushrooms","floor":13,"gold_loss":0}],"is_beta":false,"boss_relics":[{"not_picked":["Eternal Feather","Tiny House"],"picked":"Inserter"}],"items_purged_floors":[5],"is_endless":false,"potions_floor_spawned":[6,8,13,16,19],"ascension_level":6}