{"gold_per_floor":[217,142,12,71,43,43,63,79,79,79,89,89,103,103,103,103],"floor_reached":16,"playtime":383,"items_purged":[],"score":180,"play_id":"101129ec-8b82-47a1-95f2-b0d9ed5ff940","local_time":"20190331220452","is_ascension_mode":true,"campfire_choices":[{"data":"Noxious Fumes","floor":10,"key":"SMITH"},{"data":"Catalyst","floor":12,"key":"SMITH"},{"floor":15,"key":"REST"}],"neow_cost":"NONE","seed_source_timestamp":262831968878595,"circlet_count":0,"master_deck":["AscendersBane","Defend_G","Defend_G","Defend_G","Defend_G","Defend_G","Strike_G","Strike_G","Strike_G","Strike_G","Survivor","Neutralize+1","Dash","Noxious Fumes+1","Catalyst+1","PiercingWail","Dash","Deflect","Dash"],"relics":["Ring of the Snake","Mummified Hand","Turnip"],"potions_floor_usage":[],"damage_taken":[{"damage":22,"enemies":"Jaw Worm","floor":1,"turns":9},{"damage":8,"enemies":"2 Louse","floor":7,"turns":3},{"damage":0,"enemies":"Small Slimes","floor":8,"turns":3},{"damage":4,"enemies":"Red Slaver","floor":11,"turns":4},{"damage":18,"enemies":"3 Louse","floor":13,"turns":3},{"damage":47,"enemies":"Slime Boss","floor":16,"turns":6}],"seed_played":"-5378049319879008152","potions_obtained":[{"floor":8,"key":"SneckoOil"}],"is_trial":false,"path_per_floor":["M","?","$","?","$","?","M","M","T","R","M","R","M","?","R","B"],"character_chosen":"THE_SILENT","items_purchased":["Noxious Fumes","Catalyst","PiercingWail"],"campfire_rested":1,"item_purchase_floors":[3,3,5],"current_hp_per_floor":[37,37,37,37,37,37,29,29,29,29,25,25,7,7,26,0],"gold":103,"neow_bonus":"HUNDRED_GOLD","is_prod":false,"is_daily":false,"chose_seed":false,"campfire_upgraded":2,"win_rate":0,"timestamp":1554091492,"path_taken":["M","?","$","?","$","?","M","M","T","R","M","R","M","?","R","BOSS"],"build_version":"2019-01-23","purchased_purges":0,"victory":false,"max_hp_per_floor":[66,66,66,66,66,66,66,66,66,66,66,66,66,66,66,66],"card_choices":[{"not_picked":["Deflect","Dagger Throw"],"picked":"Dash","floor":1},{"not_picked":["Caltrops","Poisoned Stab"],"picked":"Dash","floor":7},{"not_picked":["Slice","Eviscerate"],"picked":"Deflect","floor":8},{"not_picked":["Quick Slash","Dagger Throw"],"picked":"Dash","floor":11},{"not_picked":["Poisoned Stab","Prepared","Dagger Throw"],"picked":"SKIP","floor":13}],"player_experience":398353,"relics_obtained":[{"floor":9,"key":"Mummified Hand"}],"event_choices":[{"cards_removed":["Strike_G"],"damage_healed":0,"gold_gain":0,"player_choice":"Card Removal","damage_taken":0,"max_hp_gain":0,"max_hp_loss":0,"event_name":"The Cleric","floor":2,"gold_loss":75},{"damage_healed":0,"gold_gain":59,"player_choice":"Gained Gold","damage_taken":0,"max_hp_gain":0,"max_hp_loss":0,"event_name":"Golden Wing","floor":4,"gold_loss":0},{"damage_healed":0,"gold_gain":0,"player_choice":"Grow","damage_taken":0,"max_hp_gain":0,"max_hp_loss":0,"event_name":"Living Wall","floor":6,"gold_loss":0,"cards_upgraded":["Neutralize"]},{"damage_healed":0,"gold_gain":0,"player_choice":"Searched \u00271\u0027 times","damage_taken":0,"relics_obtained":["Turnip"],"max_hp_gain":0,"max_hp_loss":0,"event_name":"Dead Adventurer","floor":14,"gold_loss":0}],"is_beta":false,"boss_relics":[],"items_purged_floors":[],"is_endless":false,"potions_floor_spawned":[8],"killed_by":"Slime Boss","ascension_level":20}