{"gold_per_floor":[113,113,113,113,123,156,96,129,155,155,155,172,191,206,206,283,283,302,58,68,28,44,44,78,78,78,78,78,94,94,106,106,180,180,192,212,212,132,132,132,132],"floor_reached":41,"playtime":5202,"items_purged":["Pain","Strike_B"],"score":821,"play_id":"b867d254-d914-427d-a439-6c137066a7d3","local_time":"20190601090200","is_ascension_mode":true,"campfire_choices":[{"data":"Reinforced Body","floor":10.0,"key":"SMITH"},{"floor":15.0,"key":"REST"},{"floor":23.0,"key":"REST"},{"data":"Creative AI","floor":25.0,"key":"SMITH"},{"floor":28.0,"key":"REST"},{"data":"Glacier","floor":30.0,"key":"SMITH"},{"floor":32.0,"key":"REST"},{"floor":40.0,"key":"REST"}],"neow_cost":"NONE","seed_source_timestamp":0,"circlet_count":0,"master_deck":["AscendersBane","Defend_B","Defend_B","Defend_B","Defend_B","Zap","Dualcast","Streamline","Auto Shields","Reinforced Body+1","Cold Snap","Darkness","Seek","Steam","Creative AI+1","Genetic Algorithm","Master of Strategy","Storm+1","Heatsinks","Glacier+1","Echo Form","BootSequence","Echo Form"],"special_seed":0,"relics":["Cracked Core","NeowsBlessing","The Courier","WarpedTongs","Regal Pillow","Bag of Preparation","Orichalcum","Empty Cage","Oddly Smooth Stone","Molten Egg 2","Velvet Choker","Torii"],"potions_floor_usage":[],"damage_taken":[{"damage":0.0,"enemies":"Cultist","floor":1.0,"turns":1.0},{"damage":0.0,"enemies":"Jaw Worm","floor":5.0,"turns":1.0},{"damage":2.0,"enemies":"3 Sentries","floor":6.0,"turns":1.0},{"damage":30.0,"enemies":"Gremlin Nob","floor":8.0,"turns":5.0},{"damage":0.0,"enemies":"Small Slimes","floor":12.0,"turns":3.0},{"damage":25.0,"enemies":"Exordium Thugs","floor":13.0,"turns":6.0},{"damage":5.0,"enemies":"Large Slime","floor":14.0,"turns":5.0},{"damage":30.0,"enemies":"Slime Boss","floor":16.0,"turns":7.0},{"damage":8.0,"enemies":"Spheric Guardian","floor":18.0,"turns":4.0},{"damage":13.0,"enemies":"3 Byrds","floor":20.0,"turns":6.0},{"damage":15.0,"enemies":"Snake Plant","floor":22.0,"turns":7.0},{"damage":33.0,"enemies":"Book of Stabbing","floor":24.0,"turns":5.0},{"damage":33.0,"enemies":"Sentry and Sphere","floor":29.0,"turns":10.0},{"damage":23.0,"enemies":"Centurion and Healer","floor":31.0,"turns":12.0},{"damage":14.0,"enemies":"Champ","floor":33.0,"turns":12.0},{"damage":8.0,"enemies":"Orb Walker","floor":35.0,"turns":6.0},{"damage":17.0,"enemies":"3 Shapes","floor":36.0,"turns":5.0},{"damage":83,"enemies":"Reptomancer","floor":41,"turns":4}],"seed_played":"1145161843236954556","potions_obtained":[{"floor":1.0,"key":"GamblersBrew"},{"floor":6.0,"key":"Strength Potion"},{"floor":16.0,"key":"Block Potion"},{"floor":21.0,"key":"AttackPotion"},{"floor":21.0,"key":"SkillPotion"},{"floor":29.0,"key":"Energy Potion"},{"floor":31.0,"key":"PowerPotion"},{"floor":33.0,"key":"FearPotion"}],"is_trial":false,"path_per_floor":["M","?","T","?","M","E","$","E","T","R","?","M","M","M","R","B",null,"M","$","M","?","M","R","E","R","T","$","R","M","R","M","R","B",null,"M","M","T","$","?","R","E"],"character_chosen":"DEFECT","items_purchased":["Genetic Algorithm","Master of Strategy"],"campfire_rested":5,"item_purchase_floors":[19,19],"current_hp_per_floor":[64,64,64,64,64,62,62,32,32,32,32,32,7,2,38,8,55,47,47,34,34,19,55,22,22,22,22,58,25,25,2,38,24,59,51,34,34,34,34,70,0],"gold":132,"neow_bonus":"THREE_ENEMY_KILL","is_prod":false,"is_daily":false,"chose_seed":false,"campfire_upgraded":3,"win_rate":0,"timestamp":1559401320,"path_taken":["M","?","?","?","?","E","$","E","T","R","?","M","M","M","R","BOSS","M","$","M","?","M","R","E","R","T","$","R","?","R","M","R","BOSS","M","M","?","$","?","R","E"],"build_version":"2019-01-23","purchased_purges":2,"victory":false,"max_hp_per_floor":[71,71,71,71,71,71,71,71,71,71,71,71,71,71,71,71,71,71,71,71,71,71,71,71,71,71,71,71,71,71,71,71,71,71,71,71,71,71,71,71,71],"card_choices":[{"not_picked":["Aggregate","Skim"],"picked":"Streamline","floor":1.0},{"not_picked":["White Noise","Turbo"],"picked":"Auto Shields","floor":5.0},{"not_picked":["Storm","Sweeping Beam"],"picked":"Reinforced Body","floor":6.0},{"not_picked":["Barrage","Beam Cell"],"picked":"Cold Snap","floor":8.0},{"not_picked":["Streamline","Static Discharge"],"picked":"Darkness","floor":12.0},{"not_picked":["Chaos","Go for the Eyes"],"picked":"Seek","floor":13.0},{"not_picked":["Compile Driver","Go for the Eyes"],"picked":"Steam","floor":14.0},{"not_picked":["Machine Learning","Fission"],"picked":"Creative AI","floor":16.0},{"not_picked":["Coolheaded","Leap","Stack"],"picked":"SKIP","floor":18.0},{"not_picked":["Leap","Go for the Eyes"],"picked":"Storm+1","floor":20.0},{"not_picked":["Auto Shields","Genetic Algorithm+1","Barrage"],"picked":"SKIP","floor":22.0},{"not_picked":["Hello World","Chill"],"picked":"Heatsinks","floor":24.0},{"not_picked":["Consume+1","Skim"],"picked":"Glacier","floor":29.0},{"not_picked":["Conserve Battery+1","Ball Lightning+1","Rip and Tear+1"],"picked":"SKIP","floor":31.0},{"not_picked":["Hyperbeam+1","Rainbow"],"picked":"Echo Form","floor":33.0},{"not_picked":["Steam","Coolheaded"],"picked":"BootSequence","floor":35.0},{"not_picked":["Leap+1","Go for the Eyes+1","Rip and Tear+1"],"picked":"SKIP","floor":36.0}],"player_experience":838784,"relics_obtained":[{"floor":6.0,"key":"Regal Pillow"},{"floor":8.0,"key":"Bag of Preparation"},{"floor":9.0,"key":"Orichalcum"},{"floor":24.0,"key":"Oddly Smooth Stone"},{"floor":26.0,"key":"Molten Egg 2"},{"floor":37.0,"key":"Torii"}],"event_choices":[{"damage_healed":0.0,"max_hp_gain":0.0,"max_hp_loss":0.0,"gold_gain":0.0,"event_name":"Big Fish","player_choice":"Box","floor":2.0,"gold_loss":0.0,"damage_taken":0.0,"relics_obtained":["The Courier"],"cards_obtained":["Regret"]},{"damage_healed":0.0,"max_hp_gain":0.0,"max_hp_loss":0.0,"gold_gain":0.0,"event_name":"Accursed Blacksmith","player_choice":"Rummage","floor":4.0,"gold_loss":0.0,"damage_taken":0.0,"relics_obtained":["WarpedTongs"],"cards_obtained":["Pain"]},{"cards_removed":["Regret"],"damage_healed":0.0,"max_hp_gain":0.0,"max_hp_loss":0.0,"gold_gain":0.0,"event_name":"Living Wall","player_choice":"Forget","floor":11.0,"gold_loss":0.0,"damage_taken":0.0},{"damage_healed":0.0,"max_hp_gain":0.0,"max_hp_loss":0.0,"gold_gain":0.0,"event_name":"The Woman in Blue","player_choice":"Bought 3 Potions","floor":21.0,"gold_loss":0.0,"damage_taken":0.0},{"damage_healed":0.0,"max_hp_gain":0.0,"max_hp_loss":0.0,"gold_gain":0.0,"cards_transformed":["Strike_B"],"event_name":"Transmorgrifier","player_choice":"Transformed","floor":39.0,"gold_loss":0.0,"damage_taken":0.0,"cards_obtained":["Echo Form"]}],"is_beta":false,"boss_relics":[{"not_picked":["Inserter","Tiny House"],"picked":"Empty Cage"},{"not_picked":["Lizard Tail","FrozenCore"],"picked":"Velvet Choker"}],"items_purged_floors":[7,38],"is_endless":false,"potions_floor_spawned":[1,6,16,29,31,33],"killed_by":"Reptomancer","ascension_level":17}