{"gold_per_floor":[112,131,147,162,162,190,190,204,204,50,50,61,87,99,99,197,197,214,214,226,236,236,236,161,181,181,181,208,225,252,265,265,370,370,381,381,20,38,56,56,0,47,71,88,102,121,121,136,136,136,136,136,11,46,46],"floor_reached":55,"playtime":3684,"items_purged":["Defend_R","Strike_R","Discovery"],"score":750,"play_id":"64ab5228-3208-4ed8-b120-943581e4a152","local_time":"20190609214102","is_ascension_mode":false,"campfire_choices":[{"data":"Feed","floor":7,"key":"SMITH"},{"data":"Spot Weakness","floor":11,"key":"SMITH"},{"floor":15,"key":"RECALL"},{"data":"Impervious","floor":23,"key":"SMITH"},{"data":"Entrench","floor":27,"key":"SMITH"},{"data":"Impervious","floor":32,"key":"SMITH"},{"floor":40,"key":"REST"},{"floor":47,"key":"REST"},{"floor":49,"key":"REST"},{"floor":52,"key":"REST"}],"neow_cost":"PERCENT_DAMAGE","seed_source_timestamp":30124336161214,"circlet_count":0,"master_deck":["Strike_R","Strike_R","Defend_R","Defend_R","Defend_R","Bash","Feed+1","Pommel Strike","Finesse","Spot Weakness+1","Reaper+1","Metallicize+1","Cleave+1","Barricade+1","Impervious+1","Headbutt+1","Impervious+1","Battle Trance","Inflame+1","Entrench+1","Whirlwind+1","Body Slam+1","Body Slam+1","Twin Strike+1"],"relics":["Burning Blood","Frozen Egg 2","Molten Egg 2","Meat on the Bone","Empty Cage","Question Card","Pen Nib","Fusion Hammer","Sundial","Red Mask","Bird Faced Urn","Centennial Puzzle","Bronze Scales"],"potions_floor_usage":[13,25,28,28,28,39,42,54,54,55,55],"damage_taken":[{"damage":2,"enemies":"2 Louse","floor":1,"turns":3},{"damage":1,"enemies":"Cultist","floor":2,"turns":3},{"damage":0,"enemies":"Small Slimes","floor":3,"turns":3},{"damage":28,"enemies":"Exordium Wildlife","floor":4,"turns":9},{"damage":36,"enemies":"Gremlin Nob","floor":6,"turns":5},{"damage":11,"enemies":"Blue Slaver","floor":8,"turns":5},{"damage":8,"enemies":"3 Louse","floor":12,"turns":3},{"damage":10,"enemies":"Lagavulin","floor":13,"turns":8},{"damage":21,"enemies":"Exordium Thugs","floor":14,"turns":4},{"damage":26,"enemies":"Slime Boss","floor":16,"turns":11},{"damage":5,"enemies":"Chosen","floor":18,"turns":5},{"damage":18,"enemies":"Shell Parasite","floor":20,"turns":9},{"damage":70,"enemies":"3 Cultists","floor":21,"turns":7},{"damage":7,"enemies":"Shelled Parasite and Fungi","floor":25,"turns":9},{"damage":41,"enemies":"Slavers","floor":28,"turns":7},{"damage":17,"enemies":"Cultist and Chosen","floor":29,"turns":8},{"damage":20,"enemies":"Book of Stabbing","floor":30,"turns":8},{"damage":31,"enemies":"Centurion and Healer","floor":31,"turns":7},{"damage":19,"enemies":"Champ","floor":33,"turns":10},{"damage":15,"enemies":"Orb Walker","floor":35,"turns":3},{"damage":23,"enemies":"3 Darklings","floor":38,"turns":5},{"damage":27,"enemies":"Maw","floor":39,"turns":8},{"damage":14,"enemies":"2 Orb Walkers","floor":42,"turns":4},{"damage":41,"enemies":"Sphere and 2 Shapes","floor":44,"turns":6},{"damage":0,"enemies":"3 Darklings","floor":45,"turns":1},{"damage":2,"enemies":"4 Shapes","floor":46,"turns":4},{"damage":23,"enemies":"Jaw Worm Horde","floor":48,"turns":2},{"damage":16,"enemies":"Time Eater","floor":50,"turns":10},{"damage":86,"enemies":"Shield and Spear","floor":54,"turns":8},{"damage":95,"enemies":"The Heart","floor":55,"turns":3}],"seed_played":"-5086704817609068280","potions_obtained":[{"floor":6,"key":"SkillPotion"},{"floor":8,"key":"PowerPotion"},{"floor":12,"key":"Block Potion"},{"floor":13,"key":"Block Potion"},{"floor":18,"key":"EntropicBrew"},{"floor":28,"key":"GamblersBrew"},{"floor":29,"key":"SkillPotion"},{"floor":33,"key":"Weak Potion"},{"floor":38,"key":"SteroidPotion"},{"floor":39,"key":"Energy Potion"},{"floor":48,"key":"Explosive Potion"},{"floor":54,"key":"GamblersBrew"}],"is_trial":false,"path_per_floor":["M","M","M","M","?","E","R","M","T","$","R","M","E","M","R","B",null,"M","?","M","M","?","R","$","M","T","R","E","M","E","M","R","B",null,"M","?","$","M","M","R","?","?","T","M","M","M","R","M","R","B",null,"R","$","E","B"],"character_chosen":"IRONCLAD","items_purchased":["Reaper+1","Sundial"],"campfire_rested":4,"item_purchase_floors":[10,37],"current_hp_per_floor":[63,71,80,61,61,31,31,30,30,30,30,47,43,54,54,64,108,112,112,104,69,69,69,69,72,72,72,65,74,78,69,69,68,136,127,127,127,110,102,136,136,136,136,111,119,140,140,127,144,144,144,144,144,81,0],"gold":46,"neow_bonus":"THREE_RARE_CARDS","is_prod":false,"is_daily":false,"chose_seed":false,"campfire_upgraded":5,"win_rate":0,"timestamp":1560080462,"path_taken":["M","M","M","M","?","E","R","M","T","?","R","?","E","M","R","BOSS","M","?","?","M","?","R","$","M","T","R","E","M","E","?","R","BOSS","M","?","$","M","M","R","?","?","T","M","M","M","R","M","R","BOSS","R","$","E","BOSS"],"build_version":"2019-01-23","purchased_purges":3,"victory":false,"max_hp_per_floor":[83,86,89,92,92,92,92,96,96,96,96,100,100,104,104,108,108,112,112,116,120,120,120,120,124,124,124,128,132,132,136,136,136,136,136,136,136,136,136,136,136,136,136,140,140,140,140,144,144,144,144,144,144,144,144],"card_choices":[{"not_picked":["Reaper","Fiend Fire"],"picked":"Feed","floor":0},{"not_picked":["Clothesline","Shrug It Off"],"picked":"Pommel Strike","floor":1},{"not_picked":["Armaments","Perfected Strike","Anger"],"picked":"SKIP","floor":2},{"not_picked":["Berserk","Shrug It Off","Warcry"],"picked":"SKIP","floor":3},{"not_picked":["Shrug It Off","Anger","Entrench"],"picked":"SKIP","floor":4},{"not_picked":["Corruption","Wild Strike","Dropkick"],"picked":"SKIP","floor":6},{"not_picked":["Body Slam","Havoc"],"picked":"Spot Weakness","floor":8},{"not_picked":["Searing Blow+1","Iron Wave+1"],"picked":"Metallicize+1","floor":12},{"not_picked":["Flame Barrier","Searing Blow+1"],"picked":"Cleave+1","floor":13},{"not_picked":["Spot Weakness","Sever Soul+1"],"picked":"Barricade+1","floor":14},{"not_picked":["Limit Break","Bludgeon+1"],"picked":"Impervious","floor":16},{"not_picked":["Flame Barrier","Warcry"],"picked":"Headbutt+1","floor":18},{"not_picked":["Havoc","Thunderclap+1"],"picked":"Battle Trance","floor":20},{"not_picked":["Havoc","Iron Wave+1"],"picked":"Inflame+1","floor":21},{"not_picked":["Shrug It Off","Armaments+1"],"picked":"Entrench","floor":25},{"not_picked":["Rampage+1","Dark Embrace+1","Dual Wield"],"picked":"SKIP","floor":28},{"not_picked":["Metallicize+1","Corruption+1","Shrug It Off"],"picked":"Whirlwind+1","floor":29},{"not_picked":["True Grit","Heavy Blade+1","Reckless Charge+1"],"picked":"Body Slam+1","floor":30},{"not_picked":["Cleave+1","Clash+1","Anger+1"],"picked":"Body Slam+1","floor":31},{"not_picked":["Clash+1","Spot Weakness","Disarm+1","Second Wind+1"],"picked":"SKIP","floor":35},{"not_picked":["Forethought","Trip","Flash of Steel+1"],"picked":"Discovery","floor":36},{"not_picked":["Clothesline+1","Perfected Strike+1","True Grit"],"picked":"Twin Strike+1","floor":38},{"not_picked":["Power Through+1","Warcry+1","Pommel Strike+1","Headbutt+1"],"picked":"SKIP","floor":39},{"not_picked":["Metallicize+1","Anger+1","Sentinel+1","Headbutt+1"],"picked":"SKIP","floor":44},{"not_picked":["Battle Trance","Thunderclap+1","Flex+1","Blood for Blood+1"],"picked":"SKIP","floor":45},{"not_picked":["Impervious","Perfected Strike+1","Pummel+1","Evolve+1"],"picked":"SKIP","floor":46},{"not_picked":["Twin Strike+1","Anger+1","Shrug It Off","Cleave+1"],"picked":"SKIP","floor":48},{"not_picked":["Pommel Strike+1","Dropkick+1","Heavy Blade+1","Shockwave+1"],"picked":"SKIP","floor":54}],"player_experience":156309,"relics_obtained":[{"floor":6,"key":"Frozen Egg 2"},{"floor":9,"key":"Molten Egg 2"},{"floor":13,"key":"Meat on the Bone"},{"floor":28,"key":"Question Card"},{"floor":30,"key":"Pen Nib"},{"floor":42,"key":"Bird Faced Urn"},{"floor":43,"key":"Centennial Puzzle"},{"floor":54,"key":"Bronze Scales"}],"event_choices":[{"damage_healed":0,"gold_gain":0,"player_choice":"1 cards matched","damage_taken":0,"max_hp_gain":0,"max_hp_loss":0,"event_name":"Match and Keep!","floor":5,"gold_loss":0,"cards_obtained":["Finesse"]},{"damage_healed":0,"gold_gain":0,"player_choice":"Copied","damage_taken":0,"max_hp_gain":0,"max_hp_loss":0,"event_name":"Duplicator","floor":19,"gold_loss":0,"cards_obtained":["Impervious"]},{"damage_healed":0,"gold_gain":0,"player_choice":"Ignored","damage_taken":0,"max_hp_gain":0,"max_hp_loss":0,"event_name":"N\u0027loth","floor":22,"gold_loss":0},{"damage_healed":0,"gold_gain":0,"player_choice":"Memory 1","damage_taken":0,"max_hp_gain":0,"max_hp_loss":0,"event_name":"SensoryStone","floor":36,"gold_loss":0},{"damage_healed":0,"gold_gain":0,"player_choice":"Paid","damage_taken":0,"relics_obtained":["Red Mask"],"max_hp_gain":0,"max_hp_loss":0,"event_name":"Tomb of Lord Red Mask","floor":41,"gold_loss":56},{"damage_healed":0,"gold_gain":0,"player_choice":"Fight","damage_taken":0,"max_hp_gain":0,"max_hp_loss":0,"event_name":"Mysterious Sphere","floor":42,"gold_loss":0}],"is_beta":false,"boss_relics":[{"not_picked":["Pandora\u0027s Box","Black Star"],"picked":"Empty Cage"},{"not_picked":["Runic Cube","Astrolabe"],"picked":"Fusion Hammer"}],"items_purged_floors":[24,37,53],"is_endless":false,"potions_floor_spawned":[6,8,12,13,18,21,28,29,33,38,39,48,54],"killed_by":"The Heart","ascension_level":0}