{"gold_per_floor":[20,40,40,55,70,70,96,155,179,104,118,18,18,34,34,135,135,154,154,170,170,181,181],"floor_reached":23,"playtime":2244,"items_purged":["Strike_B","Strike_B"],"score":275,"play_id":"5012204b-57b9-41d8-b5c6-ea6496ce27ae","local_time":"20190404062357","is_ascension_mode":true,"campfire_choices":[{"data":"Auto Shields","floor":6.0,"key":"SMITH"},{"data":"Defend_B","floor":13.0,"key":"SMITH"},{"data":"Genetic Algorithm","floor":15.0,"key":"SMITH"}],"neow_cost":"NO_GOLD","seed_source_timestamp":0,"circlet_count":0,"master_deck":["AscendersBane","Strike_B","Strike_B","Defend_B","Defend_B","Defend_B","Defend_B+1","Dualcast","Secret Technique","Purity","Capacitor","Auto Shields+1","Gash","Gash","Genetic Algorithm+1","Echo Form"],"special_seed":0,"relics":["FrozenCore","Art of War","PreservedInsect","Omamori"],"potions_floor_usage":[23],"damage_taken":[{"damage":1.0,"enemies":"Cultist","floor":1.0,"turns":5.0},{"damage":7.0,"enemies":"Small Slimes","floor":2.0,"turns":4.0},{"damage":7.0,"enemies":"Jaw Worm","floor":4.0,"turns":5.0},{"damage":8.0,"enemies":"3 Louse","floor":5.0,"turns":5.0},{"damage":15.0,"enemies":"Gremlin Nob","floor":8.0,"turns":4.0},{"damage":11.0,"enemies":"Blue Slaver","floor":11.0,"turns":4.0},{"damage":0.0,"enemies":"Exordium Thugs","floor":14.0,"turns":4.0},{"damage":21.0,"enemies":"The Guardian","floor":16.0,"turns":12.0},{"damage":10,"enemies":"Spheric Guardian","floor":18,"turns":7},{"damage":11,"enemies":"3 Byrds","floor":20,"turns":9},{"damage":3,"enemies":"Snake Plant","floor":22,"turns":9},{"damage":45,"enemies":"Slavers","floor":23,"turns":5}],"seed_played":"1656498929864712650","potions_obtained":[{"floor":2.0,"key":"GamblersBrew"},{"floor":5.0,"key":"Regen Potion"},{"floor":14.0,"key":"AttackPotion"},{"floor":18,"key":"Swift Potion"}],"is_trial":false,"path_per_floor":["M","M","?","M","M","R","T","?","T","$","M","$","R","M","R","B",null,"M","?","M","?","M","E"],"character_chosen":"DEFECT","items_purchased":[],"campfire_rested":0,"item_purchase_floors":[],"current_hp_per_floor":[67,60,65,58,50,50,50,35,35,35,24,24,24,24,24,18,65,55,55,44,44,41,0],"gold":181,"neow_bonus":"RANDOM_COLORLESS_2","is_prod":false,"is_daily":false,"chose_seed":false,"campfire_upgraded":3,"win_rate":0,"timestamp":1554380637,"path_taken":["M","?","?","M","M","R","?","?","T","$","M","?","R","?","R","BOSS","M","?","M","?","M","E"],"build_version":"2019-01-23","purchased_purges":2,"victory":false,"max_hp_per_floor":[75,75,80,80,80,80,80,80,80,80,80,80,80,80,80,80,80,80,80,80,80,80,80],"card_choices":[{"not_picked":["Undo","Hello World"],"picked":"Capacitor","floor":1.0},{"not_picked":["Stack","Hello World"],"picked":"Auto Shields","floor":2.0},{"not_picked":["Steam","Sunder"],"picked":"Gash","floor":4.0},{"not_picked":["Sweeping Beam","Stack"],"picked":"Gash","floor":5.0},{"not_picked":["Rebound","Beam Cell","Leap"],"picked":"SKIP","floor":11.0},{"not_picked":["Ball Lightning","Aggregate"],"picked":"Genetic Algorithm","floor":14.0},{"not_picked":["Buffer","Hyperbeam"],"picked":"Echo Form","floor":16.0},{"not_picked":["Ball Lightning+1","Storm","White Noise+1"],"picked":"SKIP","floor":18},{"not_picked":["Undo","Rebound","Leap+1"],"picked":"SKIP","floor":20},{"not_picked":["Leap+1","Beam Cell","Darkness"],"picked":"SKIP","floor":22}],"player_experience":546810,"relics_obtained":[{"floor":7.0,"key":"Art of War"},{"floor":8.0,"key":"PreservedInsect"},{"floor":9.0,"key":"Omamori"}],"event_choices":[{"damage_healed":0.0,"max_hp_gain":5.0,"max_hp_loss":0.0,"gold_gain":0.0,"event_name":"Big Fish","player_choice":"Donut","floor":3.0,"gold_loss":0.0,"damage_taken":0.0},{"damage_healed":0.0,"max_hp_gain":0.0,"max_hp_loss":0.0,"gold_gain":0.0,"event_name":"Dead Adventurer","player_choice":"Searched \u00271\u0027 times","floor":8.0,"gold_loss":0.0,"damage_taken":0.0},{"cards_removed":["Zap"],"damage_healed":0,"gold_gain":0,"player_choice":"Elegance","damage_taken":0,"max_hp_gain":0,"max_hp_loss":0,"event_name":"Back to Basics","floor":19,"gold_loss":0},{"damage_healed":0,"gold_gain":0,"player_choice":"Ignored","damage_taken":0,"max_hp_gain":0,"max_hp_loss":0,"event_name":"Cursed Tome","floor":21,"gold_loss":0}],"is_beta":false,"boss_relics":[{"not_picked":["Runic Dome","Lizard Tail"],"picked":"FrozenCore"}],"items_purged_floors":[10,12],"is_endless":false,"potions_floor_spawned":[2,5,14,18],"killed_by":"Slavers","ascension_level":10}