{"gold_per_floor":[110,110,110,121,121,121,155,155,155,57,57,70,97,109,109,186,186,202,50,61,61,61,61,79,4,27,0,0,30,48,61,61,61],"floor_reached":33,"playtime":893,"items_purged":[],"score":533,"play_id":"9d756e7e-01db-437f-8c56-fb1d05965581","local_time":"20190517005958","is_ascension_mode":true,"campfire_choices":[{"data":"Iron Wave","floor":6.0,"key":"SMITH"},{"data":"Immolate","floor":8.0,"key":"SMITH"},{"data":"Dramatic Entrance","floor":11.0,"key":"SMITH"},{"data":"Shrug It Off","floor":15.0,"key":"SMITH"},{"floor":23,"key":"REST"},{"floor":28,"key":"REST"},{"data":"Flame Barrier","floor":32,"key":"SMITH"}],"neow_cost":"NONE","seed_source_timestamp":1216793932187875,"circlet_count":0,"master_deck":["AscendersBane","Strike_R","Strike_R","Strike_R","Strike_R","Defend_R","Defend_R","Defend_R","Bash","Iron Wave+1","Iron Wave+1","Immolate+1","Dramatic Entrance+1","Shrug It Off+1","Impervious","Flame Barrier+1"],"special_seed":0,"relics":["Burning Blood","NeowsBlessing","Darkstone Periapt","Omamori","Oddly Smooth Stone","Kunai","Black Star","Vajra","Ginger","Mercury Hourglass","Art of War","Bag of Preparation","Frozen Egg 2"],"potions_floor_usage":[33,33],"damage_taken":[{"damage":0.0,"enemies":"Cultist","floor":1.0,"turns":1.0},{"damage":0.0,"enemies":"2 Louse","floor":4.0,"turns":1.0},{"damage":0.0,"enemies":"3 Sentries","floor":7.0,"turns":1.0},{"damage":0.0,"enemies":"Small Slimes","floor":12.0,"turns":2.0},{"damage":0.0,"enemies":"Gremlin Nob","floor":13.0,"turns":3.0},{"damage":11.0,"enemies":"Blue Slaver","floor":14.0,"turns":3.0},{"damage":70.0,"enemies":"Slime Boss","floor":16.0,"turns":14.0},{"damage":36.0,"enemies":"3 Byrds","floor":18.0,"turns":6.0},{"damage":18,"enemies":"Spheric Guardian","floor":20,"turns":4},{"damage":15,"enemies":"Snake Plant","floor":24,"turns":4},{"damage":40,"enemies":"Gremlin Leader","floor":29,"turns":7},{"damage":0,"enemies":"Sentry and Sphere","floor":30,"turns":4},{"damage":2,"enemies":"Cultist and Chosen","floor":31,"turns":7},{"damage":40,"enemies":"Collector","floor":33,"turns":6}],"seed_played":"8637825603878405191","potions_obtained":[{"floor":4.0,"key":"LiquidBronze"},{"floor":12.0,"key":"Explosive Potion"},{"floor":20,"key":"Energy Potion"}],"is_trial":false,"path_per_floor":["M","T","?","M","?","R","E","R","T","$","R","M","E","M","R","B",null,"M","$","M","?","T","R","M","?","T","?","R","E","M","M","R","B"],"character_chosen":"IRONCLAD","items_purchased":["Dramatic Entrance","Vajra"],"campfire_rested":2,"item_purchase_floors":[10,19],"current_hp_per_floor":[78,78,71,77,77,77,80,80,80,80,80,80,80,75,75,11,63,33,33,21,21,21,45,36,36,36,36,60,26,32,36,36,0],"gold":61,"neow_bonus":"THREE_ENEMY_KILL","is_prod":false,"is_daily":false,"chose_seed":false,"campfire_upgraded":5,"win_rate":0,"timestamp":1558076398,"path_taken":["M","?","?","M","?","R","E","R","T","?","R","?","E","M","R","BOSS","M","$","M","?","?","R","M","?","T","?","R","E","M","?","R","BOSS"],"build_version":"2019-01-23","purchased_purges":0,"victory":false,"max_hp_per_floor":[80,80,80,80,80,80,80,80,80,80,80,80,80,80,80,80,80,80,80,80,80,80,80,80,80,80,80,80,80,80,80,80,80],"card_choices":[{"not_picked":["Warcry","True Grit"],"picked":"Iron Wave","floor":1.0},{"not_picked":["Second Wind","Armaments"],"picked":"Iron Wave","floor":4.0},{"not_picked":["Body Slam","Intimidate"],"picked":"Immolate","floor":7.0},{"not_picked":["Second Wind","Wild Strike","Pummel"],"picked":"SKIP","floor":12.0},{"not_picked":["Pummel","Second Wind"],"picked":"Shrug It Off","floor":13.0},{"not_picked":["Clash","Sword Boomerang","Rupture"],"picked":"SKIP","floor":14.0},{"not_picked":["Offering","Dark Embrace"],"picked":"Impervious","floor":16.0},{"not_picked":["Armaments","Cleave","Havoc"],"picked":"SKIP","floor":18.0},{"not_picked":["Thunderclap","Searing Blow","Sword Boomerang"],"picked":"SKIP","floor":20},{"not_picked":["Iron Wave","Armaments","Dropkick"],"picked":"SKIP","floor":24},{"not_picked":["Havoc","Corruption","Cleave"],"picked":"SKIP","floor":29},{"not_picked":["Perfected Strike","Blood for Blood"],"picked":"Flame Barrier","floor":30},{"not_picked":["Rampage","Inflame+1","Reckless Charge"],"picked":"SKIP","floor":31}],"player_experience":558323,"relics_obtained":[{"floor":2.0,"key":"Darkstone Periapt"},{"floor":7.0,"key":"Omamori"},{"floor":9.0,"key":"Oddly Smooth Stone"},{"floor":13.0,"key":"Kunai"},{"floor":22,"key":"Mercury Hourglass"},{"floor":26,"key":"Art of War"},{"floor":29,"key":"Bag of Preparation"},{"floor":29,"key":"Frozen Egg 2"}],"event_choices":[{"cards_removed":["Defend_R"],"damage_healed":0.0,"max_hp_gain":0.0,"max_hp_loss":0.0,"gold_gain":0.0,"event_name":"Golden Wing","player_choice":"Card Removal","floor":3.0,"gold_loss":0.0,"damage_taken":7.0},{"damage_healed":0.0,"max_hp_gain":0.0,"max_hp_loss":0.0,"gold_gain":0.0,"event_name":"Living Wall","player_choice":"Grow","floor":5.0,"gold_loss":0.0,"damage_taken":0.0,"cards_upgraded":["Iron Wave"]},{"damage_healed":0,"gold_gain":0,"player_choice":"Stole Relic","damage_taken":0,"relics_obtained":["Ginger"],"max_hp_gain":0,"max_hp_loss":0,"event_name":"Addict","floor":21,"gold_loss":0,"cards_obtained":["Shame"]},{"cards_removed":["Strike_R"],"damage_healed":0,"gold_gain":0,"player_choice":"Gave Gold","damage_taken":0,"max_hp_gain":0,"max_hp_loss":0,"event_name":"Beggar","floor":25,"gold_loss":75},{"damage_healed":0,"gold_gain":0,"player_choice":"Paid Fearfully","damage_taken":0,"max_hp_gain":0,"max_hp_loss":0,"event_name":"Masked Bandits","floor":27,"gold_loss":27}],"is_beta":false,"boss_relics":[{"not_picked":["Black Blood","Lizard Tail"],"picked":"Black Star"}],"items_purged_floors":[],"is_endless":false,"potions_floor_spawned":[4,12,20,29],"killed_by":"Collector","ascension_level":13}