{"gold_per_floor":[111,111,111,125,135,161,161,16,39,39,74,94,110,135,135,235,235,245,257,269,320,355,383,383,408,408,408,408,408,424,275,275,275],"floor_reached":33,"playtime":1369,"items_purged":[],"score":343,"play_id":"0c8ae99e-dd02-40a7-8be3-a59a064584e4","local_time":"20190413182158","is_ascension_mode":true,"campfire_choices":[{"data":"Zap","floor":10,"key":"SMITH"},{"data":"Consume","floor":15,"key":"SMITH"},{"floor":24,"key":"REST"},{"floor":27,"key":"REST"},{"data":"Scrape","floor":29,"key":"SMITH"},{"data":"Creative AI","floor":32,"key":"SMITH"}],"neow_cost":"NONE","seed_source_timestamp":26779188867476,"circlet_count":0,"master_deck":["Strike_B","Strike_B","Strike_B","Strike_B","Defend_B","Defend_B+1","Defend_B+1","Defend_B","Zap+1","Dualcast","Conserve Battery","Gash","Go for the Eyes","Consume+1","Cold Snap","Self Repair","Scrape+1","Ball Lightning","All For One","Hologram","Go for the Eyes","Stack+1","Beam Cell","Rebound","Barrage+1","Necronomicurse","Creative AI+1"],"relics":["Cracked Core","NeowsBlessing","FaceOfCleric","Anchor","Art of War","Potion Belt","Regal Pillow","War Paint","Runic Pyramid","Blood Vial","Red Mask","Ginger","Smiling Mask","Mummified Hand","Necronomicon"],"potions_floor_usage":[11,14,19,25],"damage_taken":[{"damage":0,"enemies":"Small Slimes","floor":1,"turns":1},{"damage":0,"enemies":"Jaw Worm","floor":4,"turns":1},{"damage":0,"enemies":"Cultist","floor":5,"turns":1},{"damage":35,"enemies":"Lagavulin","floor":6,"turns":6},{"damage":24,"enemies":"Gremlin Nob","floor":11,"turns":4},{"damage":0,"enemies":"Large Slime","floor":12,"turns":5},{"damage":10,"enemies":"Exordium Thugs","floor":13,"turns":6},{"damage":19,"enemies":"Lagavulin","floor":14,"turns":5},{"damage":28,"enemies":"Hexaghost","floor":16,"turns":11},{"damage":4,"enemies":"Spheric Guardian","floor":18,"turns":4},{"damage":0,"enemies":"3 Byrds","floor":19,"turns":5},{"damage":58,"enemies":"3 Cultists","floor":20,"turns":7},{"damage":24,"enemies":"Masked Bandits","floor":22,"turns":6},{"damage":7,"enemies":"Book of Stabbing","floor":23,"turns":7},{"damage":55,"enemies":"Gremlin Leader","floor":25,"turns":9},{"damage":17,"enemies":"Cultist and Chosen","floor":30,"turns":6},{"damage":40,"enemies":"Collector","floor":33,"turns":3}],"seed_played":"-3129024148638688258","potions_obtained":[{"floor":4,"key":"Explosive Potion"},{"floor":6,"key":"AttackPotion"},{"floor":13,"key":"Fire Potion"},{"floor":22,"key":"Ancient Potion"},{"floor":23,"key":"Ancient Potion"}],"is_trial":false,"path_per_floor":["M","?","?","M","M","E","?","$","T","R","E","M","M","E","R","B",null,"M","M","M","T","?","E","R","E","T","R","?","R","M","$","R","B"],"character_chosen":"DEFECT","items_purchased":["Art of War","Creative AI"],"campfire_rested":2,"item_purchase_floors":[8,31],"current_hp_per_floor":[75,75,75,76,77,43,69,69,69,69,46,47,45,34,34,14,83,80,81,31,31,17,20,61,16,16,57,41,41,34,34,34,0],"gold":275,"neow_bonus":"THREE_ENEMY_KILL","is_prod":false,"is_daily":false,"chose_seed":false,"campfire_upgraded":4,"win_rate":0,"timestamp":1555143718,"path_taken":["M","?","?","?","M","E","?","?","T","R","E","M","?","E","R","BOSS","M","M","M","?","?","E","R","E","T","R","?","R","M","$","R","BOSS"],"build_version":"2019-01-23","purchased_purges":0,"victory":false,"max_hp_per_floor":[75,75,75,76,77,78,78,78,78,78,79,80,81,82,82,83,83,84,85,86,86,87,88,88,89,89,89,89,89,90,90,90,90],"card_choices":[{"not_picked":["Hologram","Streamline"],"picked":"Conserve Battery","floor":1},{"not_picked":["Turbo","Conserve Battery"],"picked":"Gash","floor":4},{"not_picked":["Rebound","Turbo"],"picked":"Go for the Eyes","floor":5},{"not_picked":["Steam","Buffer"],"picked":"Consume","floor":6},{"not_picked":["Lockon","Storm"],"picked":"Cold Snap","floor":11},{"not_picked":["Aggregate","Compile Driver"],"picked":"Self Repair","floor":12},{"not_picked":["Streamline","Turbo"],"picked":"Scrape","floor":13},{"not_picked":["Turbo","Stack"],"picked":"Ball Lightning","floor":14},{"not_picked":["Fission","Buffer"],"picked":"All For One","floor":16},{"not_picked":["Stack","Ball Lightning"],"picked":"Hologram","floor":18},{"not_picked":["Rebound","Barrage+1"],"picked":"Go for the Eyes","floor":19},{"not_picked":["Turbo","Static Discharge"],"picked":"Stack+1","floor":20},{"not_picked":["Streamline","Thunder Strike"],"picked":"Beam Cell","floor":22},{"not_picked":["Coolheaded","Doom and Gloom"],"picked":"Rebound","floor":23},{"not_picked":["Cold Snap","Hologram+1"],"picked":"Barrage+1","floor":25},{"not_picked":["Sweeping Beam","Compile Driver","Loop"],"picked":"SKIP","floor":30}],"player_experience":119370,"relics_obtained":[{"floor":6,"key":"Anchor"},{"floor":9,"key":"Potion Belt"},{"floor":11,"key":"Regal Pillow"},{"floor":14,"key":"War Paint"},{"floor":21,"key":"Blood Vial"},{"floor":22,"key":"Red Mask"},{"floor":23,"key":"Ginger"},{"floor":25,"key":"Smiling Mask"},{"floor":26,"key":"Mummified Hand"},{"floor":28,"key":"Necronomicon"}],"event_choices":[{"damage_healed":0,"gold_gain":0,"player_choice":"Ignored","damage_taken":0,"max_hp_gain":0,"max_hp_loss":0,"event_name":"Liars Game","floor":2,"gold_loss":0},{"damage_healed":0,"gold_gain":0,"player_choice":"Trade","damage_taken":0,"relics_obtained":["FaceOfCleric"],"max_hp_gain":0,"max_hp_loss":0,"event_name":"FaceTrader","floor":3,"gold_loss":0},{"damage_healed":26,"gold_gain":0,"player_choice":"Banana","damage_taken":0,"max_hp_gain":0,"max_hp_loss":0,"event_name":"Big Fish","floor":7,"gold_loss":0},{"damage_healed":0,"gold_gain":0,"player_choice":"Fought Bandits","damage_taken":0,"max_hp_gain":0,"max_hp_loss":0,"event_name":"Masked Bandits","floor":22,"gold_loss":0},{"damage_healed":0,"gold_gain":0,"player_choice":"Obtained Book","damage_taken":16,"max_hp_gain":0,"max_hp_loss":0,"event_name":"Cursed Tome","floor":28,"gold_loss":0}],"is_beta":false,"boss_relics":[{"not_picked":["Philosopher\u0027s Stone","Lizard Tail"],"picked":"Runic Pyramid"}],"items_purged_floors":[],"is_endless":false,"potions_floor_spawned":[4,6,13,22,23],"killed_by":"Collector","ascension_level":1}