{"gold_per_floor":[119,130,142,142,217,217,249,269,269,284,313,327,343,358,358,459,459,478,478,333,333,333,333,333],"floor_reached":24,"playtime":931,"items_purged":[],"score":218,"play_id":"e80ec329-46bf-4b56-90ad-80ed28d38bac","local_time":"20180706220342","is_ascension_mode":true,"campfire_choices":[{"data":"Zap","floor":6,"key":"SMITH"},{"data":"Defragment","floor":15,"key":"SMITH"},{"data":"Streamline","floor":23,"key":"SMITH"}],"neow_cost":"NONE","seed_source_timestamp":31123965776394,"circlet_count":0,"master_deck":["Strike_B","Strike_B","Strike_B+1","Strike_B","Defend_B","Defend_B","Defend_B","Defend_B","Zap+1","Dualcast","Meteor Strike","Sweeping Beam+1","Self Repair","Auto Shields","Capacitor","Redo+1","Defragment+1","Beam Cell","Undo+1","Streamline+1","Conserve Battery+1"],"relics":["Cracked Core","Boot","Toxic Egg 2","Bird Faced Urn","Runic Pyramid","Whetstone","Letter Opener"],"potions_floor_usage":[11,16,16],"damage_taken":[{"damage":6,"enemies":"Jaw Worm","floor":1,"turns":2},{"damage":2,"enemies":"Small Slimes","floor":2,"turns":4},{"damage":1,"enemies":"Cultist","floor":3,"turns":4},{"damage":30,"enemies":"3 Sentries","floor":7,"turns":7},{"damage":3,"enemies":"Red Slaver","floor":8,"turns":3},{"damage":5,"enemies":"2 Fungi Beasts","floor":10,"turns":4},{"damage":18,"enemies":"Gremlin Nob","floor":11,"turns":5},{"damage":11,"enemies":"Gremlin Gang","floor":12,"turns":4},{"damage":8,"enemies":"Red Slaver","floor":13,"turns":3},{"damage":0,"enemies":"Blue Slaver","floor":14,"turns":3},{"damage":43,"enemies":"Hexaghost","floor":16,"turns":10},{"damage":25,"enemies":"2 Thieves","floor":18,"turns":5},{"damage":89,"enemies":"Gremlin Leader","floor":24,"turns":7}],"seed_played":"-446137967041799100","potions_obtained":[{"floor":2,"key":"FearPotion"},{"floor":10,"key":"Block Potion"},{"floor":11,"key":"Swift Potion"},{"floor":12,"key":"FocusPotion"},{"floor":18,"key":"FearPotion"}],"is_trial":false,"path_per_floor":["M","M","M","$","?","R","E","M","T","M","E","M","M","M","R","B",null,"M","?","$","?","?","R"],"character_chosen":"DEFECT","items_purchased":["Whetstone"],"campfire_rested":0,"item_purchase_floors":[20],"current_hp_per_floor":[69,67,73,73,62,62,39,43,43,45,34,32,33,42,42,3,75,61,85,85,85,85,85,0],"gold":333,"neow_bonus":"ONE_RANDOM_RARE_CARD","is_prod":false,"is_daily":false,"chose_seed":false,"campfire_upgraded":3,"win_rate":0,"timestamp":1530878622,"path_taken":["M","M","M","$","?","R","E","?","T","M","E","M","M","M","R","BOSS","M","?","$","?","?","R","E"],"build_version":"2018-07-05","purchased_purges":0,"victory":false,"max_hp_per_floor":[75,75,75,75,75,75,75,75,75,75,75,75,75,75,75,75,75,75,85,85,85,85,85,85],"card_choices":[{"not_picked":["Coolheaded","Gash"],"picked":"Sweeping Beam","floor":1},{"not_picked":["Barrage","Sweeping Beam"],"picked":"Self Repair","floor":2},{"not_picked":["Steam Power","Glacier","Turbo"],"picked":"SKIP","floor":3},{"not_picked":["Lockon","Meteor Strike"],"picked":"Auto Shields","floor":7},{"not_picked":["Lockon","Compile Driver"],"picked":"Capacitor","floor":8},{"not_picked":["Beam Cell","Barrage"],"picked":"Redo+1","floor":10},{"not_picked":["Sweeping Beam","Tempest+1"],"picked":"Defragment","floor":11},{"not_picked":["Heatsinks","Sweeping Beam"],"picked":"Beam Cell","floor":12},{"not_picked":["Stack+1","Meteor Strike"],"picked":"Undo+1","floor":13},{"not_picked":["Sweeping Beam","Reprogram+1"],"picked":"Streamline","floor":14},{"not_picked":["Multi-Cast+1","Hyperbeam"],"picked":"Machine Learning","floor":16},{"not_picked":["Go for the Eyes","Redo+1"],"picked":"Conserve Battery+1","floor":18}],"player_experience":79470,"relics_obtained":[{"floor":7,"key":"Boot"},{"floor":9,"key":"Toxic Egg 2"},{"floor":11,"key":"Bird Faced Urn"}],"event_choices":[{"event_name":"World of Goop","player_choice":"Gather Gold","floor":5,"damage_taken":0},{"event_name":"Bonfire Elementals","player_choice":"RARE","floor":19,"damage_taken":0},{"event_name":"Ghosts","player_choice":"Ignored","floor":21,"damage_taken":0},{"event_name":"The Mausoleum","player_choice":"Yes","floor":22,"damage_taken":0}],"boss_relics":[{"not_picked":["Orrery","Tiny House"],"picked":"Runic Pyramid"}],"items_purged_floors":[],"is_endless":false,"potions_floor_spawned":[2,10,11,12,13,18],"killed_by":"Gremlin Leader","ascension_level":1}