{"gold_per_floor":[114,45,120,120,138,170,170,25,73,73,93,127,141,141,141,245,245,259,278,278,278,278,278,304,319,389,404,414,414,431,22,22,122,172,187,462,186,201,51,51,2,2,28,59,71,103,115,130,130,130],"floor_reached":50,"playtime":9047,"items_purged":["Strike_G","Strike_G","Regret","Defend_G"],"score":607,"play_id":"4e1968e4-5a67-4bf6-9c76-4edf7417f5fc","local_time":"20190518044012","is_ascension_mode":false,"campfire_choices":[{"floor":15,"key":"REST"},{"floor":23,"key":"REST"},{"floor":29,"key":"REST"},{"data":"1","floor":32,"key":"LIFT"},{"data":"2","floor":40,"key":"LIFT"},{"data":"3","floor":42,"key":"LIFT"},{"floor":49,"key":"REST"}],"neow_cost":"NONE","seed_source_timestamp":3212888581072828,"circlet_count":0,"master_deck":["Defend_G","Defend_G+1","Defend_G","Strike_G","Strike_G","Strike_G+1","Survivor","Neutralize","Crippling Poison","Blur+1","Predator","Poisoned Stab","Iron Wave","Footwork","Blade Dance+1","Well Laid Plans+1","Footwork","Terror","After Image","Backflip","Blade Dance+1","Dash","Outmaneuver+1","After Image","PiercingWail","Predator","Blur","After Image","Poisoned Stab","Blade Dance","Infinite Blades+1","Finisher+1","Parasite","Blade Dance+1"],"relics":["Ring of the Snake","Meat on the Bone","Bag of Preparation","Juzu Bracelet","Fusion Hammer","Ancient Tea Set","Question Card","Girya","Tiny House","War Paint","Strawberry","Calipers","Unceasing Top"],"potions_floor_usage":[16,24,25,27,33,37,45,46],"damage_taken":[{"damage":1,"enemies":"Cultist","floor":1,"turns":4},{"damage":0,"enemies":"2 Louse","floor":5,"turns":4},{"damage":19,"enemies":"Gremlin Nob","floor":6,"turns":5},{"damage":0,"enemies":"Small Slimes","floor":10,"turns":4},{"damage":6,"enemies":"Exordium Wildlife","floor":11,"turns":3},{"damage":11,"enemies":"3 Sentries","floor":12,"turns":9},{"damage":0,"enemies":"Looter","floor":13,"turns":4},{"damage":34,"enemies":"Slime Boss","floor":16,"turns":26},{"damage":1,"enemies":"Shell Parasite","floor":18,"turns":6},{"damage":17,"enemies":"2 Thieves","floor":19,"turns":5},{"damage":55,"enemies":"Gremlin Leader","floor":24,"turns":9},{"damage":30,"enemies":"Cultist and Chosen","floor":25,"turns":9},{"damage":2,"enemies":"Snake Plant","floor":27,"turns":7},{"damage":10,"enemies":"Centurion and Healer","floor":28,"turns":8},{"damage":8,"enemies":"Sentry and Sphere","floor":30,"turns":8},{"damage":6,"enemies":"Champ","floor":33,"turns":19},{"damage":19,"enemies":"3 Darklings","floor":35,"turns":7},{"damage":7,"enemies":"3 Shapes","floor":38,"turns":9},{"damage":11,"enemies":"Nemesis","floor":44,"turns":7},{"damage":11,"enemies":"Maw","floor":45,"turns":8},{"damage":13,"enemies":"Reptomancer","floor":46,"turns":8},{"damage":7,"enemies":"Writhing Mass","floor":47,"turns":7},{"damage":14,"enemies":"Transient","floor":48,"turns":5},{"damage":100,"enemies":"Time Eater","floor":50,"turns":11}],"seed_played":"422864982075986242","potions_obtained":[{"floor":1,"key":"SkillPotion"},{"floor":12,"key":"SpeedPotion"},{"floor":18,"key":"AttackPotion"},{"floor":24,"key":"AttackPotion"},{"floor":25,"key":"Ancient Potion"},{"floor":34,"key":"Fruit Juice"},{"floor":38,"key":"Regen Potion"},{"floor":46,"key":"Swift Potion"}],"is_trial":false,"path_per_floor":["M","$","?","?","M","E","?","$","T","M","M","E","M","?","R","B",null,"M","M","?","?","?","R","E","M","T","M","M","R","M","$","R","B",null,"M","?","$","M","$","R","$","R","T","E","M","E","M","M","R","B"],"character_chosen":"THE_SILENT","items_purchased":["Blur","Footwork","Girya","War Paint","AttackPotion"],"campfire_rested":4,"item_purchase_floors":[2,8,31,37,41],"current_hp_per_floor":[76,76,65,65,65,46,46,46,46,46,40,41,41,26,49,27,77,76,59,59,59,59,77,34,16,16,26,28,51,43,43,43,49,82,63,63,68,61,61,61,61,61,68,57,55,54,59,57,85,0],"gold":130,"neow_bonus":"TEN_PERCENT_HP_BONUS","is_prod":false,"is_daily":false,"chose_seed":false,"campfire_upgraded":0,"win_rate":0.0,"timestamp":1558168812,"path_taken":["M","$","?","?","M","E","?","$","T","M","M","E","M","?","R","BOSS","M","M","?","?","?","R","E","M","T","M","M","R","M","?","R","BOSS","M","?","$","M","$","R","?","R","T","E","M","E","M","M","R","BOSS"],"build_version":"2019-01-23","purchased_purges":4,"victory":false,"max_hp_per_floor":[77,77,77,77,77,77,77,77,77,77,77,77,77,77,77,77,77,77,77,77,77,77,77,77,77,77,77,77,77,77,77,77,77,82,82,82,87,87,87,87,87,87,94,94,94,94,94,94,94,94],"card_choices":[{"not_picked":["Predator","Sucker Punch"],"picked":"Crippling Poison","floor":1},{"not_picked":["Poisoned Stab","Slice"],"picked":"Predator","floor":5},{"not_picked":["Dagger Throw","Underhanded Strike"],"picked":"Poisoned Stab","floor":6},{"not_picked":["Underhanded Strike","Sucker Punch"],"picked":"Blade Dance","floor":10},{"not_picked":["Reflex","Blade Dance"],"picked":"Well Laid Plans","floor":11},{"not_picked":["Dodge and Roll","All Out Attack"],"picked":"Footwork","floor":12},{"not_picked":["Distraction","Riddle With Holes"],"picked":"Terror","floor":13},{"not_picked":["Burst","Night Terror"],"picked":"After Image","floor":16},{"not_picked":["Blur","Dash"],"picked":"Backflip","floor":18},{"not_picked":["Choke","Dagger Throw"],"picked":"Blade Dance+1","floor":19},{"not_picked":["All Out Attack","Heel Hook"],"picked":"Outmaneuver+1","floor":24},{"not_picked":["Blade Dance","Footwork+1"],"picked":"After Image","floor":25},{"not_picked":["Deadly Poison","Blade Dance","Dagger Throw+1"],"picked":"PiercingWail","floor":27},{"not_picked":["Quick Slash","Heel Hook","Caltrops"],"picked":"Predator","floor":28},{"not_picked":["Sucker Punch","All Out Attack","Dodge and Roll+1"],"picked":"Blur","floor":30},{"not_picked":["Bullet Time","Envenom","Malaise"],"picked":"After Image","floor":33},{"not_picked":["Dagger Spray","Flying Knee+1","Expertise"],"picked":"Poisoned Stab","floor":34},{"not_picked":["Escape Plan","Dodge and Roll","Choke+1"],"picked":"Blade Dance","floor":35},{"not_picked":["Quick Slash+1","Slice","Deadly Poison","Underhanded Strike+1"],"picked":"SKIP","floor":38},{"not_picked":["Deadly Poison+1","Deflect+1","Backflip+1","Infinite Blades"],"picked":"SKIP","floor":44},{"not_picked":["Wraith Form v2","Poisoned Stab+1","Deadly Poison+1"],"picked":"Infinite Blades+1","floor":45},{"not_picked":["Prepared+1","Backflip","Escape Plan+1"],"picked":"Finisher+1","floor":46},{"not_picked":["Eviscerate+1","Underhanded Strike+1","Dodge and Roll"],"picked":"Blade Dance+1","floor":47},{"not_picked":["Deflect","Bouncing Flask","Outmaneuver","Poisoned Stab"],"picked":"SKIP","floor":48}],"player_experience":59009,"relics_obtained":[{"floor":6,"key":"Meat on the Bone"},{"floor":9,"key":"Bag of Preparation"},{"floor":12,"key":"Juzu Bracelet"},{"floor":24,"key":"Ancient Tea Set"},{"floor":26,"key":"Question Card"},{"floor":43,"key":"Strawberry"},{"floor":44,"key":"Calipers"},{"floor":46,"key":"Unceasing Top"}],"event_choices":[{"damage_healed":0,"gold_gain":75,"player_choice":"Gather Gold","damage_taken":11,"max_hp_gain":0,"max_hp_loss":0,"event_name":"World of Goop","floor":3,"gold_loss":0},{"damage_healed":0,"gold_gain":0,"player_choice":"Fled","damage_taken":0,"max_hp_gain":0,"max_hp_loss":0,"event_name":"Scrap Ooze","floor":4,"gold_loss":0},{"cards_removed":["Defend_G"],"damage_healed":0,"gold_gain":0,"player_choice":"Took Card","damage_taken":0,"max_hp_gain":0,"max_hp_loss":0,"event_name":"NoteForYourself","floor":7,"gold_loss":0,"cards_obtained":["Iron Wave"]},{"damage_healed":0,"gold_gain":0,"player_choice":"Entered Light","damage_taken":15,"max_hp_gain":0,"max_hp_loss":0,"event_name":"Shining Light","floor":14,"gold_loss":0,"cards_upgraded":["Well Laid Plans","Defend_G"]},{"damage_healed":0,"gold_gain":0,"player_choice":"Ignored","damage_taken":0,"max_hp_gain":0,"max_hp_loss":0,"event_name":"Vampires","floor":20,"gold_loss":0},{"damage_healed":0,"gold_gain":0,"player_choice":"Ignored","damage_taken":0,"max_hp_gain":0,"max_hp_loss":0,"event_name":"Ghosts","floor":21,"gold_loss":0},{"damage_healed":0,"gold_gain":0,"player_choice":"Read","damage_taken":0,"max_hp_gain":0,"max_hp_loss":0,"event_name":"The Library","floor":22,"gold_loss":0,"cards_obtained":["Dash"]},{"damage_healed":0,"gold_gain":275,"player_choice":"Desecrate","damage_taken":0,"max_hp_gain":0,"max_hp_loss":0,"event_name":"Golden Shrine","floor":36,"gold_loss":0,"cards_obtained":["Regret"]}],"is_beta":false,"boss_relics":[{"not_picked":["Ring of the Serpent","Astrolabe"],"picked":"Fusion Hammer"},{"not_picked":["Velvet Choker","Black Star"],"picked":"Tiny House"}],"items_purged_floors":[8,31,37,39],"is_endless":false,"potions_floor_spawned":[1,12,18,24,25,38,46],"killed_by":"Time Eater","ascension_level":0}