{"gold_per_floor":[118,118,138,138,238,270,270,303,329,354,354,373,97,107,107,211,211,228,80,80,90,90,90,108,108,134,158,170,212,75,95,95,196,196,212,257,307,307,407,407,43,53,53,53,80,80,96,96,96,96],"floor_reached":50,"playtime":2603,"items_purged":["Strike_G","Strike_G","Strike_G+1"],"score":794,"play_id":"243a1a06-92d4-429b-90b3-abd746414634","local_time":"20190605171210","is_ascension_mode":true,"campfire_choices":[{"data":"Neutralize","floor":7.0,"key":"SMITH"},{"floor":11.0,"key":"REST"},{"data":"Noxious Fumes","floor":15.0,"key":"SMITH"},{"data":"After Image","floor":23.0,"key":"SMITH"},{"data":"Wraith Form v2","floor":28.0,"key":"SMITH"},{"floor":32.0,"key":"REST"},{"floor":40.0,"key":"REST"},{"floor":46.0,"key":"REST"},{"data":"Footwork","floor":49.0,"key":"SMITH"}],"neow_cost":"NONE","seed_source_timestamp":0,"circlet_count":0,"master_deck":["AscendersBane","Defend_G+1","Defend_G+1","Defend_G+1","Defend_G+1","Defend_G+1","Strike_G+1","Survivor","Neutralize+1","Blur","Noxious Fumes+1","Noxious Fumes+1","Crippling Poison","Wraith Form v2+1","After Image+1","Backflip","Corpse Explosion","Footwork+1","Well Laid Plans","PiercingWail+1","Die Die Die","Noxious Fumes+1","Adrenaline","Blur+1"],"special_seed":0,"relics":["Ring of the Snake","NeowsBlessing","Ancient Tea Set","Strawberry","Pen Nib","Sundial","Snake Skull","HoveringKite","MawBank","Dead Branch","Bronze Scales","Orrery","Shovel","Potion Belt","Nunchaku","Mercury Hourglass","Bottled Flame","Orichalcum","Bag of Marbles"],"potions_floor_usage":[50,50],"damage_taken":[{"damage":0.0,"enemies":"Small Slimes","floor":1.0,"turns":1.0},{"damage":0.0,"enemies":"Jaw Worm","floor":3.0,"turns":1.0},{"damage":0.0,"enemies":"Gremlin Nob","floor":6.0,"turns":1.0},{"damage":41.0,"enemies":"Lagavulin","floor":8.0,"turns":8.0},{"damage":30.0,"enemies":"Gremlin Nob","floor":10.0,"turns":6.0},{"damage":2.0,"enemies":"Cultist","floor":12.0,"turns":4.0},{"damage":3.0,"enemies":"2 Fungi Beasts","floor":14.0,"turns":4.0},{"damage":19.0,"enemies":"Hexaghost","floor":16.0,"turns":8.0},{"damage":6.0,"enemies":"Chosen","floor":18.0,"turns":7.0},{"damage":3.0,"enemies":"Spheric Guardian","floor":21.0,"turns":5.0},{"damage":1.0,"enemies":"3 Cultists","floor":24.0,"turns":5.0},{"damage":8.0,"enemies":"Centurion and Healer","floor":27.0,"turns":7.0},{"damage":10.0,"enemies":"Book of Stabbing","floor":29.0,"turns":9.0},{"damage":12.0,"enemies":"Sentry and Sphere","floor":31.0,"turns":5.0},{"damage":27.0,"enemies":"Collector","floor":33.0,"turns":9.0},{"damage":0.0,"enemies":"3 Shapes","floor":35.0,"turns":3.0},{"damage":57.0,"enemies":"2 Orb Walkers","floor":36.0,"turns":5.0},{"damage":0.0,"enemies":"Mind Bloom Boss Battle","floor":39.0,"turns":7.0},{"damage":4.0,"enemies":"3 Darklings","floor":42.0,"turns":5.0},{"damage":5.0,"enemies":"Nemesis","floor":45.0,"turns":11.0},{"damage":20.0,"enemies":"Jaw Worm Horde","floor":47.0,"turns":4.0},{"damage":83,"enemies":"Awakened One","floor":50,"turns":10}],"seed_played":"-4881837625469601418","potions_obtained":[{"floor":3.0,"key":"LiquidBronze"},{"floor":6.0,"key":"Regen Potion"},{"floor":8.0,"key":"Ancient Potion"},{"floor":10.0,"key":"PowerPotion"},{"floor":16.0,"key":"LiquidBronze"},{"floor":18.0,"key":"Fire Potion"},{"floor":24.0,"key":"GhostInAJar"},{"floor":39.0,"key":"SpeedPotion"},{"floor":45.0,"key":"Weak Potion"},{"floor":47.0,"key":"SkillPotion"}],"is_trial":false,"path_per_floor":["M","?","M","?","?","E","R","E","T","E","R","M","$","M","R","B",null,"M","$","?","M","?","R","M","?","T","M","R","E","$","M","R","B",null,"M","?","T","?","?","R","$","M","T","T","E","R","M","?","R","B"],"character_chosen":"THE_SILENT","items_purchased":["Snake Skull","Poison Potion","Strength Potion","Bronze Scales","Mercury Hourglass"],"campfire_rested":4,"item_purchase_floors":[13,13,19,30,41],"current_hp_per_floor":[63,68,68,68,68,68,68,34,34,19,43,41,41,38,38,19,66,60,60,60,57,57,57,56,56,56,48,48,38,38,26,50,23,67,67,10,10,10,10,34,34,30,30,30,25,49,29,72,72,0],"gold":96,"neow_bonus":"THREE_ENEMY_KILL","is_prod":false,"is_daily":false,"chose_seed":false,"campfire_upgraded":5,"win_rate":0,"timestamp":1559769130,"path_taken":["M","?","M","?","?","E","R","E","T","E","R","?","$","M","R","BOSS","M","$","?","M","?","R","M","?","T","M","R","E","$","M","R","BOSS","M","?","?","?","?","R","$","?","T","?","E","R","M","?","R","BOSS"],"build_version":"2019-01-23","purchased_purges":3,"victory":false,"max_hp_per_floor":[70,75,75,75,75,75,75,82,82,82,82,82,82,82,82,82,82,82,82,82,82,82,82,82,82,82,82,82,82,82,82,82,82,82,82,82,82,82,82,82,82,82,82,82,82,82,82,72,72,72],"card_choices":[{"not_picked":["Poisoned Stab","Slice"],"picked":"Blur","floor":1.0},{"not_picked":["Quick Slash","Escape Plan"],"picked":"Noxious Fumes","floor":3.0},{"not_picked":["Heel Hook","Underhanded Strike","Deflect"],"picked":"SKIP","floor":6.0},{"not_picked":["Deflect","Dodge and Roll"],"picked":"Noxious Fumes","floor":8.0},{"not_picked":["Eviscerate","Skewer"],"picked":"Crippling Poison","floor":10.0},{"not_picked":["Escape Plan","Backstab","Masterful Stab"],"picked":"SKIP","floor":12.0},{"not_picked":["Eviscerate","Acrobatics"],"picked":"Wraith Form v2","floor":14.0},{"not_picked":["Night Terror","Doppelganger"],"picked":"After Image","floor":16.0},{"not_picked":["Deflect","Riddle With Holes","Reflex+1"],"picked":"SKIP","floor":18.0},{"not_picked":["Dagger Throw+1","PiercingWail"],"picked":"Backflip","floor":21.0},{"not_picked":["Dagger Throw","Slice"],"picked":"Corpse Explosion","floor":24.0},{"not_picked":["Outmaneuver","Sucker Punch"],"picked":"Well Laid Plans","floor":27.0},{"not_picked":["All Out Attack","Dodge and Roll"],"picked":"PiercingWail+1","floor":29.0},{"not_picked":["Cloak And Dagger+1","Choke"],"picked":"Die Die Die","floor":31.0},{"not_picked":["Deflect","Leg Sweep"],"picked":"Noxious Fumes+1","floor":34.0},{"not_picked":["Deflect","Sucker Punch+1"],"picked":"Adrenaline","floor":34.0},{"not_picked":["Deflect","Quick Slash+1","Bane"],"picked":"SKIP","floor":35.0},{"not_picked":["Flying Knee","Unload"],"picked":"Blur+1","floor":42.0},{"not_picked":["PiercingWail+1","Deadly Poison","Caltrops+1"],"picked":"SKIP","floor":45.0},{"not_picked":["Predator+1","All Out Attack+1","Masterful Stab+1"],"picked":"SKIP","floor":47.0}],"player_experience":172021,"relics_obtained":[{"floor":6.0,"key":"Ancient Tea Set"},{"floor":8.0,"key":"Strawberry"},{"floor":9.0,"key":"Pen Nib"},{"floor":10.0,"key":"Sundial"},{"floor":26.0,"key":"MawBank"},{"floor":29.0,"key":"Dead Branch"},{"floor":36.0,"key":"Shovel"},{"floor":37.0,"key":"Potion Belt"},{"floor":39.0,"key":"Nunchaku"},{"floor":43.0,"key":"Bottled Flame"},{"floor":44.0,"key":"Orichalcum"},{"floor":45.0,"key":"Bag of Marbles"}],"event_choices":[{"damage_healed":0.0,"max_hp_gain":5.0,"max_hp_loss":0.0,"gold_gain":0.0,"event_name":"Big Fish","player_choice":"Donut","floor":2.0,"gold_loss":0.0,"damage_taken":0.0},{"damage_healed":0.0,"max_hp_gain":0.0,"max_hp_loss":0.0,"gold_gain":0.0,"event_name":"Living Wall","player_choice":"Grow","floor":4.0,"gold_loss":0.0,"damage_taken":0.0,"cards_upgraded":["Noxious Fumes"]},{"damage_healed":0.0,"max_hp_gain":0.0,"max_hp_loss":0.0,"gold_gain":100.0,"event_name":"Golden Shrine","player_choice":"Pray","floor":5.0,"gold_loss":0.0,"damage_taken":0.0},{"damage_healed":0.0,"max_hp_gain":0.0,"max_hp_loss":0.0,"gold_gain":0.0,"event_name":"Vampires","player_choice":"Ignored","floor":20.0,"gold_loss":0.0,"damage_taken":0.0},{"damage_healed":0.0,"max_hp_gain":0.0,"max_hp_loss":0.0,"gold_gain":0.0,"event_name":"Back to Basics","player_choice":"Simplicity","floor":22.0,"gold_loss":0.0,"damage_taken":0.0,"cards_upgraded":["Defend_G","Defend_G","Defend_G","Defend_G","Defend_G","Strike_G","Strike_G","Strike_G"]},{"damage_healed":0.0,"max_hp_gain":0.0,"max_hp_loss":0.0,"gold_gain":0.0,"event_name":"The Library","player_choice":"Read","floor":25.0,"gold_loss":0.0,"damage_taken":0.0,"cards_obtained":["Footwork"]},{"damage_healed":0.0,"max_hp_gain":0.0,"max_hp_loss":0.0,"gold_gain":0.0,"event_name":"Mysterious Sphere","player_choice":"Fight","floor":36.0,"gold_loss":0.0,"damage_taken":0.0},{"cards_removed":["Strike_G"],"damage_healed":0.0,"max_hp_gain":0.0,"max_hp_loss":0.0,"gold_gain":0.0,"event_name":"Falling","player_choice":"Removed Attack","floor":38.0,"gold_loss":0.0,"damage_taken":0.0},{"damage_healed":0.0,"max_hp_gain":0.0,"max_hp_loss":0.0,"gold_gain":0.0,"event_name":"MindBloom","player_choice":"Fight","floor":39.0,"gold_loss":0.0,"damage_taken":0.0},{"damage_healed":72.0,"max_hp_gain":0.0,"max_hp_loss":10.0,"gold_gain":0.0,"event_name":"The Moai Head","player_choice":"Heal","floor":48.0,"gold_loss":0.0,"damage_taken":0.0}],"is_beta":false,"boss_relics":[{"not_picked":["Snecko Eye","Lizard Tail"],"picked":"HoveringKite"},{"not_picked":["Tiny House","White Beast Statue"],"picked":"Orrery"}],"items_purged_floors":[13,19,41],"is_endless":false,"potions_floor_spawned":[3,6,8,10,16,18,24,29,39,45,47],"killed_by":"Awakened One","ascension_level":10}