{"gold_per_floor":[114,124,134,151,53,53,86,86,86,86,98,117,9,9,9,9],"floor_reached":16,"playtime":456,"items_purged":[],"score":107,"play_id":"b78ade96-71b5-4cff-800f-b12a1a90394f","local_time":"20190419100431","is_ascension_mode":true,"campfire_choices":[{"data":"Corpse Explosion","floor":6,"key":"SMITH"},{"floor":8,"key":"REST"},{"data":"Backflip","floor":10,"key":"SMITH"},{"data":"Noxious Fumes","floor":15,"key":"SMITH"}],"neow_cost":"NONE","seed_source_timestamp":257153991697064,"circlet_count":0,"master_deck":["Defend_G","Defend_G","Defend_G","Defend_G","Defend_G","Strike_G","Strike_G","Strike_G","Strike_G","Strike_G","Survivor","Neutralize","Prepared","Acrobatics","Corpse Explosion+1","PiercingWail","Backflip+1","Deadly Poison","Noxious Fumes","Bouncing Flask","Noxious Fumes+1","Crippling Poison"],"relics":["Ring of the Snake","NeowsBlessing","Pen Nib","Bag of Marbles"],"potions_floor_usage":[7],"damage_taken":[{"damage":0,"enemies":"Cultist","floor":1,"turns":1},{"damage":0,"enemies":"Jaw Worm","floor":2,"turns":1},{"damage":0,"enemies":"2 Louse","floor":3,"turns":1},{"damage":14,"enemies":"Exordium Wildlife","floor":4,"turns":6},{"damage":21,"enemies":"3 Sentries","floor":7,"turns":4},{"damage":2,"enemies":"Red Slaver","floor":11,"turns":5},{"damage":0,"enemies":"Large Slime","floor":12,"turns":5},{"damage":57,"enemies":"Slime Boss","floor":16,"turns":6}],"seed_played":"2807231953348110510","potions_obtained":[{"floor":4,"key":"Strength Potion"},{"floor":11,"key":"Ancient Potion"},{"floor":12,"key":"GamblersBrew"}],"is_trial":false,"path_per_floor":["M","M","M","M","$","R","E","R","T","R","M","M","$","?","R","B"],"character_chosen":"THE_SILENT","items_purchased":["PiercingWail","Backflip","Bouncing Flask","Noxious Fumes"],"campfire_rested":1,"item_purchase_floors":[5,5,13,13],"current_hp_per_floor":[70,70,70,56,56,56,35,56,56,56,54,54,54,54,54,0],"gold":9,"neow_bonus":"THREE_ENEMY_KILL","is_prod":false,"is_daily":false,"chose_seed":false,"campfire_upgraded":3,"win_rate":0,"timestamp":1555639471,"path_taken":["M","M","M","M","$","R","E","R","T","R","M","M","$","?","R","BOSS"],"build_version":"2019-01-23","purchased_purges":0,"victory":false,"max_hp_per_floor":[70,70,70,70,70,70,70,70,70,70,70,70,70,70,70,70],"card_choices":[{"not_picked":["Quick Slash","Deflect"],"picked":"Prepared","floor":1},{"not_picked":["Deflect","Outmaneuver"],"picked":"Acrobatics","floor":2},{"not_picked":["Dodge and Roll","Concentrate"],"picked":"Corpse Explosion","floor":3},{"not_picked":["Outmaneuver","Sucker Punch","Flying Knee"],"picked":"SKIP","floor":4},{"not_picked":["Endless Agony","Setup"],"picked":"Deadly Poison","floor":7},{"not_picked":["Dodge and Roll","Eviscerate","Flechettes"],"picked":"SKIP","floor":11},{"not_picked":["Dagger Spray","Leg Sweep"],"picked":"Noxious Fumes","floor":12}],"player_experience":75014,"relics_obtained":[{"floor":7,"key":"Pen Nib"},{"floor":9,"key":"Bag of Marbles"}],"event_choices":[{"damage_healed":0,"gold_gain":0,"player_choice":"1 cards matched","damage_taken":0,"max_hp_gain":0,"max_hp_loss":0,"event_name":"Match and Keep!","floor":14,"gold_loss":0,"cards_obtained":["Crippling Poison"]}],"is_beta":false,"boss_relics":[],"items_purged_floors":[],"is_endless":false,"potions_floor_spawned":[4,11,12],"killed_by":"Slime Boss","ascension_level":1}