{"gold_per_floor":[111,124,140,140,140,65,65,76,76,76,96,96,114,124,124,221,221,234,234,86,185,185,185,202,213,288,13,24,24,24,35,35,132,132,142,242,114,134,144,144,144,159,159,159,170,183,183,195,195,195],"floor_reached":50,"playtime":4436,"items_purged":["Defend_G","Defend_G","Strike_G"],"score":438,"play_id":"ec19fef6-1834-4829-ac52-da0967577ced","local_time":"20190816183229","is_ascension_mode":false,"campfire_choices":[{"data":"Poisoned Stab","floor":7,"key":"SMITH"},{"data":"Survivor","floor":10,"key":"SMITH"},{"floor":15,"key":"REST"},{"floor":23,"key":"REST"},{"floor":30,"key":"REST"},{"floor":32,"key":"REST"},{"floor":40,"key":"REST"},{"floor":44,"key":"REST"},{"floor":47,"key":"REST"},{"floor":49,"key":"REST"}],"neow_cost":"NONE","seed_source_timestamp":15175008231616,"circlet_count":0,"master_deck":["Strike_G","Defend_G","Defend_G","Defend_G","Survivor+1","Neutralize","Bane","Dagger Spray","Poisoned Stab+1","Deflect","Bouncing Flask","Venomology","Burst","Deflect","Backflip+1","Bane","Noxious Fumes","PiercingWail+1","Distraction","Envenom","Deadly Poison","Deadly Poison+1","Deflect+1","Deadly Poison+1","Parasite","Backflip+1"],"relics":["Ring of the Snake","Tingsha","Lizard Tail","Unceasing Top","Shuriken","Lantern","Velvet Choker","Bird Faced Urn","StoneCalendar"],"potions_floor_usage":[16,18,18,25,25,28,31,33,33,35,39,39,42,42,45,46,50,50,50],"damage_taken":[{"damage":0,"enemies":"2 Louse","floor":1,"turns":4},{"damage":0,"enemies":"Cultist","floor":2,"turns":5},{"damage":2,"enemies":"Small Slimes","floor":3,"turns":4},{"damage":0,"enemies":"2 Fungi Beasts","floor":8,"turns":3},{"damage":1,"enemies":"Blue Slaver","floor":11,"turns":3},{"damage":0,"enemies":"Large Slime","floor":13,"turns":5},{"damage":0,"enemies":"Looter","floor":14,"turns":3},{"damage":30,"enemies":"The Guardian","floor":16,"turns":10},{"damage":27,"enemies":"3 Byrds","floor":18,"turns":6},{"damage":11,"enemies":"Spheric Guardian","floor":24,"turns":4},{"damage":16,"enemies":"Centurion and Healer","floor":25,"turns":7},{"damage":17,"enemies":"Shelled Parasite and Fungi","floor":28,"turns":7},{"damage":14,"enemies":"Cultist and Chosen","floor":31,"turns":7},{"damage":53,"enemies":"Automaton","floor":33,"turns":12},{"damage":0,"enemies":"3 Shapes","floor":35,"turns":4},{"damage":12,"enemies":"Mind Bloom Boss Battle","floor":36,"turns":6},{"damage":20,"enemies":"Orb Walker","floor":38,"turns":3},{"damage":19,"enemies":"Transient","floor":39,"turns":5},{"damage":50,"enemies":"3 Darklings","floor":42,"turns":7},{"damage":39,"enemies":"Maw","floor":45,"turns":7},{"damage":6,"enemies":"Writhing Mass","floor":46,"turns":5},{"damage":28,"enemies":"Jaw Worm Horde","floor":48,"turns":6},{"damage":56,"enemies":"Awakened One","floor":50,"turns":8}],"seed_played":"9178724542568697997","potions_obtained":[{"floor":1,"key":"FearPotion"},{"floor":2,"key":"FairyPotion"},{"floor":18,"key":"FearPotion"},{"floor":38,"key":"GhostInAJar"},{"floor":42,"key":"Strength Potion"},{"floor":46,"key":"Strength Potion"}],"is_trial":false,"path_per_floor":["M","M","M","?","?","$","R","M","T","R","M","?","M","M","R","B",null,"M","?","$","?","?","R","M","M","T","$","M","?","R","M","R","B",null,"M","?","$","M","M","R","?","M","T","R","M","M","R","M","R","B"],"character_chosen":"THE_SILENT","items_purchased":["Bane","Lantern","Deadly Poison","GamblersBrew"],"campfire_rested":8,"item_purchase_floors":[20,27,37,37],"current_hp_per_floor":[70,70,68,68,61,61,61,61,61,61,60,60,60,60,70,40,70,43,43,43,43,43,64,53,37,37,37,35,35,56,42,63,10,70,70,58,58,40,25,46,46,7,7,28,35,31,52,28,49,0],"gold":195,"neow_bonus":"TRANSFORM_CARD","is_prod":false,"is_daily":false,"chose_seed":false,"campfire_upgraded":2,"win_rate":0.0,"timestamp":1565969549,"path_taken":["M","M","M","?","?","$","R","M","T","R","M","?","?","M","R","BOSS","M","?","$","?","?","R","M","M","T","?","M","?","R","M","R","BOSS","M","?","$","M","M","R","?","M","T","R","M","M","R","M","R","BOSS"],"build_version":"2019-07-17","purchased_purges":3,"victory":false,"max_hp_per_floor":[70,70,70,70,70,70,70,70,70,70,70,70,70,70,70,70,70,70,70,70,70,70,70,70,70,70,70,70,70,70,70,70,70,70,70,70,70,70,70,70,70,70,70,70,70,70,70,70,70,70],"card_choices":[{"not_picked":["Choke","Finisher"],"picked":"Bane","floor":1},{"not_picked":["Prepared","Quick Slash"],"picked":"Dagger Spray","floor":2},{"not_picked":["Quick Slash","Infinite Blades"],"picked":"Poisoned Stab","floor":3},{"not_picked":["Flying Knee","Eviscerate"],"picked":"Deflect","floor":8},{"not_picked":["Deflect","Skewer"],"picked":"Bouncing Flask","floor":11},{"not_picked":["Outmaneuver","Slice"],"picked":"Burst","floor":13},{"not_picked":["Quick Slash","Dodge and Roll"],"picked":"Deflect","floor":14},{"not_picked":["Underhanded Strike","Eviscerate"],"picked":"Backflip+1","floor":18},{"not_picked":["Sucker Punch","Well Laid Plans"],"picked":"Noxious Fumes","floor":24},{"not_picked":["Flying Knee+1","Backstab"],"picked":"PiercingWail+1","floor":25},{"not_picked":["Underhanded Strike","Escape Plan+1"],"picked":"Distraction","floor":28},{"not_picked":["Flying Knee","Bane","Backflip"],"picked":"SKIP","floor":31},{"not_picked":["Adrenaline","Glass Knife"],"picked":"Envenom","floor":33},{"not_picked":["Quick Slash+1","Prepared+1","Slice"],"picked":"SKIP","floor":35},{"not_picked":["Flechettes","Sucker Punch","Blade Dance"],"picked":"SKIP","floor":38},{"not_picked":["Riddle With Holes","Bane+1"],"picked":"Deadly Poison+1","floor":39},{"not_picked":["Flechettes","Outmaneuver"],"picked":"Deflect+1","floor":42},{"not_picked":["Heel Hook+1","Outmaneuver+1"],"picked":"Deadly Poison+1","floor":45},{"not_picked":["Endless Agony","Flying Knee+1"],"picked":"Backflip+1","floor":46},{"not_picked":["Malaise","Skewer","Backflip+1"],"picked":"SKIP","floor":48}],"player_experience":31008,"relics_obtained":[{"floor":9,"key":"Tingsha"},{"floor":26,"key":"Shuriken"},{"floor":36,"key":"Bird Faced Urn"},{"floor":43,"key":"StoneCalendar"}],"event_choices":[{"damage_healed":0,"gold_gain":0,"cards_transformed":["Tools of the Trade"],"player_choice":"Change","damage_taken":0,"max_hp_gain":0,"max_hp_loss":0,"event_name":"Living Wall","floor":4,"gold_loss":0,"cards_obtained":["Malaise"]},{"cards_removed":["Strike_G"],"damage_healed":0,"gold_gain":0,"player_choice":"Card Removal","damage_taken":7,"max_hp_gain":0,"max_hp_loss":0,"event_name":"Golden Wing","floor":5,"gold_loss":0},{"damage_healed":0,"gold_gain":0,"cards_transformed":["Malaise"],"player_choice":"Transformed","damage_taken":0,"max_hp_gain":0,"max_hp_loss":0,"event_name":"Transmorgrifier","floor":12,"gold_loss":0,"cards_obtained":["Venomology"]},{"damage_healed":0,"gold_gain":0,"player_choice":"Opened","damage_taken":0,"relics_obtained":["Unceasing Top"],"max_hp_gain":0,"max_hp_loss":0,"event_name":"The Mausoleum","floor":19,"gold_loss":0},{"damage_healed":0,"gold_gain":99,"player_choice":"Stole From Cult","damage_taken":0,"max_hp_gain":0,"max_hp_loss":0,"event_name":"Nest","floor":21,"gold_loss":0},{"cards_removed":["Strike_G"],"damage_healed":0,"gold_gain":0,"player_choice":"Elegance","damage_taken":0,"max_hp_gain":0,"max_hp_loss":0,"event_name":"Back to Basics","floor":22,"gold_loss":0},{"damage_healed":0,"gold_gain":0,"player_choice":"Ignored","damage_taken":0,"max_hp_gain":0,"max_hp_loss":0,"event_name":"Cursed Tome","floor":29,"gold_loss":0},{"damage_healed":0,"gold_gain":0,"player_choice":"Fight","damage_taken":0,"max_hp_gain":0,"max_hp_loss":0,"event_name":"MindBloom","floor":36,"gold_loss":0},{"damage_healed":0,"gold_gain":0,"player_choice":"Ignored","damage_taken":0,"max_hp_gain":0,"max_hp_loss":0,"event_name":"Mysterious Sphere","floor":41,"gold_loss":0}],"is_beta":false,"boss_relics":[{"not_picked":["Eternal Feather","Snecko Eye"],"picked":"Lizard Tail"},{"not_picked":["WristBlade","Ring of the Serpent"],"picked":"Velvet Choker"}],"items_purged_floors":[6,20,27],"is_endless":false,"potions_floor_spawned":[1,2,13,14,18,38,42,46],"killed_by":"Awakened One","ascension_level":0}