{"gold_per_floor":[119,138,154,79,93,93,113,13,13,13,13,33,33,51,51,155,205,180,196,196,146,162,86,102,113,139,139,139,150,168,186,186,285,285,295,295,309,323,323,323,338,338,362,376,376,376,376,388,388,388],"floor_reached":50,"playtime":5558,"items_purged":["Strike_G","Defend_G"],"score":442,"play_id":"75a9e3c3-9dcf-43c5-b648-1208fabbcaa7","local_time":"20190816152724","is_ascension_mode":false,"campfire_choices":[{"data":"Poisoned Stab","floor":6,"key":"SMITH"},{"data":"Bane","floor":13,"key":"SMITH"},{"floor":15,"key":"REST"},{"floor":28,"key":"REST"},{"floor":32,"key":"REST"},{"floor":40,"key":"REST"},{"floor":42,"key":"REST"},{"data":"Bouncing Flask","floor":47,"key":"SMITH"},{"floor":49,"key":"REST"}],"neow_cost":"NONE","seed_source_timestamp":2954566230838,"circlet_count":0,"master_deck":["Strike_G","Strike_G","Defend_G","Defend_G","Defend_G","Survivor","Neutralize","Deadly Poison","Poisoned Stab+1","Bane+1","Deflect+1","Leg Sweep","Deflect","Bouncing Flask+1","PiercingWail","Burst","Deadly Poison","Poisoned Stab","Well Laid Plans","Backflip","Noxious Fumes","Deadly Poison","Distraction+1","After Image","Bane+1","Chrysalis","Doubt","Dagger Spray+1"],"relics":["Ring of the Snake","Boot","Tiny House","Regal Pillow","Eternal Feather","Potion Belt"],"potions_floor_usage":[16,24,24,33,33,33,50],"damage_taken":[{"damage":1,"enemies":"Jaw Worm","floor":1,"turns":5},{"damage":1,"enemies":"Cultist","floor":2,"turns":4},{"damage":1,"enemies":"Small Slimes","floor":3,"turns":4},{"damage":2,"enemies":"Blue Slaver","floor":5,"turns":4},{"damage":3,"enemies":"Exordium Thugs","floor":7,"turns":6},{"damage":3,"enemies":"Large Slime","floor":12,"turns":6},{"damage":4,"enemies":"2 Fungi Beasts","floor":14,"turns":3},{"damage":39,"enemies":"Slime Boss","floor":16,"turns":12},{"damage":17,"enemies":"2 Thieves","floor":18,"turns":5},{"damage":5,"enemies":"Spheric Guardian","floor":19,"turns":3},{"damage":0,"enemies":"Snake Plant","floor":22,"turns":3},{"damage":12,"enemies":"3 Cultists","floor":24,"turns":6},{"damage":12,"enemies":"Centurion and Healer","floor":25,"turns":8},{"damage":6,"enemies":"Snecko","floor":29,"turns":4},{"damage":5,"enemies":"Snake Plant","floor":30,"turns":4},{"damage":2,"enemies":"Chosen and Byrds","floor":31,"turns":4},{"damage":46,"enemies":"Collector","floor":33,"turns":11},{"damage":0,"enemies":"3 Shapes","floor":35,"turns":7},{"damage":11,"enemies":"Orb Walker","floor":37,"turns":5},{"damage":36,"enemies":"3 Darklings","floor":38,"turns":6},{"damage":38,"enemies":"4 Shapes","floor":41,"turns":11},{"damage":24,"enemies":"Sphere and 2 Shapes","floor":44,"turns":7},{"damage":57,"enemies":"Spire Growth","floor":48,"turns":8},{"damage":79,"enemies":"Time Eater","floor":50,"turns":6}],"seed_played":"9126669131627321225","potions_obtained":[{"floor":3,"key":"SpeedPotion"},{"floor":7,"key":"Fire Potion"},{"floor":12,"key":"GamblersBrew"},{"floor":17,"key":"SneckoOil"},{"floor":18,"key":"SteroidPotion"},{"floor":22,"key":"Fruit Juice"},{"floor":24,"key":"Ancient Potion"},{"floor":30,"key":"Block Potion"},{"floor":38,"key":"Swift Potion"},{"floor":44,"key":"SkillPotion"}],"is_trial":false,"path_per_floor":["M","M","M","$","M","R","M","$","T","?","$","M","R","M","R","B",null,"M","M","?","?","M","$","M","M","T","?","R","M","M","M","R","B",null,"M","?","M","M","?","R","M","R","T","M","?","?","R","M","R","B"],"character_chosen":"THE_SILENT","items_purchased":["Noxious Fumes"],"campfire_rested":6,"item_purchase_floors":[23],"current_hp_per_floor":[69,68,67,67,65,65,62,62,62,62,62,59,59,55,70,31,75,58,53,53,53,53,53,46,34,34,60,80,74,69,67,80,34,80,80,80,69,33,33,80,42,80,80,56,80,80,80,23,77,0],"gold":388,"neow_bonus":"THREE_CARDS","is_prod":false,"is_daily":false,"chose_seed":false,"campfire_upgraded":3,"win_rate":0.0,"timestamp":1565958444,"path_taken":["M","M","M","$","M","R","M","$","T","?","?","M","R","M","R","BOSS","M","M","?","?","?","$","M","M","T","?","R","M","M","M","R","BOSS","M","?","M","M","?","R","M","R","T","M","?","?","R","?","R","BOSS"],"build_version":"2019-07-17","purchased_purges":2,"victory":false,"max_hp_per_floor":[70,70,70,70,70,70,70,70,70,70,70,70,70,70,70,70,75,75,75,75,75,75,75,80,80,80,80,80,80,80,80,80,80,80,80,80,80,80,80,80,80,80,80,80,80,80,80,80,80,80],"card_choices":[{"not_picked":["Bane","Dagger Throw"],"picked":"Deadly Poison","floor":0},{"not_picked":["Eviscerate","Distraction"],"picked":"Poisoned Stab","floor":1},{"not_picked":["Deadly Poison","Heel Hook"],"picked":"Bane","floor":2},{"not_picked":["Venomology","Bane"],"picked":"Deflect","floor":3},{"not_picked":["Sucker Punch","Eviscerate"],"picked":"Leg Sweep","floor":5},{"not_picked":["Flechettes","Outmaneuver"],"picked":"Deflect","floor":7},{"not_picked":["Well Laid Plans","Reflex"],"picked":"Bouncing Flask","floor":12},{"not_picked":["Caltrops","Crippling Poison"],"picked":"PiercingWail","floor":14},{"not_picked":["Unload","Phantasmal Killer"],"picked":"Burst","floor":16},{"not_picked":["Heel Hook","Dodge and Roll"],"picked":"Deadly Poison","floor":17},{"not_picked":["Blur","Dagger Throw+1"],"picked":"Poisoned Stab","floor":18},{"not_picked":["Quick Slash","Dagger Throw+1","Outmaneuver"],"picked":"SKIP","floor":19},{"not_picked":["Flying Knee","Quick Slash"],"picked":"Backflip","floor":22},{"not_picked":["Slice","Caltrops+1"],"picked":"Deadly Poison","floor":24},{"not_picked":["Doppelganger","All Out Attack","Deadly Poison"],"picked":"SKIP","floor":25},{"not_picked":["Acrobatics","Dodge and Roll"],"picked":"Distraction+1","floor":29},{"not_picked":["Acrobatics","Predator","Well Laid Plans"],"picked":"SKIP","floor":30},{"not_picked":["Deflect+1","Outmaneuver","Backflip+1"],"picked":"SKIP","floor":31},{"not_picked":["A Thousand Cuts","Wraith Form v2"],"picked":"After Image","floor":33},{"not_picked":["Deadly Poison+1","Flying Knee+1"],"picked":"Bane+1","floor":35},{"not_picked":["Impatience","HandOfGreed"],"picked":"Chrysalis","floor":36},{"not_picked":["Bane","Backflip+1","Infinite Blades+1"],"picked":"SKIP","floor":37},{"not_picked":["Outmaneuver","Underhanded Strike+1","Deflect"],"picked":"SKIP","floor":38},{"not_picked":["Backflip","Dagger Throw","Sucker Punch+1"],"picked":"SKIP","floor":41},{"not_picked":["Backflip","Wraith Form v2","Poisoned Stab"],"picked":"SKIP","floor":44},{"not_picked":["Heel Hook","Tactician"],"picked":"Dagger Spray+1","floor":48}],"player_experience":25450,"relics_obtained":[{"floor":9,"key":"Boot"},{"floor":26,"key":"Regal Pillow"},{"floor":43,"key":"Potion Belt"}],"event_choices":[{"cards_removed":["Strike_G"],"damage_healed":0,"gold_gain":0,"player_choice":"Card Removal","damage_taken":0,"max_hp_gain":0,"max_hp_loss":0,"event_name":"Wheel of Change","floor":10,"gold_loss":0},{"damage_healed":0,"gold_gain":0,"cards_transformed":["Strike_G","Defend_G"],"player_choice":"Became Test Subject","damage_taken":0,"max_hp_gain":0,"max_hp_loss":0,"event_name":"Drug Dealer","floor":20,"gold_loss":0,"cards_obtained":["Predator","Well Laid Plans"]},{"damage_healed":0,"gold_gain":0,"player_choice":"Bet on Owner","damage_taken":0,"max_hp_gain":0,"max_hp_loss":0,"event_name":"The Joust","floor":21,"gold_loss":50},{"damage_healed":26,"gold_gain":0,"player_choice":"Heal","damage_taken":0,"max_hp_gain":0,"max_hp_loss":0,"event_name":"The Library","floor":27,"gold_loss":0},{"damage_healed":0,"gold_gain":0,"player_choice":"Memory 1","damage_taken":0,"max_hp_gain":0,"max_hp_loss":0,"event_name":"SensoryStone","floor":36,"gold_loss":0},{"damage_healed":0,"gold_gain":0,"player_choice":"Ignored","damage_taken":0,"max_hp_gain":0,"max_hp_loss":0,"event_name":"Tomb of Lord Red Mask","floor":39,"gold_loss":0},{"damage_healed":24,"gold_gain":0,"player_choice":"Heal","damage_taken":0,"max_hp_gain":0,"max_hp_loss":0,"event_name":"MindBloom","floor":45,"gold_loss":0,"cards_obtained":["Doubt"]},{"cards_removed":["Predator"],"damage_healed":0,"gold_gain":0,"player_choice":"Removed Attack","damage_taken":0,"max_hp_gain":0,"max_hp_loss":0,"event_name":"Falling","floor":46,"gold_loss":0}],"is_beta":false,"boss_relics":[{"not_picked":["Busted Crown","Coffee Dripper"],"picked":"Tiny House"},{"not_picked":["WristBlade","Sozu"],"picked":"Eternal Feather"}],"items_purged_floors":[4,8],"is_endless":false,"potions_floor_spawned":[3,7,12,14,18,22,24,30,38,44],"killed_by":"Time Eater","ascension_level":0}