{"gold_per_floor":[112,124,142,154,4,31,31,43,43,43,57,57],"floor_reached":12,"playtime":321,"items_purged":["Strike_B"],"score":86,"play_id":"6c9254c2-8bca-438a-860f-48a15378ad81","local_time":"20190418180731","is_ascension_mode":true,"campfire_choices":[{"floor":7,"key":"REST"},{"floor":10,"key":"REST"}],"neow_cost":"NONE","seed_source_timestamp":199865384663433,"circlet_count":0,"master_deck":["Strike_B","Strike_B","Strike_B","Defend_B","Defend_B","Defend_B","Defend_B","Zap","Dualcast","Redo","Compile Driver","Leap","Storm","Force Field","Chaos"],"relics":["Cracked Core","NeowsBlessing","Ancient Tea Set","Frozen Egg 2"],"potions_floor_usage":[],"damage_taken":[{"damage":0,"enemies":"Jaw Worm","floor":1,"turns":1},{"damage":0,"enemies":"Small Slimes","floor":2,"turns":1},{"damage":0,"enemies":"2 Louse","floor":3,"turns":1},{"damage":5,"enemies":"Blue Slaver","floor":4,"turns":3},{"damage":67,"enemies":"Gremlin Nob","floor":6,"turns":6},{"damage":15,"enemies":"Exordium Thugs","floor":8,"turns":6},{"damage":8,"enemies":"Red Slaver","floor":11,"turns":3},{"damage":28,"enemies":"Lots of Slimes","floor":12,"turns":3}],"seed_played":"793794237359550985","potions_obtained":[{"floor":2,"key":"SkillPotion"},{"floor":4,"key":"Block Potion"},{"floor":6,"key":"Strength Potion"}],"is_trial":false,"path_per_floor":["M","M","M","M","$","E","R","M","T","R","M","M"],"character_chosen":"DEFECT","items_purchased":["Storm"],"campfire_rested":2,"item_purchase_floors":[5],"current_hp_per_floor":[75,75,75,70,70,3,25,10,10,32,24,0],"gold":57,"neow_bonus":"THREE_ENEMY_KILL","is_prod":false,"is_daily":false,"chose_seed":false,"campfire_upgraded":0,"win_rate":0,"timestamp":1555582051,"path_taken":["M","M","M","M","$","E","R","M","T","R","M","M"],"build_version":"2019-01-23","purchased_purges":1,"victory":false,"max_hp_per_floor":[75,75,75,75,75,75,75,75,75,75,75,75],"card_choices":[{"not_picked":["Cold Snap","Sweeping Beam"],"picked":"Redo","floor":1},{"not_picked":["Hologram","Amplify"],"picked":"Compile Driver","floor":2},{"not_picked":["Chaos","Streamline"],"picked":"Leap","floor":3},{"not_picked":["Redo","Sweeping Beam","Rebound"],"picked":"SKIP","floor":4},{"not_picked":["Barrage","Self Repair"],"picked":"Force Field","floor":6},{"not_picked":["All For One","Hologram","Rebound"],"picked":"SKIP","floor":8},{"not_picked":["Stack","Recycle"],"picked":"Chaos","floor":11}],"player_experience":67587,"relics_obtained":[{"floor":6,"key":"Ancient Tea Set"},{"floor":9,"key":"Frozen Egg 2"}],"event_choices":[],"is_beta":false,"boss_relics":[],"items_purged_floors":[5],"is_endless":false,"potions_floor_spawned":[2,4,6],"killed_by":"Lots of Slimes","ascension_level":1}