{"gold_per_floor":[109,184,202,202,220,220,253,253,279,14,42,55,55,73,73,169,169,180,67,67,50,70,70,70,70,96,108,140,52,86,11,11,11],"floor_reached":33,"playtime":2304,"items_purged":["Defend_B","Defend_B"],"score":410,"play_id":"8a738614-bde4-47cc-a736-430e4b044f7e","local_time":"20190524162554","is_ascension_mode":true,"campfire_choices":[{"data":"Zap","floor":6.0,"key":"SMITH"},{"floor":8.0,"key":"REST"},{"floor":13.0,"key":"REST"},{"data":"White Noise","floor":15.0,"key":"SMITH"},{"floor":23.0,"key":"REST"},{"floor":25.0,"key":"REST"},{"floor":32,"key":"REST"}],"neow_cost":"NONE","seed_source_timestamp":2175658171796834,"circlet_count":0,"master_deck":["AscendersBane","Strike_B","Strike_B+1","Strike_B+1","Defend_B","Zap+1","Dualcast","Conserve Battery","Undo","Sunder","White Noise+1","Chill","BootSequence","Barrage","Ball Lightning","Buffer","Glacier","Capacitor","Glacier","Consume","Self Repair","Ball Lightning","Decay","Go for the Eyes","Electrodynamics"],"special_seed":0,"relics":["Cracked Core","Orichalcum","Whetstone","Lantern","Happy Flower","Shuriken","Orrery","MawBank","Anchor"],"potions_floor_usage":[30],"damage_taken":[{"damage":13.0,"enemies":"Jaw Worm","floor":1.0,"turns":4.0},{"damage":0.0,"enemies":"Small Slimes","floor":3.0,"turns":3.0},{"damage":0.0,"enemies":"Cultist","floor":5.0,"turns":3.0},{"damage":23.0,"enemies":"Lagavulin","floor":7.0,"turns":6.0},{"damage":14.0,"enemies":"Gremlin Nob","floor":11.0,"turns":3.0},{"damage":0.0,"enemies":"Large Slime","floor":12.0,"turns":4.0},{"damage":0.0,"enemies":"Blue Slaver","floor":14.0,"turns":3.0},{"damage":1.0,"enemies":"The Guardian","floor":16.0,"turns":12.0},{"damage":4.0,"enemies":"Spheric Guardian","floor":18.0,"turns":5.0},{"damage":28.0,"enemies":"2 Thieves","floor":21.0,"turns":4.0},{"damage":36.0,"enemies":"3 Cultists","floor":22.0,"turns":8.0},{"damage":18.0,"enemies":"Colosseum Slavers","floor":27.0,"turns":6.0},{"damage":2.0,"enemies":"Snecko","floor":28.0,"turns":5.0},{"damage":31,"enemies":"Gremlin Leader","floor":30,"turns":8},{"damage":63,"enemies":"Automaton","floor":33,"turns":6}],"seed_played":"3411426864719126722","potions_obtained":[{"floor":1.0,"key":"Swift Potion"},{"floor":11.0,"key":"Dexterity Potion"},{"floor":12.0,"key":"Dexterity Potion"},{"floor":14.0,"key":"Regen Potion"},{"floor":16.0,"key":"SteroidPotion"},{"floor":18.0,"key":"FocusPotion"},{"floor":30,"key":"FearPotion"}],"is_trial":false,"path_per_floor":["M","?","M","?","M","R","E","R","T","$","E","M","R","M","R","B",null,"M","$","?","M","M","R","?","R","T","?","M","$","E","?","R","B"],"character_chosen":"DEFECT","items_purchased":["Happy Flower","Chill","Fire Potion","Self Repair"],"campfire_rested":5,"item_purchase_floors":[10,10,10,19],"current_hp_per_floor":[55,44,44,44,44,44,21,43,43,43,29,29,51,51,51,65,73,69,69,69,41,12,34,34,56,56,45,50,50,26,26,48,0],"gold":11,"neow_bonus":"RANDOM_COMMON_RELIC","is_prod":false,"is_daily":false,"chose_seed":false,"campfire_upgraded":2,"win_rate":0,"timestamp":1558740354,"path_taken":["M","?","M","?","M","R","E","R","T","$","E","M","R","?","R","BOSS","M","$","?","M","M","R","?","R","T","?","M","$","E","?","R","BOSS"],"build_version":"2019-01-23","purchased_purges":2,"victory":false,"max_hp_per_floor":[75,75,75,75,75,75,75,75,75,75,75,75,75,75,75,75,75,75,75,75,75,75,75,75,75,75,75,75,75,75,75,75,75],"card_choices":[{"not_picked":["Aggregate","Heatsinks"],"picked":"Conserve Battery","floor":1.0},{"not_picked":["Beam Cell","Darkness"],"picked":"Undo","floor":3.0},{"not_picked":["Ball Lightning","Go for the Eyes"],"picked":"Sunder","floor":5.0},{"not_picked":["Steam Power","All For One"],"picked":"White Noise","floor":7.0},{"not_picked":["Leap","Undo"],"picked":"BootSequence","floor":11.0},{"not_picked":["Scrape","Turbo"],"picked":"Barrage","floor":12.0},{"not_picked":["Barrage","Recycle"],"picked":"Ball Lightning","floor":14.0},{"not_picked":["Biased Cognition","Reboot"],"picked":"Buffer","floor":16.0},{"not_picked":["Hologram","Melter"],"picked":"Glacier","floor":17.0},{"not_picked":["Cold Snap","Steam"],"picked":"Capacitor","floor":17.0},{"not_picked":["Darkness","Fusion"],"picked":"Glacier","floor":17.0},{"not_picked":["Chaos","Steam"],"picked":"Consume","floor":17.0},{"not_picked":["Reprogram","Heatsinks","Leap+1"],"picked":"SKIP","floor":18.0},{"not_picked":["Undo+1","Turbo+1"],"picked":"Ball Lightning","floor":21.0},{"not_picked":["Ball Lightning","Reprogram","Barrage"],"picked":"SKIP","floor":22.0},{"not_picked":["Streamline","Rip and Tear+1"],"picked":"Go for the Eyes","floor":28.0},{"not_picked":["Compile Driver","Darkness"],"picked":"Electrodynamics","floor":30}],"player_experience":557633,"relics_obtained":[{"floor":7.0,"key":"Whetstone"},{"floor":9.0,"key":"Lantern"},{"floor":11.0,"key":"Shuriken"},{"floor":26.0,"key":"MawBank"},{"floor":30,"key":"Anchor"}],"event_choices":[{"damage_healed":0.0,"max_hp_gain":0.0,"max_hp_loss":0.0,"gold_gain":75.0,"event_name":"World of Goop","player_choice":"Gather Gold","floor":2.0,"gold_loss":0.0,"damage_taken":11.0},{"cards_removed":["Defend_B"],"damage_healed":0.0,"max_hp_gain":0.0,"max_hp_loss":0.0,"gold_gain":0.0,"event_name":"Living Wall","player_choice":"Forget","floor":4.0,"gold_loss":0.0,"damage_taken":0.0},{"damage_healed":0.0,"max_hp_gain":0.0,"max_hp_loss":0.0,"gold_gain":0.0,"event_name":"Vampires","player_choice":"Ignored","floor":20.0,"gold_loss":0.0,"damage_taken":0.0},{"damage_healed":0.0,"max_hp_gain":0.0,"max_hp_loss":0.0,"gold_gain":0.0,"event_name":"Forgotten Altar","player_choice":"Smashed Altar","floor":24.0,"gold_loss":0.0,"damage_taken":0.0,"cards_obtained":["Decay"]},{"damage_healed":0.0,"max_hp_gain":0.0,"max_hp_loss":0.0,"gold_gain":0.0,"event_name":"Colosseum","player_choice":"Fight","floor":27.0,"gold_loss":0.0,"damage_taken":0.0},{"damage_healed":0.0,"max_hp_gain":0.0,"max_hp_loss":0.0,"gold_gain":0.0,"event_name":"Colosseum","player_choice":"Fled From Nobs","floor":27.0,"gold_loss":0.0,"damage_taken":0.0},{"cards_removed":["Strike_B"],"damage_healed":0,"gold_gain":0,"player_choice":"Gave Gold","damage_taken":0,"max_hp_gain":0,"max_hp_loss":0,"event_name":"Beggar","floor":31,"gold_loss":75}],"is_beta":false,"boss_relics":[{"not_picked":["Calling Bell","Eternal Feather"],"picked":"Orrery"}],"items_purged_floors":[19,29],"is_endless":false,"potions_floor_spawned":[1,11,12,14,16,18,30],"killed_by":"Automaton","ascension_level":10}