{"gold_per_floor":[119,138,12,24,34,34,49,60,60,60,60,90,90,119,119,215,215,231,131,145,162,7,7,7,18,18,18,18,33,33,53,53,148,148,165,176,0,100,100,100,100],"floor_reached":41,"playtime":1887,"items_purged":["Strike_R","Strike_R"],"score":413,"play_id":"6e82028a-6a20-45ed-8c05-e4f51bacfe61","local_time":"20190419211710","is_ascension_mode":true,"campfire_choices":[{"data":"Metallicize","floor":6,"key":"SMITH"},{"data":"Shrug It Off","floor":10,"key":"SMITH"},{"data":"Bash","floor":13,"key":"SMITH"},{"data":"Shrug It Off","floor":15,"key":"SMITH"},{"data":"Fire Breathing","floor":23,"key":"SMITH"},{"data":"True Grit","floor":30,"key":"SMITH"},{"data":"Cleave","floor":32,"key":"SMITH"},{"data":"Demon Form","floor":40,"key":"SMITH"}],"neow_cost":"NONE","seed_source_timestamp":36464010249110,"circlet_count":0,"master_deck":["Strike_R+1","Strike_R+1","Defend_R+1","Defend_R+1","Defend_R+1","Defend_R+1","Bash+1","Anger","True Grit+1","Shrug It Off+1","Metallicize+1","Shrug It Off+1","Demon Form+1","Intimidate","Fire Breathing+1","Shockwave+1","Cleave+1","Flame Barrier+1","Disarm","Body Slam","Good Instincts"],"relics":["Burning Blood","Orichalcum","Darkstone Periapt","Mark of Pain","Pen Nib","Blue Candle","Orrery","Red Mask","StoneCalendar"],"potions_floor_usage":[7,16,20,21,29,41],"damage_taken":[{"damage":5,"enemies":"2 Louse","floor":1,"turns":3},{"damage":8,"enemies":"Jaw Worm","floor":2,"turns":3},{"damage":0,"enemies":"Small Slimes","floor":4,"turns":4},{"damage":18,"enemies":"2 Fungi Beasts","floor":5,"turns":4},{"damage":3,"enemies":"Exordium Wildlife","floor":7,"turns":5},{"damage":3,"enemies":"Looter","floor":8,"turns":4},{"damage":13,"enemies":"Lagavulin","floor":14,"turns":7},{"damage":19,"enemies":"Slime Boss","floor":16,"turns":16},{"damage":6,"enemies":"Shell Parasite","floor":18,"turns":6},{"damage":6,"enemies":"3 Byrds","floor":20,"turns":7},{"damage":13,"enemies":"Snecko","floor":21,"turns":7},{"damage":8,"enemies":"3 Cultists","floor":25,"turns":7},{"damage":16,"enemies":"Chosen and Byrds","floor":29,"turns":8},{"damage":0,"enemies":"Snecko","floor":31,"turns":7},{"damage":57,"enemies":"Collector","floor":33,"turns":11},{"damage":21,"enemies":"3 Darklings","floor":35,"turns":7},{"damage":7,"enemies":"Orb Walker","floor":36,"turns":6},{"damage":0,"enemies":"Mind Bloom Boss Battle","floor":38,"turns":8},{"damage":83,"enemies":"Reptomancer","floor":41,"turns":6}],"seed_played":"-3073321927606901335","potions_obtained":[{"floor":2,"key":"FairyPotion"},{"floor":7,"key":"Ancient Potion"},{"floor":8,"key":"SkillPotion"},{"floor":16,"key":"Strength Potion"},{"floor":20,"key":"EssenceOfSteel"},{"floor":35,"key":"Weak Potion"}],"is_trial":false,"path_per_floor":["M","M","$","M","M","R","M","M","T","R","$","?","R","E","R","B",null,"M","$","M","M","$","R","?","M","T","?","?","M","R","M","R","B",null,"M","M","?","?","?","R","E"],"character_chosen":"IRONCLAD","items_purchased":["AttackPotion","Pen Nib"],"campfire_rested":0,"item_purchase_floors":[3,22],"current_hp_per_floor":[80,78,78,80,68,68,71,74,74,74,74,74,74,67,67,54,80,80,80,80,73,73,73,73,71,71,71,71,61,61,67,67,16,80,65,64,64,70,70,70,0],"gold":100,"neow_bonus":"TRANSFORM_CARD","is_prod":false,"is_daily":false,"chose_seed":false,"campfire_upgraded":8,"win_rate":0,"timestamp":1555679830,"path_taken":["M","M","$","M","M","R","M","M","T","R","$","?","R","E","R","BOSS","M","$","M","M","$","R","?","M","T","?","?","M","R","M","R","BOSS","M","M","?","?","?","R","E"],"build_version":"2019-01-23","purchased_purges":2,"victory":false,"max_hp_per_floor":[80,80,80,80,80,80,80,80,80,80,80,80,80,80,80,80,80,80,80,80,80,80,80,80,80,80,80,80,80,80,80,80,80,80,80,80,80,80,80,80,80],"card_choices":[{"not_picked":["Heavy Blade","Warcry","Havoc"],"picked":"SKIP","floor":1},{"not_picked":["Pommel Strike","Uppercut"],"picked":"True Grit","floor":2},{"not_picked":["Flex","Sever Soul"],"picked":"Shrug It Off","floor":4},{"not_picked":["Cleave","Sword Boomerang"],"picked":"Metallicize","floor":5},{"not_picked":["Combust","Corruption","Metallicize"],"picked":"SKIP","floor":7},{"not_picked":["True Grit","Flex","Warcry"],"picked":"SKIP","floor":8},{"not_picked":["Infernal Blade","Iron Wave"],"picked":"Shrug It Off","floor":14},{"not_picked":["Juggernaut","Reaper"],"picked":"Demon Form","floor":16},{"not_picked":["Spot Weakness","Havoc"],"picked":"Intimidate","floor":18},{"not_picked":["Iron Wave+1","Uppercut+1"],"picked":"Fire Breathing","floor":20},{"not_picked":["Iron Wave","Rage","Reckless Charge"],"picked":"SKIP","floor":21},{"not_picked":["Fiend Fire","Wild Strike","Warcry"],"picked":"SKIP","floor":25},{"not_picked":["Rampage","Headbutt+1"],"picked":"Shockwave+1","floor":29},{"not_picked":["Havoc","Burning Pact+1"],"picked":"Cleave","floor":31},{"not_picked":["Cleave","Flex+1"],"picked":"Flame Barrier+1","floor":34},{"not_picked":["Bloodletting","Infernal Blade"],"picked":"Disarm","floor":34},{"not_picked":["Sever Soul","Reckless Charge+1"],"picked":"Body Slam","floor":34},{"not_picked":["Warcry","Iron Wave+1","Sword Boomerang"],"picked":"SKIP","floor":35},{"not_picked":["Burning Pact+1","Iron Wave+1","Perfected Strike"],"picked":"SKIP","floor":36},{"not_picked":["Swift Strike","Panacea"],"picked":"Good Instincts","floor":39}],"player_experience":84352,"relics_obtained":[{"floor":9,"key":"Orichalcum"},{"floor":14,"key":"Darkstone Periapt"},{"floor":26,"key":"Blue Candle"},{"floor":38,"key":"StoneCalendar"}],"event_choices":[{"damage_healed":0,"gold_gain":30,"player_choice":"Searched \u00272\u0027 times","damage_taken":0,"max_hp_gain":0,"max_hp_loss":0,"event_name":"Dead Adventurer","floor":12,"gold_loss":0},{"damage_healed":0,"gold_gain":0,"player_choice":"Simplicity","damage_taken":0,"max_hp_gain":0,"max_hp_loss":0,"event_name":"Back to Basics","floor":24,"gold_loss":0,"cards_upgraded":["Strike_R","Strike_R","Defend_R","Defend_R","Defend_R","Defend_R"]},{"damage_healed":0,"gold_gain":0,"player_choice":"Ignored","damage_taken":0,"max_hp_gain":0,"max_hp_loss":0,"event_name":"The Mausoleum","floor":27,"gold_loss":0},{"damage_healed":0,"gold_gain":0,"player_choice":"Ignored","damage_taken":0,"max_hp_gain":0,"max_hp_loss":0,"event_name":"Beggar","floor":28,"gold_loss":0},{"damage_healed":0,"gold_gain":0,"player_choice":"Paid","damage_taken":0,"relics_obtained":["Red Mask"],"max_hp_gain":0,"max_hp_loss":0,"event_name":"Tomb of Lord Red Mask","floor":37,"gold_loss":176},{"damage_healed":0,"gold_gain":0,"player_choice":"Fight","damage_taken":0,"max_hp_gain":0,"max_hp_loss":0,"event_name":"MindBloom","floor":38,"gold_loss":0},{"damage_healed":0,"gold_gain":0,"player_choice":"Memory 1","damage_taken":0,"max_hp_gain":0,"max_hp_loss":0,"event_name":"SensoryStone","floor":39,"gold_loss":0}],"is_beta":false,"boss_relics":[{"not_picked":["Runic Pyramid","Cursed Key"],"picked":"Mark of Pain"},{"not_picked":["Fusion Hammer","Coffee Dripper"],"picked":"Orrery"}],"items_purged_floors":[3,19],"is_endless":false,"potions_floor_spawned":[2,7,8,16,18,20,35],"killed_by":"Reptomancer","ascension_level":1}