{"gold_per_floor":[109,129,141,28,46,46,71,71,120,130,130,140,162,128,128,128],"floor_reached":16,"playtime":1038,"items_purged":["Defend_G"],"score":158,"play_id":"f2a37aa0-22ed-44ae-b606-9e20c036bc56","local_time":"20190525124159","is_ascension_mode":true,"campfire_choices":[{"data":"Bouncing Flask","floor":6,"key":"SMITH"},{"floor":8,"key":"REST"},{"data":"Footwork","floor":11,"key":"SMITH"},{"floor":15,"key":"REST"}],"neow_cost":"NONE","seed_source_timestamp":2250030875292716,"circlet_count":0,"master_deck":["AscendersBane","Defend_G","Defend_G","Defend_G","Defend_G","Strike_G","Strike_G","Strike_G","Strike_G","Strike_G+1","Survivor","Neutralize+1","Crippling Poison","Bouncing Flask+1","Escape Plan","Footwork+1","Infinite Blades","Sucker Punch","Terror","Cloak And Dagger","Backflip"],"relics":["Ring of the Snake","Whetstone","Bottled Lightning","Lantern","Odd Mushroom"],"potions_floor_usage":[5,7,7,13,16],"damage_taken":[{"damage":3,"enemies":"Cultist","floor":1,"turns":4},{"damage":1,"enemies":"Jaw Worm","floor":2,"turns":5},{"damage":2,"enemies":"2 Louse","floor":3,"turns":3},{"damage":3,"enemies":"Looter","floor":5,"turns":3},{"damage":16,"enemies":"3 Sentries","floor":7,"turns":8},{"damage":7,"enemies":"2 Fungi Beasts","floor":10,"turns":4},{"damage":1,"enemies":"Blue Slaver","floor":12,"turns":4},{"damage":30,"enemies":"The Mushroom Lair","floor":13,"turns":5},{"damage":45,"enemies":"Slime Boss","floor":16,"turns":8}],"seed_played":"6928311319795280492","potions_obtained":[{"floor":1,"key":"Explosive Potion"},{"floor":2,"key":"Poison Potion"},{"floor":5,"key":"Dexterity Potion"},{"floor":7,"key":"Poison Potion"},{"floor":10,"key":"AttackPotion"}],"is_trial":false,"path_per_floor":["M","M","M","$","M","R","E","R","T","M","R","M","?","?","R","B"],"character_chosen":"THE_SILENT","items_purchased":["Footwork"],"campfire_rested":2,"item_purchase_floors":[4],"current_hp_per_floor":[60,59,57,57,54,54,38,59,59,52,52,51,21,21,42,0],"gold":128,"neow_bonus":"RANDOM_COMMON_RELIC","is_prod":false,"is_daily":false,"chose_seed":false,"campfire_upgraded":2,"win_rate":0,"timestamp":1558813319,"path_taken":["M","M","M","$","M","R","E","R","T","?","R","M","?","?","R","BOSS"],"build_version":"2019-01-23","purchased_purges":1,"victory":false,"max_hp_per_floor":[70,70,70,70,70,70,70,70,70,70,70,70,70,70,70,70],"card_choices":[{"not_picked":["Riddle With Holes","Infinite Blades"],"picked":"Crippling Poison","floor":1},{"not_picked":["Slice","Prepared"],"picked":"Bouncing Flask","floor":2},{"not_picked":["Flying Knee","Distraction"],"picked":"Escape Plan","floor":3},{"not_picked":["Flechettes","Concentrate"],"picked":"Infinite Blades","floor":5},{"not_picked":["Slice","Masterful Stab"],"picked":"Sucker Punch","floor":7},{"not_picked":["Skewer","Unload"],"picked":"Terror","floor":10},{"not_picked":["Deadly Poison","Blade Dance"],"picked":"Cloak And Dagger","floor":12},{"not_picked":["Eviscerate","Acrobatics"],"picked":"Backflip","floor":13}],"player_experience":559937,"relics_obtained":[{"floor":7,"key":"Bottled Lightning"},{"floor":9,"key":"Lantern"},{"floor":13,"key":"Odd Mushroom"}],"event_choices":[{"damage_healed":0,"gold_gain":0,"player_choice":"Fought Mushrooms","damage_taken":0,"max_hp_gain":0,"max_hp_loss":0,"event_name":"Mushrooms","floor":13,"gold_loss":0},{"damage_healed":0,"gold_gain":0,"player_choice":"Left Gold","damage_taken":0,"max_hp_gain":0,"max_hp_loss":0,"event_name":"World of Goop","floor":14,"gold_loss":34}],"is_beta":false,"boss_relics":[],"items_purged_floors":[4],"is_endless":false,"potions_floor_spawned":[1,2,5,7,10],"killed_by":"Slime Boss","ascension_level":11}