{"gold_per_floor":[116,116,70,70,88,116,134,134,134,134,64,64,76,105,105,209,209,219,134,134,153,171,171,44,44,44,44,55,6,6,25,25,125,125,138,150,52,2,2],"floor_reached":39,"playtime":6372,"items_purged":["Defend_B"],"score":453,"play_id":"a740697b-b91b-45d3-a973-9daf3af8db16","local_time":"20181112192738","is_ascension_mode":true,"campfire_choices":[{"data":"Redo","floor":8.0,"key":"SMITH"},{"data":"Redo","floor":10.0,"key":"SMITH"},{"data":"Zap","floor":12.0,"key":"SMITH"},{"data":"Cold Snap","floor":15.0,"key":"SMITH"},{"data":"Defragment","floor":23.0,"key":"SMITH"},{"data":"Biased Cognition","floor":25.0,"key":"SMITH"},{"data":"BootSequence","floor":27.0,"key":"SMITH"},{"data":"Blizzard","floor":30.0,"key":"SMITH"},{"floor":32.0,"key":"REST"}],"neow_cost":"NONE","seed_source_timestamp":0,"circlet_count":0,"master_deck":["Strike_B","Strike_B","Strike_B","Strike_B","Defend_B","Defend_B","Defend_B","Zap+1","Dualcast+1","Leap","Redo+1","Redo+1","BootSequence+1","Self Repair","Coolheaded+1","Cold Snap+1","Biased Cognition+1","Beam Cell+1","Defragment+1","Blizzard+1","Consume","Core Surge","Hologram+1"],"special_seed":0,"relics":["Cracked Core","NeowsBlessing","Nunchaku","WingedGreaves","War Paint","Philosopher\u0027s Stone","Turnip","Strawberry","Inserter","Blood Vial"],"potions_floor_usage":[39],"damage_taken":[{"damage":0.0,"enemies":"2 Louse","floor":1.0,"turns":1.0},{"damage":0.0,"enemies":"Cultist","floor":5.0,"turns":1.0},{"damage":0.0,"enemies":"Gremlin Nob","floor":6.0,"turns":1.0},{"damage":0.0,"enemies":"Jaw Worm","floor":7.0,"turns":3.0},{"damage":4.0,"enemies":"Red Slaver","floor":13.0,"turns":4.0},{"damage":31.0,"enemies":"3 Sentries","floor":14.0,"turns":9.0},{"damage":49.0,"enemies":"Hexaghost","floor":16.0,"turns":12.0},{"damage":17.0,"enemies":"Spheric Guardian","floor":18.0,"turns":5.0},{"damage":5.0,"enemies":"Shell Parasite","floor":21.0,"turns":6.0},{"damage":15.0,"enemies":"Snake Plant","floor":22.0,"turns":4.0},{"damage":14.0,"enemies":"Centurion and Healer","floor":28.0,"turns":8.0},{"damage":26.0,"enemies":"Sentry and Sphere","floor":31.0,"turns":4.0},{"damage":70.0,"enemies":"Collector","floor":33.0,"turns":17.0},{"damage":28,"enemies":"Orb Walker","floor":35,"turns":4},{"damage":62,"enemies":"3 Darklings","floor":36,"turns":6},{"damage":20,"enemies":"Jaw Worm Horde","floor":39,"turns":5}],"seed_played":"-4196718085649288328","potions_obtained":[{"floor":4.0,"key":"SteroidPotion"},{"floor":4.0,"key":"SneckoOil"},{"floor":4.0,"key":"LiquidBronze"},{"floor":18.0,"key":"SkillPotion"},{"floor":21.0,"key":"AttackPotion"}],"is_trial":false,"path_per_floor":["M","?","$","?","M","E","M","R","T","R","$","R","M","E","R","B",null,"M","?","?","M","M","R","$","R","T","R","M","$","R","M","R","B",null,"M","M","?","$","M"],"character_chosen":"DEFECT","items_purchased":["Redo","Self Repair","Dexterity Potion","Dexterity Potion","Block Potion"],"campfire_rested":1,"item_purchase_floors":[3,11,24,29,38],"current_hp_per_floor":[75,80,80,80,80,80,80,80,80,80,80,80,80,56,56,14,80,70,70,70,72,64,64,64,64,71,71,64,64,64,45,71,8,87,66,11,11,11,0],"gold":2,"neow_bonus":"THREE_ENEMY_KILL","is_prod":false,"is_daily":false,"chose_seed":false,"campfire_upgraded":8,"win_rate":0,"timestamp":1542076058,"path_taken":["M","?","$","?","M","E","M","R","T","R","$","R","?","E","R","BOSS","M","?","?","M","M","R","?","R","T","R","M","$","R","?","R","BOSS","M","M","?","?","?"],"build_version":"2018-11-08","purchased_purges":1,"victory":false,"max_hp_per_floor":[75,80,80,80,80,80,80,80,80,80,80,80,80,80,80,80,80,80,80,80,80,80,80,80,80,87,87,87,87,87,87,87,87,87,87,87,87,87,87],"card_choices":[{"not_picked":["Ball Lightning","Turbo"],"picked":"Leap","floor":1.0},{"not_picked":["Beam Cell","Rebound"],"picked":"Redo","floor":5.0},{"not_picked":["Steam","Storm"],"picked":"BootSequence","floor":6.0},{"not_picked":["Chaos","Stack","Force Field"],"picked":"SKIP","floor":7.0},{"not_picked":["Static Discharge","Fusion"],"picked":"Coolheaded","floor":13.0},{"not_picked":["Sweeping Beam","Steam Power"],"picked":"Cold Snap","floor":14.0},{"not_picked":["Machine Learning","Meteor Strike"],"picked":"Biased Cognition","floor":16.0},{"not_picked":["Lockon+1","Chaos"],"picked":"Beam Cell+1","floor":18.0},{"not_picked":["Cold Snap","Ball Lightning+1"],"picked":"Defragment","floor":21.0},{"not_picked":["Compile Driver+1","Redo","Hello World"],"picked":"SKIP","floor":22.0},{"not_picked":["Loop+1","Hologram"],"picked":"Blizzard","floor":28.0},{"not_picked":["Redo","Ball Lightning+1"],"picked":"Consume","floor":31.0},{"not_picked":["Thunder Strike","Electrodynamics"],"picked":"Core Surge","floor":33.0},{"not_picked":["Darkness","Gash","Stack"],"picked":"SKIP","floor":35},{"not_picked":["Redo+1","Leap+1"],"picked":"Hologram+1","floor":36}],"player_experience":1174860,"relics_obtained":[{"floor":6.0,"key":"Nunchaku"},{"floor":9.0,"key":"WingedGreaves"},{"floor":14.0,"key":"War Paint"},{"floor":26.0,"key":"Strawberry"}],"event_choices":[{"damage_healed":0.0,"max_hp_gain":5.0,"max_hp_loss":0.0,"gold_gain":0.0,"event_name":"Big Fish","player_choice":"Donut","floor":2.0,"gold_loss":0.0,"damage_taken":0.0},{"damage_healed":0.0,"max_hp_gain":0.0,"max_hp_loss":0.0,"gold_gain":0.0,"event_name":"Lab","player_choice":"Got Potions","floor":4.0,"gold_loss":0.0,"damage_taken":0.0},{"damage_healed":0.0,"max_hp_gain":0.0,"max_hp_loss":0.0,"gold_gain":0.0,"event_name":"Addict","player_choice":"Obtained Relic","floor":19.0,"gold_loss":85.0,"damage_taken":0.0,"relics_obtained":["Turnip"]},{"damage_healed":0.0,"max_hp_gain":0.0,"max_hp_loss":0.0,"gold_gain":0.0,"event_name":"The Mausoleum","player_choice":"Ignored","floor":20.0,"gold_loss":0.0,"damage_taken":0.0},{"damage_healed":0,"gold_gain":0,"player_choice":"Paid Gold","damage_taken":0,"relics_obtained":["Blood Vial"],"max_hp_gain":0,"max_hp_loss":0,"event_name":"WeMeetAgain","floor":37,"gold_loss":98}],"is_beta":false,"boss_relics":[{"not_picked":["Black Star","Runic Dome"],"picked":"Philosopher\u0027s Stone"},{"not_picked":["Eternal Feather","Calling Bell"],"picked":"Inserter"}],"items_purged_floors":[24],"is_endless":false,"potions_floor_spawned":[7,18,21],"killed_by":"Jaw Worm Horde","ascension_level":2}