{"gold_per_floor":[215,230,244,22,16,16,42,42,42,42,75,137,149,206,206,305,305,318,243,10,25,37,37,69,69,69,69,97,109,32,49,49,146,146,159,159,59,59,78,110,110,130,130,130,130,161,161,179,179,179],"floor_reached":51,"playtime":5624,"items_purged":["Strike_G","Strike_G"],"score":833,"play_id":"484697ce-a7dc-4e28-abf3-f046aaf8d912","local_time":"20181123125336","is_ascension_mode":true,"campfire_choices":[{"data":"Cloak And Dagger","floor":6.0,"key":"SMITH"},{"data":"Backflip","floor":8.0,"key":"SMITH"},{"floor":10.0,"key":"REST"},{"data":"Dagger Throw","floor":15.0,"key":"SMITH"},{"data":"Predator","floor":23.0,"key":"SMITH"},{"data":"Backstab","floor":25.0,"key":"SMITH"},{"data":"Footwork","floor":32,"key":"SMITH"},{"floor":41,"key":"REST"},{"data":"Accuracy","floor":44,"key":"SMITH"},{"floor":47,"key":"REST"},{"data":"Caltrops","floor":49,"key":"SMITH"}],"neow_cost":"NONE","seed_source_timestamp":0,"circlet_count":0,"master_deck":["Defend_G+1","Defend_G","Defend_G","Strike_G","Survivor","Neutralize","Dagger Throw+1","Blur+1","Cloak And Dagger+1","Backflip+1","Backstab+1","Doppelganger","Concentrate","Backflip","Malaise","Terror+1","Accuracy+1","Acrobatics+1","Predator+1","Backstab+1","PiercingWail+1","Footwork+1","Cloak And Dagger+1","Corpse Explosion","Flying Knee+1","Phantasmal Killer+1","Riddle With Holes+1","Underhanded Strike+1","Writhe","Caltrops+1","Prepared","Blade Dance+1","Finisher+1","Accuracy+1","Accuracy+1","Backstab","Skewer+1"],"special_seed":0,"relics":["Ring of the Serpent","Vajra","Incense Burner","Torii","Tough Bandages","Du-Vu Doll","Ancient Tea Set","War Paint","Bronze Scales","Bag of Marbles","Matryoshka","Astrolabe","Dream Catcher","Centennial Puzzle","Gremlin Horn","Smiling Mask"],"potions_floor_usage":[33,35,40,46,50,50,50],"damage_taken":[{"damage":1.0,"enemies":"Small Slimes","floor":1.0,"turns":3.0},{"damage":6.0,"enemies":"Jaw Worm","floor":2.0,"turns":5.0},{"damage":0.0,"enemies":"2 Louse","floor":3.0,"turns":3.0},{"damage":1.0,"enemies":"Exordium Thugs","floor":5.0,"turns":5.0},{"damage":21.0,"enemies":"Lagavulin","floor":7.0,"turns":7.0},{"damage":2.0,"enemies":"3 Sentries","floor":11.0,"turns":9.0},{"damage":0.0,"enemies":"Gremlin Gang","floor":13.0,"turns":4.0},{"damage":6.0,"enemies":"Lagavulin Event","floor":14.0,"turns":8.0},{"damage":14.0,"enemies":"Slime Boss","floor":16.0,"turns":12.0},{"damage":0.0,"enemies":"Shell Parasite","floor":18.0,"turns":6.0},{"damage":0.0,"enemies":"Spheric Guardian","floor":21.0,"turns":4.0},{"damage":1.0,"enemies":"Cultist and Chosen","floor":22.0,"turns":6.0},{"damage":2.0,"enemies":"Book of Stabbing","floor":24.0,"turns":5.0},{"damage":7.0,"enemies":"Gremlin Leader","floor":28.0,"turns":7.0},{"damage":0,"enemies":"3 Cultists","floor":29,"turns":5},{"damage":2,"enemies":"Shelled Parasite and Fungi","floor":31,"turns":4},{"damage":47,"enemies":"Champ","floor":33,"turns":15},{"damage":12,"enemies":"3 Darklings","floor":35,"turns":2},{"damage":11,"enemies":"Orb Walker","floor":39,"turns":2},{"damage":28,"enemies":"Giant Head","floor":40,"turns":8},{"damage":11,"enemies":"Sphere and 2 Shapes","floor":42,"turns":3},{"damage":22,"enemies":"Nemesis","floor":46,"turns":5},{"damage":0,"enemies":"Jaw Worm Horde","floor":48,"turns":2},{"damage":8,"enemies":"Donu and Deca","floor":50,"turns":10}],"seed_played":"-5136189616994127959","potions_obtained":[{"floor":5.0,"key":"FearPotion"},{"floor":7.0,"key":"GamblersBrew"},{"floor":14.0,"key":"LiquidBronze"},{"floor":16.0,"key":"EntropicBrew"},{"floor":21.0,"key":"AttackPotion"},{"floor":29,"key":"Swift Potion"},{"floor":31,"key":"Regen Potion"},{"floor":33,"key":"AttackPotion"},{"floor":35,"key":"GamblersBrew"},{"floor":42,"key":"Dexterity Potion"},{"floor":46,"key":"Explosive Potion"}],"is_trial":false,"path_per_floor":["M","M","M","$","M","R","E","R","T","R","E","?","M","?","R","B",null,"M","?","$","M","M","R","E","R","T","T","E","M","$","M","R","B",null,"M","?","$","?","M","E","R","M","T","R","?","E","R","M","R","B",null],"character_chosen":"THE_SILENT","items_purchased":["Vajra","Ancient Tea Set","Accuracy","Footwork"],"campfire_rested":3,"item_purchase_floors":[4,20,20,30],"current_hp_per_floor":[69,63,63,63,62,62,41,41,41,62,60,60,60,54,54,40,70,70,70,70,70,69,69,67,67,67,67,60,60,60,58,58,24,70,58,70,70,70,59,31,52,41,41,41,41,34,55,55,55,47],"gold":179,"neow_bonus":"HUNDRED_GOLD","is_prod":false,"is_daily":false,"chose_seed":false,"campfire_upgraded":8,"win_rate":0,"timestamp":1542999216,"path_taken":["M","M","M","$","M","R","E","R","T","R","E","?","M","?","R","BOSS","M","?","$","M","M","R","E","R","T","?","E","M","?","M","R","BOSS","M","?","$","?","M","E","R","?","T","R","?","E","R","M","R","BOSS"],"build_version":"2018-11-15","purchased_purges":2,"victory":true,"max_hp_per_floor":[70,70,70,70,70,70,70,70,70,70,70,70,70,70,70,70,70,70,70,70,70,70,70,70,70,70,70,70,70,70,70,70,70,70,70,70,70,70,70,70,70,70,70,70,70,70,70,70,70,70],"card_choices":[{"not_picked":["Prepared","Bane"],"picked":"Dagger Throw","floor":1.0},{"not_picked":["Poisoned Stab","Reflex"],"picked":"Blur","floor":2.0},{"not_picked":["Sucker Punch","Riddle With Holes"],"picked":"Cloak And Dagger","floor":3.0},{"not_picked":["Sucker Punch","Outmaneuver"],"picked":"Backflip","floor":5.0},{"not_picked":["Dagger Spray","Cloak And Dagger"],"picked":"Backstab","floor":7.0},{"not_picked":["Blade Dance","Prepared"],"picked":"Doppelganger","floor":11.0},{"not_picked":["Blade Dance","Sucker Punch"],"picked":"Concentrate","floor":13.0},{"not_picked":["Riddle With Holes","Deadly Poison"],"picked":"Backflip","floor":14.0},{"not_picked":["A Thousand Cuts","Phantasmal Killer"],"picked":"Malaise","floor":16.0},{"not_picked":["Eviscerate","Acrobatics"],"picked":"Terror+1","floor":18.0},{"not_picked":["Outmaneuver+1","Flying Knee"],"picked":"Acrobatics+1","floor":21.0},{"not_picked":["Calculated Gamble+1","Prepared"],"picked":"Predator","floor":22.0},{"not_picked":["Accuracy","Sucker Punch+1"],"picked":"Backstab+1","floor":24.0},{"not_picked":["Heel Hook","Unload","Concentrate"],"picked":"SKIP","floor":28.0},{"not_picked":["Reflex","Poisoned Stab"],"picked":"PiercingWail+1","floor":29},{"not_picked":["Backflip","Dagger Throw"],"picked":"Cloak And Dagger+1","floor":31},{"not_picked":["Malaise","Night Terror"],"picked":"Corpse Explosion","floor":33},{"not_picked":["Calculated Gamble","Deflect+1"],"picked":"Underhanded Strike+1","floor":35},{"not_picked":["Bouncing Flask","Caltrops+1"],"picked":"Prepared","floor":39},{"not_picked":["Catalyst","Underhanded Strike"],"picked":"Blade Dance+1","floor":40},{"not_picked":["Acrobatics","Blur+1"],"picked":"Finisher+1","floor":41},{"not_picked":["Bouncing Flask+1","Sucker Punch+1","Heel Hook"],"picked":"SKIP","floor":42},{"not_picked":["Reflex","Bane"],"picked":"Accuracy+1","floor":46},{"not_picked":["Acrobatics","Escape Plan"],"picked":"Backstab","floor":47},{"not_picked":["Expertise","Underhanded Strike+1"],"picked":"Skewer+1","floor":48}],"player_experience":287513,"relics_obtained":[{"floor":7.0,"key":"Incense Burner"},{"floor":9.0,"key":"Torii"},{"floor":11.0,"key":"Tough Bandages"},{"floor":14.0,"key":"Du-Vu Doll"},{"floor":24.0,"key":"War Paint"},{"floor":26.0,"key":"Bronze Scales"},{"floor":27.0,"key":"Bag of Marbles"},{"floor":28.0,"key":"Matryoshka"},{"floor":40,"key":"Dream Catcher"},{"floor":43,"key":"Centennial Puzzle"},{"floor":43,"key":"Gremlin Horn"},{"floor":46,"key":"Smiling Mask"}],"event_choices":[{"damage_healed":0.0,"max_hp_gain":0.0,"max_hp_loss":0.0,"gold_gain":62.0,"event_name":"Golden Wing","player_choice":"Gained Gold","floor":12.0,"gold_loss":0.0,"damage_taken":0.0},{"damage_healed":0.0,"max_hp_gain":0.0,"max_hp_loss":0.0,"gold_gain":0.0,"event_name":"Dead Adventurer","player_choice":"Searched \u00272\u0027 times","floor":14.0,"gold_loss":0.0,"damage_taken":0.0},{"cards_removed":["Defend_G"],"damage_healed":0.0,"max_hp_gain":0.0,"max_hp_loss":0.0,"gold_gain":0.0,"event_name":"Beggar","player_choice":"Gave Gold","floor":19.0,"gold_loss":75.0,"damage_taken":0.0},{"damage_healed":18,"gold_gain":0,"player_choice":"Writhe","damage_taken":0,"max_hp_gain":0,"max_hp_loss":0,"event_name":"Winding Halls","floor":36,"gold_loss":0,"cards_obtained":["Writhe"]},{"damage_healed":0,"gold_gain":0,"player_choice":"1 cards matched","damage_taken":0,"max_hp_gain":0,"max_hp_loss":0,"event_name":"Match and Keep!","floor":38,"gold_loss":0,"cards_obtained":["Caltrops"]},{"damage_healed":0,"gold_gain":0,"player_choice":"Copied","damage_taken":0,"max_hp_gain":0,"max_hp_loss":0,"event_name":"Duplicator","floor":45,"gold_loss":0,"cards_obtained":["Accuracy"]}],"is_beta":false,"boss_relics":[{"not_picked":["Runic Pyramid","Tiny House"],"picked":"Ring of the Serpent"},{"not_picked":["Orrery","Coffee Dripper"],"picked":"Astrolabe"}],"items_purged_floors":[4,37],"is_endless":false,"potions_floor_spawned":[5,7,14,16,21,29,31,33,35,42,46],"ascension_level":3}