{"gold_per_floor":[114,129,144,144,73,73,103,118,118,133,148,163,163,178,178,278,278,293,308,308,323,323],"floor_reached":22,"playtime":1532,"items_purged":[],"score":192,"play_id":"f7dd5e96-308c-4434-8594-a80611f60aff","local_time":"20190411194850","daily_mods":["Draft","Uncertain Future","Binary"],"is_ascension_mode":false,"campfire_choices":[{"data":"Well Laid Plans","floor":6,"key":"SMITH"},{"data":"Reflex","floor":15,"key":"SMITH"}],"neow_cost":"","seed_source_timestamp":0,"circlet_count":0,"master_deck":["Underhanded Strike","Deflect","Outmaneuver","Tactician","Backflip","Dodge and Roll","Acrobatics","Prepared","Dagger Throw","Quick Slash","PiercingWail+1","Quick Slash","Well Laid Plans+1","Underhanded Strike","Blade Dance","All Out Attack","Dagger Spray","Reflex+1","Underhanded Strike","Dodge and Roll","Corpse Explosion","Leg Sweep","Footwork"],"special_seed":17997,"relics":["Ring of the Snake","FaceOfCleric","Shovel","Dead Branch","WristBlade"],"potions_floor_usage":[16,16,16],"damage_taken":[{"damage":0,"enemies":"Cultist","floor":1,"turns":2},{"damage":0,"enemies":"Jaw Worm","floor":2,"turns":3},{"damage":0,"enemies":"2 Louse","floor":3,"turns":2},{"damage":18,"enemies":"3 Sentries","floor":7,"turns":5},{"damage":8,"enemies":"Blue Slaver","floor":8,"turns":3},{"damage":0,"enemies":"Gremlin Gang","floor":10,"turns":2},{"damage":0,"enemies":"2 Fungi Beasts","floor":11,"turns":2},{"damage":0,"enemies":"Exordium Thugs","floor":12,"turns":3},{"damage":0,"enemies":"3 Louse","floor":14,"turns":2},{"damage":33,"enemies":"Hexaghost","floor":16,"turns":11},{"damage":39,"enemies":"2 Thieves","floor":18,"turns":4},{"damage":0,"enemies":"Chosen","floor":19,"turns":3},{"damage":22,"enemies":"Shelled Parasite and Fungi","floor":21,"turns":6},{"damage":30,"enemies":"Snecko","floor":22,"turns":3}],"seed_played":"6366022716300994326","potions_obtained":[{"floor":7,"key":"Swift Potion"},{"floor":10,"key":"Poison Potion"},{"floor":11,"key":"Ancient Potion"},{"floor":16,"key":"Dexterity Potion"},{"floor":19,"key":"LiquidBronze"}],"is_trial":false,"path_per_floor":["M","M","M","?","$","R","E","M","T","M","M","M","?","M","R","B",null,"M","M","?","M","M"],"character_chosen":"THE_SILENT","items_purchased":["All Out Attack"],"campfire_rested":0,"item_purchase_floors":[5],"current_hp_per_floor":[70,70,70,70,70,70,53,46,46,47,48,49,49,50,50,18,77,39,40,40,19,0],"gold":323,"neow_bonus":"","is_prod":false,"is_daily":true,"chose_seed":false,"campfire_upgraded":2,"win_rate":0.0,"timestamp":1554983330,"path_taken":["M","M","M","?","$","R","E","M","T","M","?","M","?","M","R","BOSS","M","?","?","M","M"],"build_version":"2019-01-23","purchased_purges":0,"victory":false,"max_hp_per_floor":[70,70,70,70,70,70,71,72,72,73,74,75,75,76,76,77,77,78,79,79,80,80],"card_choices":[{"not_picked":["Backflip","Prepared"],"picked":"Underhanded Strike","floor":0},{"not_picked":["Outmaneuver","Sucker Punch"],"picked":"Deflect","floor":0},{"not_picked":["PiercingWail","Deadly Poison"],"picked":"Outmaneuver","floor":0},{"not_picked":["Dagger Throw","Reflex"],"picked":"Tactician","floor":0},{"not_picked":["Dodge and Roll","Sucker Punch"],"picked":"Backflip","floor":0},{"not_picked":["Outmaneuver","Quick Slash"],"picked":"Cloak And Dagger","floor":0},{"not_picked":["Backflip","Heel Hook"],"picked":"Dodge and Roll","floor":0},{"not_picked":["Sucker Punch","Underhanded Strike"],"picked":"Acrobatics","floor":0},{"not_picked":["Cloak And Dagger","Bane"],"picked":"Prepared","floor":0},{"not_picked":["Prepared","Sucker Punch"],"picked":"Dagger Throw","floor":0},{"not_picked":["Dash","Deadly Poison"],"picked":"Quick Slash","floor":0},{"not_picked":["Heel Hook","Catalyst"],"picked":"PiercingWail","floor":0},{"not_picked":["Bane","Reflex"],"picked":"Quick Slash","floor":0},{"not_picked":["Blade Dance","Blur"],"picked":"Well Laid Plans","floor":0},{"not_picked":["Caltrops","Prepared"],"picked":"Underhanded Strike","floor":0},{"not_picked":["Terror"],"picked":"Blade Dance","floor":1},{"not_picked":["Dodge and Roll","Poisoned Stab"],"picked":"SKIP","floor":2},{"not_picked":["Predator","Setup"],"picked":"SKIP","floor":3},{"not_picked":["PiercingWail","Predator"],"picked":"SKIP","floor":7},{"not_picked":["Flying Knee"],"picked":"Dagger Spray","floor":8},{"not_picked":["Finisher","Outmaneuver"],"picked":"SKIP","floor":10},{"not_picked":["Underhanded Strike"],"picked":"Reflex","floor":11},{"not_picked":["Deadly Poison"],"picked":"Underhanded Strike","floor":12},{"not_picked":["Glass Knife","Cloak And Dagger"],"picked":"SKIP","floor":14},{"not_picked":["Malaise"],"picked":"Corpse Explosion","floor":16},{"not_picked":["Caltrops"],"picked":"Leg Sweep","floor":18},{"not_picked":["Acrobatics","Catalyst"],"picked":"SKIP","floor":19},{"not_picked":["Setup+1"],"picked":"Footwork","floor":21}],"player_experience":33089,"relics_obtained":[{"floor":7,"key":"Shovel"},{"floor":9,"key":"Dead Branch"}],"event_choices":[{"damage_healed":0,"gold_gain":0,"player_choice":"Trade","damage_taken":0,"relics_obtained":["FaceOfCleric"],"max_hp_gain":0,"max_hp_loss":0,"event_name":"FaceTrader","floor":4,"gold_loss":0},{"damage_healed":0,"gold_gain":0,"cards_transformed":["Cloak And Dagger"],"player_choice":"Transformed","damage_taken":0,"max_hp_gain":0,"max_hp_loss":0,"event_name":"Transmorgrifier","floor":13,"gold_loss":0,"cards_obtained":["Dodge and Roll"]},{"damage_healed":0,"gold_gain":0,"player_choice":"Upgraded","damage_taken":0,"max_hp_gain":0,"max_hp_loss":0,"event_name":"Upgrade Shrine","floor":20,"gold_loss":0,"cards_upgraded":["PiercingWail"]}],"is_beta":false,"boss_relics":[{"not_picked":["Runic Pyramid","Snecko Eye"],"picked":"WristBlade"}],"items_purged_floors":[],"is_endless":false,"potions_floor_spawned":[7,10,11,16,19],"killed_by":"Snecko","ascension_level":0}