{"gold_per_floor":[117,133,133,150,168,168,179,213,213,213,228,193,208,228,228,329,329,343,358,32,32,47,47,81,81,81,81,109,109,34,54,54,54],"floor_reached":33,"playtime":3556,"items_purged":["Strike_B"],"score":419,"play_id":"70872ff9-8c84-456d-b7eb-f587e6e541c2","local_time":"20190330155824","is_ascension_mode":true,"campfire_choices":[{"data":"Loop","floor":6.0,"key":"SMITH"},{"data":"Zap","floor":10.0,"key":"SMITH"},{"floor":15,"key":"REST"},{"data":"Echo Form","floor":23,"key":"SMITH"},{"data":"Reinforced Body","floor":25,"key":"SMITH"},{"floor":27,"key":"REST"},{"floor":32,"key":"REST"}],"neow_cost":"NONE","seed_source_timestamp":223153038028022,"circlet_count":0,"master_deck":["Strike_B","Strike_B","Defend_B","Defend_B","Defend_B","Defend_B","Zap+1","Dualcast","Loop+1","Ball Lightning","Self Repair","Sweeping Beam","Reinforced Body+1","BootSequence","Steam","Chill","Echo Form+1","Seek","Undo","Ball Lightning+1","Doom and Gloom","Stack","Skim","Cold Snap","Doom and Gloom+1"],"special_seed":0,"relics":["Cracked Core","Question Card","Symbiotic Virus","Snecko Eye","Gambling Chip","Cables","Pear","Shuriken"],"potions_floor_usage":[16,22,24,28,28,33],"damage_taken":[{"damage":3.0,"enemies":"2 Louse","floor":1.0,"turns":2.0},{"damage":1.0,"enemies":"Cultist","floor":2.0,"turns":3.0},{"damage":7.0,"enemies":"Jaw Worm","floor":4.0,"turns":3.0},{"damage":12.0,"enemies":"Looter","floor":5.0,"turns":3.0},{"damage":4.0,"enemies":"3 Louse","floor":7.0,"turns":3.0},{"damage":28.0,"enemies":"Lagavulin","floor":8.0,"turns":7.0},{"damage":15.0,"enemies":"Exordium Thugs","floor":11.0,"turns":4.0},{"damage":15.0,"enemies":"Gremlin Gang","floor":13.0,"turns":4.0},{"damage":4,"enemies":"Exordium Wildlife","floor":14,"turns":3},{"damage":31,"enemies":"The Guardian","floor":16,"turns":9},{"damage":4,"enemies":"2 Thieves","floor":18,"turns":3},{"damage":10,"enemies":"Shell Parasite","floor":19,"turns":9},{"damage":10,"enemies":"Shelled Parasite and Fungi","floor":22,"turns":7},{"damage":25,"enemies":"Slavers","floor":24,"turns":5},{"damage":52,"enemies":"Book of Stabbing","floor":28,"turns":7},{"damage":2,"enemies":"Colosseum Slavers","floor":29,"turns":3},{"damage":15,"enemies":"3 Cultists","floor":31,"turns":4},{"damage":52,"enemies":"Champ","floor":33,"turns":9}],"seed_played":"6541850823270981068","potions_obtained":[{"floor":0.0,"key":"SteroidPotion"},{"floor":0.0,"key":"Ancient Potion"},{"floor":0.0,"key":"Swift Potion"},{"floor":5.0,"key":"Block Potion"},{"floor":7.0,"key":"Regen Potion"},{"floor":13,"key":"Block Potion"},{"floor":19,"key":"SteroidPotion"},{"floor":22,"key":"GamblersBrew"},{"floor":28,"key":"Swift Potion"}],"is_trial":false,"path_per_floor":["M","M","?","M","M","R","M","E","T","R","M","?","M","M","R","B",null,"M","M","$","?","M","R","E","R","T","R","E","?","$","M","R","B"],"character_chosen":"DEFECT","items_purchased":["Gambling Chip","Doom and Gloom"],"campfire_rested":3,"item_purchase_floors":[20,20],"current_hp_per_floor":[65,64,64,57,52,52,48,42,42,42,34,52,44,47,69,45,68,64,61,61,61,65,65,40,40,50,75,30,35,35,27,52,0],"gold":54,"neow_bonus":"THREE_SMALL_POTIONS","is_prod":false,"is_daily":false,"chose_seed":false,"campfire_upgraded":4,"win_rate":0,"timestamp":1553975904,"path_taken":["M","M","?","?","M","R","M","E","T","R","M","?","M","M","R","BOSS","M","M","$","?","M","R","E","R","T","R","E","?","$","M","R","BOSS"],"build_version":"2019-01-23","purchased_purges":1,"victory":false,"max_hp_per_floor":[75,75,75,75,75,75,75,75,75,75,75,75,75,75,75,75,75,75,75,75,75,75,75,75,75,85,85,85,85,85,85,85,85],"card_choices":[{"not_picked":["Heatsinks","Steam Power"],"picked":"Loop","floor":1.0},{"not_picked":["White Noise","Steam Power"],"picked":"Ball Lightning","floor":2.0},{"not_picked":["Gash","Heatsinks"],"picked":"Self Repair","floor":4.0},{"not_picked":["Redo","Turbo"],"picked":"Sweeping Beam","floor":5.0},{"not_picked":["Fusion","Stack"],"picked":"Reinforced Body","floor":7.0},{"not_picked":["Darkness","Heatsinks"],"picked":"BootSequence","floor":8.0},{"not_picked":["Tempest","Self Repair","Darkness"],"picked":"Steam","floor":11.0},{"not_picked":["Beam Cell","Reinforced Body","Rip and Tear"],"picked":"Chill","floor":13},{"not_picked":["Defragment","Ball Lightning","Coolheaded"],"picked":"Echo Form","floor":14},{"not_picked":["Amplify","Fission","Biased Cognition"],"picked":"Seek","floor":16},{"not_picked":["Beam Cell","Melter","Stack"],"picked":"Undo","floor":18},{"not_picked":["Compile Driver+1","Redo+1","Double Energy"],"picked":"Ball Lightning+1","floor":19},{"not_picked":["Static Discharge","Leap","Rebound"],"picked":"Stack","floor":22},{"not_picked":["Storm+1","Steam Power","Undo+1"],"picked":"Skim","floor":24},{"not_picked":["Go for the Eyes","Amplify","Streamline"],"picked":"Cold Snap","floor":28},{"not_picked":["Go for the Eyes","Turbo","Stack"],"picked":"Doom and Gloom+1","floor":31}],"player_experience":518294,"relics_obtained":[{"floor":8.0,"key":"Question Card"},{"floor":9.0,"key":"Symbiotic Virus"},{"floor":24,"key":"Cables"},{"floor":26,"key":"Pear"},{"floor":28,"key":"Shuriken"}],"event_choices":[{"cards_removed":["Strike_B"],"damage_healed":0.0,"max_hp_gain":0.0,"max_hp_loss":0.0,"gold_gain":0.0,"event_name":"Bonfire Elementals","player_choice":"Offered Basic","floor":3.0,"gold_loss":0.0,"damage_taken":0.0},{"damage_healed":18.0,"max_hp_gain":0.0,"max_hp_loss":0.0,"gold_gain":0.0,"event_name":"The Cleric","player_choice":"Healed","floor":12.0,"gold_loss":35.0,"damage_taken":0.0},{"damage_healed":0,"gold_gain":0,"player_choice":"Ignored","damage_taken":0,"max_hp_gain":0,"max_hp_loss":0,"event_name":"Beggar","floor":21,"gold_loss":0},{"damage_healed":0,"gold_gain":0,"player_choice":"Fight","damage_taken":0,"max_hp_gain":0,"max_hp_loss":0,"event_name":"Colosseum","floor":29,"gold_loss":0},{"damage_healed":0,"gold_gain":0,"player_choice":"Fled From Nobs","damage_taken":0,"max_hp_gain":0,"max_hp_loss":0,"event_name":"Colosseum","floor":29,"gold_loss":0}],"is_beta":false,"boss_relics":[{"not_picked":["Pandora\u0027s Box","Orrery"],"picked":"Snecko Eye"}],"items_purged_floors":[30],"is_endless":false,"potions_floor_spawned":[4,5,7,13,19,22,28,29],"killed_by":"Champ","ascension_level":9}