{"gold_per_floor":[116,116,43,59,79,79,79,96,96,96,124,138,89,104,104,204,204,221,136,49,64,79,90,90,102,102,102,119,134,134,59,59,155,155,169,169,185,185,197,197,197,197,266,49,49],"floor_reached":45,"playtime":2011,"items_purged":["Defend_G","Regret"],"score":432,"play_id":"0f03acd6-1180-44a7-9418-48adf2ea129a","local_time":"20190808170119","is_ascension_mode":false,"campfire_choices":[{"data":"Footwork","floor":6,"key":"SMITH"},{"data":"Well Laid Plans","floor":10,"key":"SMITH"},{"floor":15,"key":"REST"},{"data":"Noxious Fumes","floor":24,"key":"SMITH"},{"data":"Tactician","floor":32,"key":"SMITH"},{"floor":40,"key":"REST"},{"floor":42,"key":"REST"}],"neow_cost":"NONE","seed_source_timestamp":299207281442266,"circlet_count":0,"master_deck":["Strike_G+1","Strike_G","Defend_G","Defend_G","Defend_G","Survivor","Neutralize","Panacea","Dagger Spray+1","Footwork+1","Outmaneuver+1","Well Laid Plans+1","Escape Plan","Tactician+1","Cloak And Dagger","Infinite Blades","Adrenaline","Blur","Noxious Fumes+1","Prepared","Backflip+1","Infinite Blades","Reflex","Deflect","Catalyst+1","Die Die Die+1","Backflip+1","Deflect+1","Madness","Madness","Noxious Fumes"],"relics":["Ring of the Snake","Darkstone Periapt","Odd Mushroom","Cursed Key","Ornamental Fan","Strawberry","Astrolabe","Letter Opener"],"potions_floor_usage":[14,16,16,16,16,18,18,25,29,33,37,45,45],"damage_taken":[{"damage":0,"enemies":"Small Slimes","floor":1,"turns":3},{"damage":0,"enemies":"2 Louse","floor":4,"turns":3},{"damage":3,"enemies":"Jaw Worm","floor":5,"turns":4},{"damage":5,"enemies":"Red Slaver","floor":8,"turns":4},{"damage":24,"enemies":"The Mushroom Lair","floor":11,"turns":4},{"damage":0,"enemies":"3 Louse","floor":12,"turns":4},{"damage":0,"enemies":"Looter","floor":14,"turns":3},{"damage":23,"enemies":"Slime Boss","floor":16,"turns":8},{"damage":2,"enemies":"Shell Parasite","floor":18,"turns":9},{"damage":6,"enemies":"Spheric Guardian","floor":21,"turns":7},{"damage":17,"enemies":"Snecko","floor":22,"turns":7},{"damage":2,"enemies":"Snake Plant","floor":23,"turns":7},{"damage":0,"enemies":"Cultist and Chosen","floor":25,"turns":7},{"damage":3,"enemies":"Snecko","floor":28,"turns":7},{"damage":22,"enemies":"Snake Plant","floor":29,"turns":8},{"damage":12,"enemies":"Automaton","floor":33,"turns":11},{"damage":33,"enemies":"3 Darklings","floor":35,"turns":5},{"damage":20,"enemies":"Orb Walker","floor":37,"turns":5},{"damage":0,"enemies":"Spire Growth","floor":39,"turns":8},{"damage":86,"enemies":"2 Orb Walkers","floor":45,"turns":5}],"seed_played":"4678086396379258196","potions_obtained":[{"floor":1,"key":"EntropicBrew"},{"floor":5,"key":"Fire Potion"},{"floor":11,"key":"EssenceOfSteel"},{"floor":16,"key":"GhostInAJar"},{"floor":21,"key":"PowerPotion"},{"floor":22,"key":"GamblersBrew"},{"floor":23,"key":"FearPotion"},{"floor":25,"key":"Poison Potion"},{"floor":33,"key":"AttackPotion"},{"floor":35,"key":"SpeedPotion"}],"is_trial":false,"path_per_floor":["M","?","$","M","M","R","?","M","T","R","?","M","$","M","R","B",null,"M","?","$","M","M","M","R","M","T","?","M","M","?","$","R","B",null,"M","?","M","?","M","R","?","R","T","$","?"],"character_chosen":"THE_SILENT","items_purchased":["Footwork","Cloak And Dagger","Noxious Fumes","Prepared","Noxious Fumes","AttackPotion"],"campfire_rested":3,"item_purchase_floors":[3,13,20,20,44,44],"current_hp_per_floor":[70,56,56,56,53,53,53,48,48,48,24,24,24,24,45,22,70,68,68,68,62,45,43,43,43,56,56,53,31,58,58,58,46,83,50,50,30,30,30,54,44,68,74,74,0],"gold":49,"neow_bonus":"RANDOM_COLORLESS","is_prod":false,"is_daily":false,"chose_seed":false,"campfire_upgraded":4,"win_rate":0,"timestamp":1565254879,"path_taken":["M","?","$","M","M","R","?","M","T","R","?","M","$","M","R","BOSS","M","?","$","M","M","M","R","M","T","?","?","M","?","$","R","BOSS","M","?","?","?","M","R","?","R","T","$","?"],"build_version":"2019-07-17","purchased_purges":2,"victory":false,"max_hp_per_floor":[70,70,70,70,70,70,70,70,70,70,70,70,70,70,70,70,70,70,70,70,70,70,70,70,70,83,83,83,83,83,83,83,83,83,83,83,83,83,83,83,83,83,89,89,89],"card_choices":[{"not_picked":["Dagger Throw","Bane"],"picked":"Dagger Spray","floor":1},{"not_picked":["Quick Slash","Accuracy"],"picked":"Outmaneuver","floor":4},{"not_picked":["Crippling Poison","Flechettes"],"picked":"Well Laid Plans","floor":5},{"not_picked":["Flying Knee","Cloak And Dagger"],"picked":"Escape Plan","floor":8},{"not_picked":["Corpse Explosion","Quick Slash"],"picked":"Tactician","floor":11},{"not_picked":["Bane","Choke","Flying Knee"],"picked":"SKIP","floor":12},{"not_picked":["PiercingWail","Malaise"],"picked":"Infinite Blades","floor":14},{"not_picked":["Unload","Grand Finale"],"picked":"Adrenaline","floor":16},{"not_picked":["Bane","Poisoned Stab"],"picked":"Blur","floor":18},{"not_picked":["Quick Slash","Dodge and Roll+1"],"picked":"Backflip+1","floor":21},{"not_picked":["Flying Knee","Dagger Throw"],"picked":"Infinite Blades","floor":22},{"not_picked":["Deflect","All Out Attack"],"picked":"Reflex","floor":23},{"not_picked":["Grand Finale","Well Laid Plans","Expertise"],"picked":"SKIP","floor":25},{"not_picked":["Dagger Throw","Backflip"],"picked":"Deflect","floor":28},{"not_picked":["Expertise","Riddle With Holes+1","Underhanded Strike"],"picked":"SKIP","floor":29},{"not_picked":["Sucker Punch+1","Outmaneuver+1"],"picked":"Deflect+1","floor":35},{"not_picked":["Outmaneuver+1","PiercingWail+1","Dash+1"],"picked":"SKIP","floor":37},{"not_picked":["Prepared+1","Bane","All Out Attack+1"],"picked":"SKIP","floor":39}],"player_experience":143051,"relics_obtained":[{"floor":9,"key":"Darkstone Periapt"},{"floor":11,"key":"Odd Mushroom"},{"floor":26,"key":"Strawberry"},{"floor":43,"key":"Letter Opener"}],"event_choices":[{"damage_healed":0,"gold_gain":0,"player_choice":"Entered Light","damage_taken":14,"max_hp_gain":0,"max_hp_loss":0,"event_name":"Shining Light","floor":2,"gold_loss":0,"cards_upgraded":["Strike_G","Dagger Spray"]},{"damage_healed":0,"gold_gain":0,"player_choice":"Grow","damage_taken":0,"max_hp_gain":0,"max_hp_loss":0,"event_name":"Living Wall","floor":7,"gold_loss":0,"cards_upgraded":["Outmaneuver"]},{"damage_healed":0,"gold_gain":0,"player_choice":"Fought Mushrooms","damage_taken":0,"max_hp_gain":0,"max_hp_loss":0,"event_name":"Mushrooms","floor":11,"gold_loss":0},{"damage_healed":0,"gold_gain":0,"player_choice":"Obtained Relic","damage_taken":0,"relics_obtained":["Ornamental Fan"],"max_hp_gain":0,"max_hp_loss":0,"event_name":"Addict","floor":19,"gold_loss":85},{"cards_removed":["Injury"],"damage_healed":0,"gold_gain":0,"player_choice":"Purged","damage_taken":0,"max_hp_gain":0,"max_hp_loss":0,"event_name":"Purifier","floor":27,"gold_loss":0},{"damage_healed":27,"gold_gain":0,"player_choice":"Heal","damage_taken":0,"max_hp_gain":0,"max_hp_loss":0,"event_name":"The Library","floor":30,"gold_loss":0},{"damage_healed":0,"gold_gain":0,"player_choice":"Leave","damage_taken":0,"max_hp_gain":0,"max_hp_loss":0,"event_name":"FaceTrader","floor":36,"gold_loss":0},{"cards_removed":["Strike_G"],"damage_healed":0,"gold_gain":0,"player_choice":"Removed Attack","damage_taken":0,"max_hp_gain":0,"max_hp_loss":0,"event_name":"Falling","floor":38,"gold_loss":0},{"damage_healed":0,"gold_gain":0,"player_choice":"Embrace Madness","damage_taken":10,"max_hp_gain":0,"max_hp_loss":0,"event_name":"Winding Halls","floor":41,"gold_loss":0,"cards_obtained":["Madness","Madness"]},{"damage_healed":0,"gold_gain":0,"player_choice":"Fight","damage_taken":0,"max_hp_gain":0,"max_hp_loss":0,"event_name":"Mysterious Sphere","floor":45,"gold_loss":0}],"is_beta":false,"boss_relics":[{"not_picked":["Velvet Choker","Ring of the Serpent"],"picked":"Cursed Key"},{"not_picked":["Runic Dome","HoveringKite"],"picked":"Astrolabe"}],"items_purged_floors":[31,44],"is_endless":false,"potions_floor_spawned":[1,5,11,16,21,22,23,25,33,35],"killed_by":"2 Orb Walkers","ascension_level":0}