{"gold_per_floor":[209,10,25,25,44,70,70,103,103,33,33,33,33,45,45,119,119,134,134,56,6,16,16,50,50,50,50,50,62,62,75,75,152,152,172,18,36,36,36,36,63,63,63,63,63,83,116,127,127,127],"floor_reached":51,"playtime":6459,"items_purged":["Rip and Tear"],"score":1120,"play_id":"26d0c85d-740a-4162-9624-778fbdf0a0e8","local_time":"20190823171213","is_ascension_mode":true,"campfire_choices":[{"data":"Zap","floor":7.0,"key":"SMITH"},{"floor":11.0,"key":"REST"},{"data":"Coolheaded","floor":13.0,"key":"SMITH"},{"data":"Reinforced Body","floor":15.0,"key":"SMITH"},{"data":"Chaos","floor":23,"key":"SMITH"},{"data":"Glacier","floor":25,"key":"SMITH"},{"data":"Glacier","floor":27,"key":"SMITH"},{"floor":32,"key":"REST"},{"floor":40,"key":"REST"},{"floor":42,"key":"REST"},{"data":"Consume","floor":49,"key":"SMITH"}],"neow_cost":"NONE","seed_source_timestamp":15673931263365,"circlet_count":0,"master_deck":["AscendersBane","Zap+1","Dualcast","Coolheaded+1","Cold Snap","Reinforced Body+1","Self Repair+1","Machine Learning+1","Glacier+1","Force Field","Consume+1","Creative AI+1","Chaos+1","Glacier+1","Defragment+1","Storm+1","Creative AI+1","Defragment+1","Cold Snap","Echo Form+1","Cold Snap+1","Heatsinks+1","Defragment+1","Go for the Eyes+1"],"special_seed":0,"relics":["Cracked Core","Anchor","Kunai","Blue Candle","Frozen Egg 2","Pandora\u0027s Box","Juzu Bracelet","Orichalcum","Darkstone Periapt","Nuclear Battery","Oddly Smooth Stone","Symbiotic Virus","Happy Flower"],"potions_floor_usage":[24,24,31],"damage_taken":[{"damage":1.0,"enemies":"2 Louse","floor":1.0,"turns":3.0},{"damage":0.0,"enemies":"Jaw Worm","floor":3.0,"turns":3.0},{"damage":0.0,"enemies":"Small Slimes","floor":5.0,"turns":3.0},{"damage":7.0,"enemies":"3 Sentries","floor":6.0,"turns":12.0},{"damage":48.0,"enemies":"Gremlin Nob","floor":8.0,"turns":5.0},{"damage":2.0,"enemies":"3 Louse","floor":14.0,"turns":4.0},{"damage":41.0,"enemies":"The Guardian","floor":16.0,"turns":22.0},{"damage":1,"enemies":"Shell Parasite","floor":18,"turns":13},{"damage":2,"enemies":"Chosen","floor":22,"turns":4},{"damage":21,"enemies":"Book of Stabbing","floor":24,"turns":9},{"damage":12,"enemies":"Snake Plant","floor":29,"turns":4},{"damage":13,"enemies":"Centurion and Healer","floor":31,"turns":6},{"damage":45,"enemies":"Automaton","floor":33,"turns":15},{"damage":0,"enemies":"Orb Walker","floor":35,"turns":4},{"damage":8,"enemies":"3 Shapes","floor":37,"turns":4},{"damage":22,"enemies":"Reptomancer","floor":41,"turns":10},{"damage":6,"enemies":"Transient","floor":46,"turns":5},{"damage":8,"enemies":"Nemesis","floor":47,"turns":11},{"damage":1,"enemies":"Jaw Worm Horde","floor":48,"turns":7},{"damage":6,"enemies":"Time Eater","floor":50,"turns":10}],"seed_played":"7007354007960607031","potions_obtained":[{"floor":14.0,"key":"EssenceOfSteel"},{"floor":16.0,"key":"FocusPotion"},{"floor":29,"key":"GamblersBrew"},{"floor":33,"key":"Ancient Potion"},{"floor":46,"key":"SpeedPotion"}],"is_trial":false,"path_per_floor":["M","$","M","?","M","E","R","E","T","$","R","?","R","M","R","B",null,"M","?","$","?","M","R","E","R","T","R","?","M","?","M","R","B",null,"M","$","M","$","?","R","E","R","T","?","$","M","E","M","R","B",null],"character_chosen":"DEFECT","items_purchased":["Cold Snap","Anchor","Self Repair+1","Storm+1","Heatsinks+1"],"campfire_rested":4,"item_purchase_floors":[2,2,10,20,36],"current_hp_per_floor":[67,67,67,67,67,60,60,12,12,12,34,59,59,67,67,36,65,74,74,74,74,75,75,64,64,64,64,64,62,62,59,75,30,64,64,64,66,66,66,75,63,75,75,75,75,75,75,75,75,75],"gold":127,"neow_bonus":"HUNDRED_GOLD","is_prod":false,"is_daily":false,"chose_seed":false,"campfire_upgraded":7,"win_rate":0,"timestamp":1566576733,"path_taken":["M","$","M","?","M","E","R","E","T","$","R","?","R","M","R","BOSS","M","?","$","?","M","R","E","R","T","R","?","M","?","M","R","BOSS","M","$","M","$","?","R","E","R","T","?","$","M","E","M","R","BOSS"],"build_version":"2019-07-17","purchased_purges":1,"victory":true,"max_hp_per_floor":[75,75,75,75,75,75,75,75,75,75,75,75,75,75,75,75,75,75,75,75,75,75,75,75,75,75,75,75,75,75,75,75,75,75,75,75,75,75,75,75,75,75,75,75,75,75,75,75,75,75],"card_choices":[{"not_picked":["Conserve Battery","Gash"],"picked":"Coolheaded","floor":1.0},{"not_picked":["Sweeping Beam","Barrage","Undo"],"picked":"SKIP","floor":3.0},{"not_picked":["Conserve Battery","Skim"],"picked":"Reinforced Body","floor":5.0},{"not_picked":["Streamline","Conserve Battery","Chaos"],"picked":"SKIP","floor":6.0},{"not_picked":["Lockon","Conserve Battery","Skim"],"picked":"SKIP","floor":8.0},{"not_picked":["Redo","Rebound"],"picked":"Machine Learning+1","floor":14.0},{"not_picked":["Coolheaded","Capacitor+1"],"picked":"Defragment+1","floor":18},{"not_picked":["Rip and Tear","Compile Driver","Turbo"],"picked":"SKIP","floor":22},{"not_picked":["Gash","Redo"],"picked":"Creative AI+1","floor":24},{"not_picked":["Steam","Fusion"],"picked":"Cold Snap","floor":29},{"not_picked":["Rebound","Leap","Conserve Battery"],"picked":"SKIP","floor":31},{"not_picked":["Hyperbeam","Reboot"],"picked":"Echo Form+1","floor":33},{"not_picked":["Turbo","Redo"],"picked":"Cold Snap+1","floor":35},{"not_picked":["Stack","Cold Snap+1","Doom and Gloom"],"picked":"SKIP","floor":37},{"not_picked":["Lockon","Rip and Tear+1","Chaos"],"picked":"SKIP","floor":41},{"not_picked":["Sweeping Beam","Stack","Hologram"],"picked":"SKIP","floor":46},{"not_picked":["Coolheaded","Chill","Leap"],"picked":"SKIP","floor":47},{"not_picked":["White Noise+1","Steam Power"],"picked":"Go for the Eyes+1","floor":48}],"player_experience":533867,"relics_obtained":[{"floor":6.0,"key":"Kunai"},{"floor":8.0,"key":"Blue Candle"},{"floor":9.0,"key":"Frozen Egg 2"},{"floor":24,"key":"Orichalcum"},{"floor":26,"key":"Darkstone Periapt"},{"floor":41,"key":"Oddly Smooth Stone"},{"floor":43,"key":"Symbiotic Virus"},{"floor":47,"key":"Happy Flower"}],"event_choices":[{"damage_healed":0.0,"max_hp_gain":0.0,"max_hp_loss":0.0,"gold_gain":0.0,"event_name":"Liars Game","player_choice":"Ignored","floor":4.0,"gold_loss":0.0,"damage_taken":0.0},{"damage_healed":25.0,"max_hp_gain":0.0,"max_hp_loss":0.0,"gold_gain":0.0,"event_name":"Big Fish","player_choice":"Banana","floor":12.0,"gold_loss":0.0,"damage_taken":0.0},{"cards_removed":["Hyperbeam"],"damage_healed":0,"gold_gain":0,"player_choice":"Elegance","damage_taken":0,"max_hp_gain":0,"max_hp_loss":0,"event_name":"Back to Basics","floor":19,"gold_loss":0},{"damage_healed":0,"gold_gain":0,"player_choice":"Paid Gold","damage_taken":0,"relics_obtained":["Juzu Bracelet"],"max_hp_gain":0,"max_hp_loss":0,"event_name":"WeMeetAgain","floor":21,"gold_loss":50},{"damage_healed":0,"gold_gain":0,"player_choice":"Read","damage_taken":0,"max_hp_gain":0,"max_hp_loss":0,"event_name":"The Library","floor":28,"gold_loss":0,"cards_obtained":["Defragment"]},{"damage_healed":0,"gold_gain":0,"player_choice":"Ignored","damage_taken":0,"max_hp_gain":0,"max_hp_loss":0,"event_name":"Ghosts","floor":30,"gold_loss":0},{"damage_healed":0,"gold_gain":0,"player_choice":"Copied","damage_taken":0,"max_hp_gain":0,"max_hp_loss":0,"event_name":"Duplicator","floor":39,"gold_loss":0,"cards_obtained":["Defragment"]},{"damage_healed":0,"gold_gain":0,"player_choice":"Ignored","damage_taken":0,"max_hp_gain":0,"max_hp_loss":0,"event_name":"Mysterious Sphere","floor":44,"gold_loss":0}],"is_beta":false,"boss_relics":[{"not_picked":["Snecko Eye","FrozenCore"],"picked":"Pandora\u0027s Box"},{"not_picked":["Black Star","Lizard Tail"],"picked":"Nuclear Battery"}],"items_purged_floors":[36],"is_endless":false,"potions_floor_spawned":[14,16,29,33,46],"ascension_level":13}