{"gold_per_floor":[117,41,51,51,51,82,82,62,134,159,159,173,184,212,212,286,286,286,201,157,157,157,157,157,157,157,107,107,107,107,107,107,107],"floor_reached":33,"playtime":2031,"items_purged":[],"score":652,"play_id":"bd4fd330-16df-43e1-bfcd-32054c3ff491","local_time":"20190728165250","is_ascension_mode":true,"campfire_choices":[{"data":"Neutralize","floor":7,"key":"SMITH"},{"floor":15,"key":"REST"},{"floor":24,"key":"REST"},{"data":"Noxious Fumes","floor":28,"key":"SMITH"},{"floor":32,"key":"REST"}],"neow_cost":"NONE","seed_source_timestamp":1097179045882820,"circlet_count":0,"master_deck":["AscendersBane","Strike_G","Strike_G","Strike_G","Strike_G","Strike_G","Defend_G","Defend_G","Defend_G","Defend_G","Defend_G","Survivor","Neutralize+1","Dagger Spray","Well Laid Plans","Bouncing Flask","Burst","Predator","PiercingWail","Deadly Poison","Malaise","Noxious Fumes+1","PiercingWail+1"],"relics":["Ring of the Snake","NeowsBlessing","Juzu Bracelet","Question Card","Bird Faced Urn","Dodecahedron","Ectoplasm","Orichalcum","Dead Branch","Pear","Centennial Puzzle","Letter Opener"],"potions_floor_usage":[14,16,23,29,33],"damage_taken":[{"damage":0,"enemies":"Cultist","floor":1,"turns":1},{"damage":0,"enemies":"2 Louse","floor":3,"turns":1},{"damage":0,"enemies":"3 Sentries","floor":6,"turns":1},{"damage":23,"enemies":"Lagavulin","floor":10,"turns":7},{"damage":7,"enemies":"Small Slimes","floor":12,"turns":4},{"damage":8,"enemies":"3 Louse","floor":13,"turns":3},{"damage":15,"enemies":"3 Sentries","floor":14,"turns":10},{"damage":6,"enemies":"The Guardian","floor":16,"turns":9},{"damage":8,"enemies":"Spheric Guardian","floor":18,"turns":3},{"damage":8,"enemies":"Shell Parasite","floor":21,"turns":7},{"damage":47,"enemies":"Slavers","floor":23,"turns":7},{"damage":9,"enemies":"Gremlin Leader","floor":25,"turns":8},{"damage":8,"enemies":"Shelled Parasite and Fungi","floor":29,"turns":5},{"damage":17,"enemies":"3 Cultists","floor":31,"turns":6},{"damage":40,"enemies":"Champ","floor":33,"turns":11}],"seed_played":"3456101598353226833","potions_obtained":[{"floor":3,"key":"Weak Potion"},{"floor":8,"key":"PowerPotion"},{"floor":10,"key":"GhostInAJar"},{"floor":13,"key":"Poison Potion"},{"floor":14,"key":"Fire Potion"},{"floor":23,"key":"Block Potion"},{"floor":25,"key":"GhostInAJar"}],"is_trial":false,"path_per_floor":["M","$","M","?","?","E","R","?","T","E","?","M","M","E","R","B",null,"M","?","$","M","T","E","R","E","T","?","R","M","$","M","R","B"],"character_chosen":"THE_SILENT","items_purchased":["Well Laid Plans","Noxious Fumes"],"campfire_rested":3,"item_purchase_floors":[2,20],"current_hp_per_floor":[59,59,59,59,59,59,59,59,59,36,36,31,25,12,31,27,56,50,50,50,46,46,13,35,30,30,30,30,26,26,13,35,0],"gold":107,"neow_bonus":"THREE_ENEMY_KILL","is_prod":false,"is_daily":false,"chose_seed":false,"campfire_upgraded":2,"win_rate":0,"timestamp":1564300370,"path_taken":["M","$","?","?","?","E","R","?","T","E","?","M","M","E","R","BOSS","M","?","$","M","?","E","R","E","T","?","R","M","?","M","R","BOSS"],"build_version":"2019-07-17","purchased_purges":0,"victory":false,"max_hp_per_floor":[66,66,66,66,66,66,66,66,66,66,66,66,66,66,66,66,66,66,66,66,66,66,76,76,76,76,76,76,76,76,76,76,76],"card_choices":[{"not_picked":["Poisoned Stab","Dagger Throw"],"picked":"Dagger Spray","floor":1},{"not_picked":["Underhanded Strike","Dagger Throw","Outmaneuver"],"picked":"SKIP","floor":3},{"not_picked":["Flying Knee","Deflect"],"picked":"Bouncing Flask","floor":6},{"not_picked":["Expertise","Deflect","Dagger Throw"],"picked":"Burst","floor":10},{"not_picked":["Dodge and Roll","Quick Slash","Outmaneuver"],"picked":"Predator","floor":12},{"not_picked":["A Thousand Cuts","Dagger Spray","Sucker Punch"],"picked":"PiercingWail","floor":13},{"not_picked":["Accuracy","Eviscerate","Flechettes"],"picked":"Deadly Poison","floor":14},{"not_picked":["Adrenaline","Bullet Time","Envenom"],"picked":"Malaise","floor":16},{"not_picked":["Quick Slash","Finisher","Riddle With Holes","Flechettes"],"picked":"SKIP","floor":18},{"not_picked":["Masterful Stab+1","Deadly Poison","Dodge and Roll+1","Calculated Gamble"],"picked":"SKIP","floor":21},{"not_picked":["Sucker Punch","Poisoned Stab","Heel Hook","Outmaneuver"],"picked":"SKIP","floor":23},{"not_picked":["Terror","Leg Sweep","Dodge and Roll"],"picked":"PiercingWail+1","floor":25},{"not_picked":["Blade Dance","Dash","Dagger Spray","Prepared"],"picked":"SKIP","floor":29},{"not_picked":["Deflect","Glass Knife","Cloak And Dagger+1","Accuracy"],"picked":"SKIP","floor":31}],"player_experience":581159,"relics_obtained":[{"floor":6,"key":"Juzu Bracelet"},{"floor":9,"key":"Question Card"},{"floor":10,"key":"Bird Faced Urn"},{"floor":14,"key":"Dodecahedron"},{"floor":22,"key":"Dead Branch"},{"floor":23,"key":"Pear"},{"floor":25,"key":"Centennial Puzzle"},{"floor":26,"key":"Letter Opener"}],"event_choices":[{"damage_healed":0,"gold_gain":0,"player_choice":"Leave","damage_taken":0,"max_hp_gain":0,"max_hp_loss":0,"event_name":"The Cleric","floor":4,"gold_loss":0},{"damage_healed":0,"gold_gain":0,"player_choice":"Ignored","damage_taken":0,"max_hp_gain":0,"max_hp_loss":0,"event_name":"Liars Game","floor":5,"gold_loss":0},{"damage_healed":0,"gold_gain":0,"player_choice":"Bought 1 Potion","damage_taken":0,"max_hp_gain":0,"max_hp_loss":0,"event_name":"The Woman in Blue","floor":8,"gold_loss":0},{"damage_healed":0,"gold_gain":0,"player_choice":"Ignored","damage_taken":0,"max_hp_gain":0,"max_hp_loss":0,"event_name":"Shining Light","floor":11,"gold_loss":0},{"damage_healed":0,"gold_gain":0,"player_choice":"Obtained Relic","damage_taken":0,"relics_obtained":["Orichalcum"],"max_hp_gain":0,"max_hp_loss":0,"event_name":"Addict","floor":19,"gold_loss":85},{"damage_healed":0,"gold_gain":100,"player_choice":"Bet on Murderer","damage_taken":0,"max_hp_gain":0,"max_hp_loss":0,"event_name":"The Joust","floor":27,"gold_loss":50}],"is_beta":false,"boss_relics":[{"not_picked":["Velvet Choker","Calling Bell"],"picked":"Ectoplasm"}],"items_purged_floors":[],"is_endless":false,"potions_floor_spawned":[3,10,13,14,23,25],"killed_by":"Champ","ascension_level":20}