{"gold_per_floor":[115,115,91,91,41,73,90,125,125,135,135,135,135,135,135,240,240,259,277,81,96,96,96,122,122,122,22,22],"floor_reached":28,"playtime":1793,"items_purged":["Regret","Decay"],"score":320,"play_id":"761e6c30-5a79-40ca-b02d-10c8c3492f57","local_time":"20190106003636","is_ascension_mode":true,"campfire_choices":[{"floor":11,"key":"REST"},{"data":"Neutralize","floor":13,"key":"SMITH"},{"data":"Bane","floor":15,"key":"SMITH"},{"floor":23,"key":"REST"}],"neow_cost":"NONE","seed_source_timestamp":1404770904319809,"circlet_count":0,"master_deck":["Defend_G","Defend_G","Defend_G","Defend_G","Defend_G","Strike_G","Strike_G","Strike_G","Strike_G","Strike_G","Survivor","Neutralize+1","Noxious Fumes","Bane+1","Dagger Spray","Expertise","Backflip","Storm of Steel","Outmaneuver+1","Tactician","Footwork+1","Dodge and Roll","Footwork"],"relics":["Ring of the Snake","NeowsBlessing","Matryoshka","Bag of Preparation","Lantern","Tingsha","Art of War","Happy Flower","Sozu","Sundial","Mummified Hand","Paper Crane"],"potions_floor_usage":[16,16,24],"damage_taken":[{"damage":0,"enemies":"Jaw Worm","floor":1,"turns":1},{"damage":0,"enemies":"3 Sentries","floor":6,"turns":2},{"damage":0,"enemies":"Small Slimes","floor":7,"turns":1},{"damage":35,"enemies":"Gremlin Nob","floor":8,"turns":4},{"damage":0,"enemies":"2 Louse","floor":10,"turns":2},{"damage":17,"enemies":"Hexaghost","floor":16,"turns":11},{"damage":6,"enemies":"3 Byrds","floor":18,"turns":3},{"damage":16,"enemies":"Shell Parasite","floor":19,"turns":6},{"damage":32,"enemies":"Snake Plant","floor":21,"turns":7},{"damage":38,"enemies":"Book of Stabbing","floor":24,"turns":8},{"damage":7,"enemies":"Cultist and Chosen","floor":28,"turns":8}],"seed_played":"-4404865902250874976","potions_obtained":[{"floor":1,"key":"FairyPotion"},{"floor":6,"key":"EssenceOfSteel"},{"floor":10,"key":"AttackPotion"},{"floor":16,"key":"SkillPotion"}],"is_trial":false,"path_per_floor":["M","?","$","?","$","E","M","E","T","M","R","?","R","?","R","B",null,"M","M","$","M","?","R","E","?","T","$","M"],"character_chosen":"THE_SILENT","items_purchased":["Bane","Dagger Spray","Footwork","Dodge and Roll"],"campfire_rested":2,"item_purchase_floors":[3,5,20,20],"current_hp_per_floor":[70,70,70,52,52,52,52,17,17,17,38,38,38,38,38,21,70,64,48,48,16,16,37,7,7,7,7,0],"gold":22,"neow_bonus":"THREE_ENEMY_KILL","is_prod":false,"is_daily":false,"chose_seed":false,"campfire_upgraded":2,"win_rate":0,"timestamp":1546760196,"path_taken":["M","?","$","?","$","E","M","E","T","M","R","?","R","?","R","BOSS","M","M","$","M","?","R","E","?","T","$","?"],"build_version":"2019-01-03v4","purchased_purges":2,"victory":false,"max_hp_per_floor":[70,70,70,70,70,70,70,70,70,70,70,70,70,70,70,70,70,70,70,70,70,70,70,70,70,70,70,70],"card_choices":[{"not_picked":["Prepared","Reflex"],"picked":"Noxious Fumes","floor":1},{"not_picked":["Eviscerate","Infinite Blades","Blade Dance"],"picked":"SKIP","floor":6},{"not_picked":["Poisoned Stab","Deflect","Deadly Poison"],"picked":"SKIP","floor":7},{"not_picked":["Deflect","Die Die Die"],"picked":"Expertise","floor":8},{"not_picked":["Dagger Throw","Predator"],"picked":"Backflip","floor":10},{"not_picked":["Doppelganger","Bullet Time"],"picked":"Storm of Steel","floor":16},{"not_picked":["Reflex","Predator"],"picked":"Outmaneuver+1","floor":18},{"not_picked":["Crippling Poison","Cloak And Dagger"],"picked":"Tactician","floor":19},{"not_picked":["Flying Knee","Crippling Poison"],"picked":"Footwork","floor":21},{"not_picked":["Endless Agony","Caltrops","Crippling Poison"],"picked":"SKIP","floor":24}],"player_experience":1677962,"relics_obtained":[{"floor":6,"key":"Lantern"},{"floor":8,"key":"Tingsha"},{"floor":9,"key":"Art of War"},{"floor":9,"key":"Happy Flower"},{"floor":24,"key":"Sundial"},{"floor":26,"key":"Mummified Hand"},{"floor":26,"key":"Paper Crane"}],"event_choices":[{"damage_healed":0,"gold_gain":0,"player_choice":"Box","damage_taken":0,"relics_obtained":["Matryoshka"],"max_hp_gain":0,"max_hp_loss":0,"event_name":"Big Fish","floor":2,"gold_loss":0,"cards_obtained":["Regret"]},{"damage_healed":0,"gold_gain":0,"player_choice":"Success","damage_taken":18,"relics_obtained":["Bag of Preparation"],"max_hp_gain":0,"max_hp_loss":0,"event_name":"Scrap Ooze","floor":4,"gold_loss":0},{"damage_healed":0,"gold_gain":0,"player_choice":"Ignored","damage_taken":0,"max_hp_gain":0,"max_hp_loss":0,"event_name":"Shining Light","floor":12,"gold_loss":0},{"damage_healed":0,"gold_gain":0,"player_choice":"Ignored","damage_taken":0,"max_hp_gain":0,"max_hp_loss":0,"event_name":"Liars Game","floor":14,"gold_loss":0},{"damage_healed":0,"gold_gain":0,"player_choice":"Smashed Altar","damage_taken":0,"max_hp_gain":0,"max_hp_loss":0,"event_name":"Forgotten Altar","floor":22,"gold_loss":0,"cards_obtained":["Decay"]},{"damage_healed":0,"gold_gain":0,"player_choice":"Forge","damage_taken":0,"max_hp_gain":0,"max_hp_loss":0,"event_name":"Accursed Blacksmith","floor":25,"gold_loss":0,"cards_upgraded":["Footwork"]}],"is_beta":false,"boss_relics":[{"not_picked":["Cursed Key","White Beast Statue"],"picked":"Sozu"}],"items_purged_floors":[20,27],"is_endless":false,"potions_floor_spawned":[1,6,10,16,19],"killed_by":"Cultist and Chosen","ascension_level":4}