{"gold_per_floor":[112,124,124,23,38,38,48,48,48,48,58,72,72,97,97,97],"floor_reached":16,"playtime":405,"items_purged":["Strike_R"],"score":102,"play_id":"d042c16f-af8c-4e13-a25c-f7459912811a","local_time":"20190411091949","is_ascension_mode":false,"campfire_choices":[{"data":"Armaments","floor":6,"key":"SMITH"},{"floor":15,"key":"REST"}],"neow_cost":"NONE","seed_source_timestamp":2433436589278,"circlet_count":0,"master_deck":["Strike_R","Strike_R","Strike_R","Defend_R","Defend_R","Defend_R","Defend_R","Bash","Heavy Blade","Seeing Red","Immolate","Flex","Armaments+1","Heavy Blade","Rage","Evolve","Entrench"],"relics":["Burning Blood","NeowsBlessing","Matryoshka","Pear"],"potions_floor_usage":[14],"damage_taken":[{"damage":0,"enemies":"Small Slimes","floor":1,"turns":1},{"damage":0,"enemies":"2 Louse","floor":2,"turns":1},{"damage":0,"enemies":"Jaw Worm","floor":5,"turns":1},{"damage":9,"enemies":"3 Louse","floor":7,"turns":2},{"damage":13,"enemies":"Lots of Slimes","floor":11,"turns":3},{"damage":8,"enemies":"Exordium Wildlife","floor":12,"turns":3},{"damage":55,"enemies":"Gremlin Nob","floor":14,"turns":6},{"damage":56,"enemies":"The Guardian","floor":16,"turns":7}],"seed_played":"-639483556529721458","potions_obtained":[{"floor":1,"key":"PowerPotion"},{"floor":7,"key":"SpeedPotion"},{"floor":12,"key":"Strength Potion"}],"is_trial":false,"path_per_floor":["M","M","?","$","M","R","M","?","T","$","M","M","?","E","R","B"],"character_chosen":"IRONCLAD","items_purchased":["Flex"],"campfire_rested":1,"item_purchase_floors":[4],"current_hp_per_floor":[80,80,80,80,80,80,77,77,77,77,70,68,68,29,56,0],"gold":97,"neow_bonus":"THREE_ENEMY_KILL","is_prod":false,"is_daily":false,"chose_seed":false,"campfire_upgraded":1,"win_rate":0.0,"timestamp":1554945589,"path_taken":["M","M","?","$","M","R","M","?","T","$","M","M","?","E","R","BOSS"],"build_version":"2019-01-23","purchased_purges":1,"victory":false,"max_hp_per_floor":[80,80,80,80,80,80,80,80,80,80,80,80,80,90,90,90],"card_choices":[{"not_picked":["Metallicize","Ghostly Armor"],"picked":"Heavy Blade","floor":1},{"not_picked":["Armaments","Body Slam"],"picked":"Seeing Red","floor":2},{"not_picked":["Headbutt","True Grit"],"picked":"Armaments","floor":5},{"not_picked":["Cleave","Clash"],"picked":"Heavy Blade","floor":7},{"not_picked":["Hemokinesis","Flex"],"picked":"Rage","floor":11},{"not_picked":["Perfected Strike","Thunderclap"],"picked":"Evolve","floor":12},{"not_picked":["Clash","Fiend Fire"],"picked":"Entrench","floor":14}],"player_experience":22397,"relics_obtained":[{"floor":9,"key":"Matryoshka"},{"floor":14,"key":"Pear"}],"event_choices":[{"damage_healed":0,"gold_gain":0,"cards_transformed":["Strike_R"],"player_choice":"Change","damage_taken":0,"max_hp_gain":0,"max_hp_loss":0,"event_name":"Living Wall","floor":3,"gold_loss":0,"cards_obtained":["Immolate"]},{"damage_healed":0,"gold_gain":0,"player_choice":"Searched \u00271\u0027 times","damage_taken":0,"max_hp_gain":0,"max_hp_loss":0,"event_name":"Dead Adventurer","floor":8,"gold_loss":0},{"damage_healed":0,"gold_gain":0,"player_choice":"Ignored","damage_taken":0,"max_hp_gain":0,"max_hp_loss":0,"event_name":"Golden Idol","floor":13,"gold_loss":0}],"is_beta":false,"boss_relics":[],"items_purged_floors":[4],"is_endless":false,"potions_floor_spawned":[1,7,12],"killed_by":"The Guardian","ascension_level":0}