{"gold_per_floor":[117,133,133,154,174,174,197,197,197,197,216,235,235,260,260,379,379,393,414,140,154,175,175,188,113,139,139],"floor_reached":27,"playtime":791,"items_purged":[],"score":236,"play_id":"fff04eb4-0b56-492e-a1df-34ae225b7024","local_time":"20190812124606","is_ascension_mode":false,"campfire_choices":[{"data":"Noxious Fumes","floor":6,"key":"SMITH"},{"floor":15,"key":"REST"},{"floor":23,"key":"REST"}],"neow_cost":"NONE","seed_source_timestamp":630750149158871,"circlet_count":0,"master_deck":["Strike_G","Strike_G+1","Strike_G","Strike_G+1","Defend_G","Defend_G","Defend_G","Defend_G","Defend_G","Survivor","Neutralize","Dagger Spray","Dagger Spray","Noxious Fumes+1","Bouncing Flask","Infinite Blades","Dagger Spray","Slice","A Thousand Cuts","Acrobatics","Accuracy","Well Laid Plans","Deflect","Dagger Spray","Tactician+1","Clumsy"],"relics":["Cursed Key","Golden Idol","Whetstone","WristBlade","Lee\u0027s Waffle","Oddly Smooth Stone"],"potions_floor_usage":[10,12,16,16,21,27,27],"damage_taken":[{"damage":2,"enemies":"Jaw Worm","floor":1,"turns":6},{"damage":2,"enemies":"Small Slimes","floor":2,"turns":4},{"damage":0,"enemies":"2 Louse","floor":4,"turns":3},{"damage":3,"enemies":"Lots of Slimes","floor":5,"turns":3},{"damage":6,"enemies":"Large Slime","floor":7,"turns":5},{"damage":0,"enemies":"Exordium Thugs","floor":11,"turns":4},{"damage":2,"enemies":"3 Louse","floor":12,"turns":3},{"damage":0,"enemies":"2 Fungi Beasts","floor":14,"turns":3},{"damage":44,"enemies":"Slime Boss","floor":16,"turns":8},{"damage":10,"enemies":"3 Byrds","floor":18,"turns":4},{"damage":33,"enemies":"2 Thieves","floor":19,"turns":5},{"damage":32,"enemies":"Chosen and Byrds","floor":21,"turns":5},{"damage":31,"enemies":"Sentry and Sphere","floor":22,"turns":5},{"damage":42,"enemies":"Snake Plant","floor":24,"turns":4},{"damage":4,"enemies":"Centurion and Healer","floor":27,"turns":3}],"seed_played":"-1902438375826108370","potions_obtained":[{"floor":4,"key":"Dexterity Potion"},{"floor":7,"key":"Ancient Potion"},{"floor":10,"key":"Fruit Juice"},{"floor":10,"key":"Strength Potion"},{"floor":18,"key":"Strength Potion"},{"floor":19,"key":"Strength Potion"},{"floor":22,"key":"Weak Potion"}],"is_trial":false,"path_per_floor":["M","M","?","M","M","R","M","?","T","?","M","M","?","M","R","B",null,"M","M","$","M","M","R","M","?","T","M"],"character_chosen":"THE_SILENT","items_purchased":["Lee\u0027s Waffle","Well Laid Plans"],"campfire_rested":2,"item_purchase_floors":[20,20],"current_hp_per_floor":[68,66,49,49,46,46,40,40,40,45,45,43,43,43,65,21,75,65,32,82,50,19,43,1,1,1,0],"gold":139,"neow_bonus":"BOSS_RELIC","is_prod":false,"is_daily":false,"chose_seed":false,"campfire_upgraded":1,"win_rate":0,"timestamp":1565585166,"path_taken":["M","M","?","M","M","R","M","?","T","?","M","?","?","?","R","BOSS","M","M","$","M","M","R","M","?","T","M"],"build_version":"2019-07-17","purchased_purges":0,"victory":false,"max_hp_per_floor":[70,70,70,70,70,70,70,70,70,75,75,75,75,75,75,75,75,75,75,82,82,82,82,82,82,82,82],"card_choices":[{"not_picked":["Sucker Punch","Heel Hook"],"picked":"Dagger Spray","floor":1},{"not_picked":["Dagger Throw","Dagger Spray","Skewer"],"picked":"SKIP","floor":2},{"not_picked":["All Out Attack","Setup"],"picked":"Dagger Spray","floor":4},{"not_picked":["Bouncing Flask","Expertise"],"picked":"Noxious Fumes","floor":5},{"not_picked":["Quick Slash","Deadly Poison"],"picked":"Bouncing Flask","floor":7},{"not_picked":["Sucker Punch","Deflect"],"picked":"Infinite Blades","floor":11},{"not_picked":["Skewer","Wraith Form v2"],"picked":"Dagger Spray","floor":12},{"not_picked":["All Out Attack","Underhanded Strike"],"picked":"Slice","floor":14},{"not_picked":["Die Die Die","Malaise"],"picked":"A Thousand Cuts","floor":16},{"not_picked":["Blur","Dodge and Roll"],"picked":"Acrobatics","floor":18},{"not_picked":["Blade Dance","Backflip"],"picked":"Accuracy","floor":19},{"not_picked":["Caltrops","Escape Plan"],"picked":"Deflect","floor":21},{"not_picked":["Underhanded Strike+1","Sucker Punch"],"picked":"Dagger Spray","floor":22},{"not_picked":["Deflect","Prepared"],"picked":"Tactician+1","floor":24}],"player_experience":182803,"relics_obtained":[{"floor":9,"key":"Whetstone"},{"floor":26,"key":"Oddly Smooth Stone"}],"event_choices":[{"damage_healed":0,"gold_gain":0,"player_choice":"Take Damage","damage_taken":17,"relics_obtained":["Golden Idol"],"max_hp_gain":0,"max_hp_loss":0,"event_name":"Golden Idol","floor":3,"gold_loss":0},{"damage_healed":0,"gold_gain":0,"player_choice":"Searched \u00271\u0027 times","damage_taken":0,"max_hp_gain":0,"max_hp_loss":0,"event_name":"Dead Adventurer","floor":8,"gold_loss":0},{"damage_healed":0,"gold_gain":0,"player_choice":"Got Potions","damage_taken":0,"max_hp_gain":0,"max_hp_loss":0,"event_name":"Lab","floor":10,"gold_loss":0},{"cards_removed":["Strike_G"],"damage_healed":0,"gold_gain":0,"player_choice":"Offered Basic","damage_taken":0,"max_hp_gain":0,"max_hp_loss":0,"event_name":"Bonfire Elementals","floor":13,"gold_loss":0},{"cards_removed":["Normality"],"damage_healed":0,"gold_gain":0,"player_choice":"Gave Gold","damage_taken":0,"max_hp_gain":0,"max_hp_loss":0,"event_name":"Beggar","floor":25,"gold_loss":75}],"is_beta":false,"boss_relics":[{"not_picked":["Black Star","White Beast Statue"],"picked":"WristBlade"}],"items_purged_floors":[],"is_endless":false,"potions_floor_spawned":[4,7,11,18,19,22],"killed_by":"Centurion and Healer","ascension_level":0}