{"gold_per_floor":[113,130,130,144,157,157,157,173,221,240,240,240,208,21,21,118,118,98,13,32,48,67,67,67],"floor_reached":24,"playtime":1825,"items_purged":[],"score":266,"play_id":"16fd2d46-98c5-4dc6-b46e-d7924fdb06a7","local_time":"20190731001903","is_ascension_mode":true,"campfire_choices":[{"data":"Cloak And Dagger","floor":6,"key":"SMITH"},{"data":"Neutralize","floor":11,"key":"SMITH"},{"floor":15,"key":"REST"},{"floor":23,"key":"REST"}],"neow_cost":"NONE","seed_source_timestamp":0,"circlet_count":0,"master_deck":["Strike_G","Strike_G","Strike_G","Strike_G","Defend_G","Defend_G","Defend_G+1","Defend_G+1","Survivor","Neutralize+1","Poisoned Stab","PiercingWail","Cloak And Dagger+1","Poisoned Stab","Deadly Poison","Apotheosis","Malaise","Bouncing Flask","Acrobatics","Envenom","Sucker Punch","Calculated Gamble","Backflip+1","Leg Sweep+1","Dodge and Roll","Backflip+1"],"special_seed":0,"relics":["Ring of the Snake","War Paint","Orrery","Pear"],"potions_floor_usage":[16,16,24],"damage_taken":[{"damage":0.0,"enemies":"Small Slimes","floor":1.0,"turns":3.0},{"damage":5,"enemies":"2 Louse","floor":2,"turns":3},{"damage":1,"enemies":"Jaw Worm","floor":4,"turns":5},{"damage":2,"enemies":"Large Slime","floor":5,"turns":10},{"damage":10,"enemies":"3 Louse","floor":8,"turns":4},{"damage":0,"enemies":"Red Slaver","floor":10,"turns":5},{"damage":1,"enemies":"The Guardian","floor":16,"turns":9},{"damage":30,"enemies":"2 Thieves","floor":18,"turns":5},{"damage":11,"enemies":"Shell Parasite","floor":20,"turns":8},{"damage":1,"enemies":"Snecko","floor":21,"turns":5},{"damage":33,"enemies":"Centurion and Healer","floor":22,"turns":10},{"damage":32,"enemies":"3 Cultists","floor":24,"turns":7}],"seed_played":"394111218413650388","potions_obtained":[{"floor":4,"key":"EssenceOfSteel"},{"floor":8,"key":"FearPotion"},{"floor":18,"key":"Fire Potion"}],"is_trial":false,"path_per_floor":["M","M","?","M","M","R","?","M","T","M","R","?","?","$","R","B",null,"M","?","M","M","M","R","M"],"character_chosen":"THE_SILENT","items_purchased":["Apotheosis"],"campfire_rested":2,"item_purchase_floors":[14],"current_hp_per_floor":[63,58,58,57,55,55,48,38,38,38,38,38,38,38,59,58,67,37,47,36,35,2,26,0],"gold":67,"neow_bonus":"REMOVE_CARD","is_prod":false,"is_daily":false,"chose_seed":false,"campfire_upgraded":2,"win_rate":0,"timestamp":1564553943,"path_taken":["M","M","?","M","M","R","?","M","T","M","R","?","?","$","R","BOSS","M","?","M","M","M","R","M"],"build_version":"2019-07-17","purchased_purges":0,"victory":false,"max_hp_per_floor":[70,70,70,70,70,70,70,70,70,70,70,70,70,70,70,70,70,70,80,80,80,80,80,80],"card_choices":[{"not_picked":["Deflect","Calculated Gamble"],"picked":"Poisoned Stab","floor":1.0},{"not_picked":["Bane","Dagger Throw"],"picked":"PiercingWail","floor":2},{"not_picked":["Expertise","Dodge and Roll","Infinite Blades"],"picked":"SKIP","floor":4},{"not_picked":["Dodge and Roll","Slice"],"picked":"Cloak And Dagger","floor":5},{"not_picked":["Finisher","Acrobatics"],"picked":"Poisoned Stab","floor":8},{"not_picked":["Endless Agony","Prepared"],"picked":"Deadly Poison","floor":10},{"not_picked":["Storm of Steel","After Image"],"picked":"Malaise","floor":16},{"not_picked":["Riddle With Holes","Quick Slash"],"picked":"Bouncing Flask","floor":17},{"not_picked":["Deflect","Dagger Throw"],"picked":"Acrobatics","floor":17},{"not_picked":["Underhanded Strike","Tactician"],"picked":"Envenom","floor":17},{"not_picked":["Bane","Deadly Poison"],"picked":"Sucker Punch","floor":17},{"not_picked":["Expertise","Flechettes"],"picked":"Calculated Gamble","floor":17},{"not_picked":["Finisher","Caltrops"],"picked":"Backflip+1","floor":18},{"not_picked":["Terror","Setup"],"picked":"Leg Sweep+1","floor":20},{"not_picked":["Underhanded Strike","Outmaneuver"],"picked":"Dodge and Roll","floor":21},{"not_picked":["Backstab","Distraction+1"],"picked":"Backflip+1","floor":22}],"player_experience":2040562,"relics_obtained":[{"floor":9,"key":"War Paint"}],"event_choices":[{"damage_healed":0,"gold_gain":0,"player_choice":"Ignored","damage_taken":0,"max_hp_gain":0,"max_hp_loss":0,"event_name":"Liars Game","floor":3,"gold_loss":0},{"cards_removed":["Strike_G"],"damage_healed":0,"gold_gain":0,"player_choice":"Card Removal","damage_taken":7,"max_hp_gain":0,"max_hp_loss":0,"event_name":"Golden Wing","floor":7,"gold_loss":0},{"damage_healed":0,"gold_gain":0,"player_choice":"Searched \u00271\u0027 times","damage_taken":0,"max_hp_gain":0,"max_hp_loss":0,"event_name":"Dead Adventurer","floor":12,"gold_loss":0},{"damage_healed":0,"gold_gain":0,"player_choice":"Left Gold","damage_taken":0,"max_hp_gain":0,"max_hp_loss":0,"event_name":"World of Goop","floor":13,"gold_loss":32},{"damage_healed":0,"gold_gain":0,"player_choice":"Obtained Relic","damage_taken":0,"relics_obtained":["Pear"],"max_hp_gain":0,"max_hp_loss":0,"event_name":"Addict","floor":19,"gold_loss":85}],"is_beta":false,"boss_relics":[{"not_picked":["Tiny House","White Beast Statue"],"picked":"Orrery"}],"items_purged_floors":[],"is_endless":false,"potions_floor_spawned":[4,8,18],"killed_by":"3 Cultists","ascension_level":8}