{"gold_per_floor":[118,118,138,11,31,61,71,171,196,208,224,224,239,257,257,353,353,319,319,319,331,102,102,119,119,119,134,134,234,251,263,263,364,364,378,105,125,140,158,158,158,158,158,171,171,189,189],"floor_reached":47,"playtime":2446,"items_purged":["Strike_G","Strike_G","Choke+1"],"score":437,"play_id":"c4c3fc0f-1e81-4a5d-9c34-c9fab25830f0","local_time":"20190411110208","is_ascension_mode":false,"campfire_choices":[{"data":"Envenom","floor":12,"key":"SMITH"},{"data":"Outmaneuver","floor":15,"key":"SMITH"},{"data":"Noxious Fumes","floor":23,"key":"SMITH"},{"data":"Crippling Poison","floor":25,"key":"SMITH"},{"floor":28,"key":"REST"},{"floor":32,"key":"REST"},{"floor":40,"key":"REST"},{"data":"Noxious Fumes","floor":42,"key":"SMITH"},{"floor":45,"key":"REST"}],"neow_cost":"NONE","seed_source_timestamp":6528775767574,"circlet_count":0,"master_deck":["Defend_G","Defend_G","Defend_G","Defend_G","Defend_G","Survivor","Neutralize","Doppelganger","Crippling Poison+1","Poisoned Stab","Poisoned Stab","Deflect","Envenom+1","Outmaneuver+1","Deflect","Backstab","Bane","Acrobatics","Noxious Fumes+1","Backflip+1","Tactician+1","Deadly Poison","Footwork+1","Burst","Dash+1","Glass Knife+1","Flying Knee+1","Catalyst","Noxious Fumes+1","Caltrops+1","Parasite","Deadly Poison","Dodge and Roll+1","Cloak And Dagger+1"],"relics":["Ring of the Snake","Centennial Puzzle","Potion Belt","Cursed Key","Astrolabe"],"potions_floor_usage":[7,16,16,21,27,27,33,38,41,44],"damage_taken":[{"damage":0,"enemies":"Small Slimes","floor":1,"turns":4},{"damage":0,"enemies":"Cultist","floor":3,"turns":5},{"damage":0,"enemies":"2 Louse","floor":5,"turns":3},{"damage":18,"enemies":"3 Sentries","floor":6,"turns":12},{"damage":2,"enemies":"Blue Slaver","floor":7,"turns":4},{"damage":1,"enemies":"Looter","floor":10,"turns":4},{"damage":13,"enemies":"Large Slime","floor":11,"turns":8},{"damage":2,"enemies":"2 Fungi Beasts","floor":13,"turns":5},{"damage":4,"enemies":"Gremlin Gang","floor":14,"turns":5},{"damage":16,"enemies":"The Guardian","floor":16,"turns":12},{"damage":14,"enemies":"2 Thieves","floor":18,"turns":5},{"damage":6,"enemies":"3 Byrds","floor":21,"turns":5},{"damage":7,"enemies":"Centurion and Healer","floor":24,"turns":5},{"damage":17,"enemies":"Shelled Parasite and Fungi","floor":27,"turns":6},{"damage":10,"enemies":"Snake Plant","floor":30,"turns":6},{"damage":17,"enemies":"3 Cultists","floor":31,"turns":6},{"damage":38,"enemies":"Champ","floor":33,"turns":12},{"damage":17,"enemies":"Orb Walker","floor":35,"turns":5},{"damage":6,"enemies":"3 Shapes","floor":37,"turns":3},{"damage":45,"enemies":"Transient","floor":38,"turns":5},{"damage":0,"enemies":"Writhing Mass","floor":39,"turns":7},{"damage":0,"enemies":"Maw","floor":41,"turns":2},{"damage":20,"enemies":"Transient","floor":44,"turns":5},{"damage":19,"enemies":"Jaw Worm Horde","floor":46,"turns":4},{"damage":14,"enemies":"3 Darklings","floor":47,"turns":2}],"seed_played":"5516583707631353343","potions_obtained":[{"floor":5,"key":"AttackPotion"},{"floor":7,"key":"Block Potion"},{"floor":11,"key":"Weak Potion"},{"floor":13,"key":"Dexterity Potion"},{"floor":16,"key":"FairyPotion"},{"floor":24,"key":"Weak Potion"},{"floor":31,"key":"Dexterity Potion"},{"floor":33,"key":"Energy Potion"},{"floor":35,"key":"SmokeBomb"},{"floor":38,"key":"FearPotion"},{"floor":39,"key":"Fire Potion"}],"is_trial":false,"path_per_floor":["M","?","M","$","M","E","M","?","T","M","M","R","M","M","R","B",null,"M","?","?","M","$","R","M","R","T","M","R","?","M","M","R","B",null,"M","$","M","M","M","R","M","R","T","M","R","M","M"],"character_chosen":"THE_SILENT","items_purchased":["Poisoned Stab","Noxious Fumes","Block Potion","Catalyst","Noxious Fumes"],"campfire_rested":4,"item_purchase_floors":[4,22,22,36,36],"current_hp_per_floor":[70,70,70,70,70,52,50,50,50,49,36,36,34,30,30,14,70,56,43,43,37,37,37,30,30,30,13,35,35,25,8,30,7,75,58,58,52,7,7,29,29,29,29,9,31,12,0],"gold":189,"neow_bonus":"ONE_RANDOM_RARE_CARD","is_prod":false,"is_daily":false,"chose_seed":false,"campfire_upgraded":5,"win_rate":0.0,"timestamp":1554951728,"path_taken":["M","?","M","$","M","E","M","?","T","M","M","R","M","M","R","BOSS","M","?","?","M","$","R","M","R","T","M","R","?","M","?","R","BOSS","M","$","M","M","M","R","M","R","T","M","R","M","M"],"build_version":"2019-01-23","purchased_purges":3,"victory":false,"max_hp_per_floor":[70,70,70,70,70,70,70,70,70,70,70,70,70,70,70,70,70,70,75,75,75,75,75,75,75,75,75,75,75,75,75,75,75,75,75,75,75,75,75,75,75,75,75,75,75,75,75],"card_choices":[{"not_picked":["Underhanded Strike","Dodge and Roll"],"picked":"Crippling Poison","floor":1},{"not_picked":["Flechettes","Dodge and Roll"],"picked":"Poisoned Stab","floor":3},{"not_picked":["Outmaneuver","Crippling Poison"],"picked":"Deflect","floor":5},{"not_picked":["Cloak And Dagger","Underhanded Strike"],"picked":"Envenom","floor":6},{"not_picked":["PiercingWail","Poisoned Stab"],"picked":"Outmaneuver","floor":7},{"not_picked":["Expertise","Choke"],"picked":"Deflect","floor":10},{"not_picked":["Dodge and Roll","Choke","Eviscerate"],"picked":"SKIP","floor":11},{"not_picked":["Masterful Stab","Blade Dance"],"picked":"Backstab","floor":13},{"not_picked":["All Out Attack","Distraction"],"picked":"Bane","floor":14},{"not_picked":["Expertise","Quick Slash"],"picked":"Acrobatics","floor":18},{"not_picked":["Reflex","Sucker Punch","Outmaneuver+1"],"picked":"SKIP","floor":21},{"not_picked":["Skewer","Tactician"],"picked":"Backflip+1","floor":24},{"not_picked":["Choke","Finisher"],"picked":"Tactician+1","floor":27},{"not_picked":["Blur","Dodge and Roll"],"picked":"Deadly Poison","floor":30},{"not_picked":["PiercingWail+1","Dagger Throw"],"picked":"Footwork+1","floor":31},{"not_picked":["Night Terror","Phantasmal Killer"],"picked":"Burst","floor":33},{"not_picked":["Blade Dance+1","Blur"],"picked":"Flying Knee+1","floor":35},{"not_picked":["Reflex","Acrobatics","Quick Slash"],"picked":"SKIP","floor":37},{"not_picked":["Bane","Dodge and Roll"],"picked":"Caltrops+1","floor":38},{"not_picked":["Outmaneuver","Flying Knee"],"picked":"Deadly Poison","floor":39},{"not_picked":["Predator+1","Distraction"],"picked":"Dodge and Roll+1","floor":44},{"not_picked":["Endless Agony","Deadly Poison"],"picked":"Cloak And Dagger+1","floor":46}],"player_experience":26399,"relics_obtained":[{"floor":6,"key":"Centennial Puzzle"},{"floor":9,"key":"Potion Belt"}],"event_choices":[{"damage_healed":0,"gold_gain":0,"player_choice":"Fled","damage_taken":0,"max_hp_gain":0,"max_hp_loss":0,"event_name":"Scrap Ooze","floor":2,"gold_loss":0},{"damage_healed":0,"gold_gain":100,"player_choice":"Pray","damage_taken":0,"max_hp_gain":0,"max_hp_loss":0,"event_name":"Golden Shrine","floor":8,"gold_loss":0},{"damage_healed":0,"gold_gain":0,"player_choice":"Shed Blood","damage_taken":18,"max_hp_gain":5,"max_hp_loss":0,"event_name":"Forgotten Altar","floor":19,"gold_loss":0},{"damage_healed":0,"gold_gain":0,"player_choice":"Ignored","damage_taken":0,"max_hp_gain":0,"max_hp_loss":0,"event_name":"The Mausoleum","floor":20,"gold_loss":0},{"damage_healed":0,"gold_gain":100,"player_choice":"Pray","damage_taken":0,"max_hp_gain":0,"max_hp_loss":0,"event_name":"Golden Shrine","floor":29,"gold_loss":0}],"is_beta":false,"boss_relics":[{"not_picked":["Lizard Tail","Orrery"],"picked":"Cursed Key"},{"not_picked":["Calling Bell","Empty Cage"],"picked":"Astrolabe"}],"items_purged_floors":[4,22,36],"is_endless":false,"potions_floor_spawned":[5,7,11,13,16,24,31,33,35,38,39],"killed_by":"3 Darklings","ascension_level":0}