{"gold_per_floor":[114,189,66,82,95,95,128,157,208,208,59,78,78,78,78,181,181,192,192,67,87,105,105,122,140,219,249,249,249,261,171,171,272,272,285,385,385,401,401,401,421,421,469,15,67,0,10,25,25,25],"floor_reached":51,"playtime":9822,"items_purged":["Defend_R","Strike_R","Defend_R","Decay"],"score":715,"play_id":"d29ee5d4-9038-4f77-94f0-9f427bcd8abb","local_time":"20190820195251","is_ascension_mode":false,"campfire_choices":[{"data":"Pommel Strike","floor":6,"key":"SMITH"},{"data":"Body Slam","floor":10,"key":"SMITH"},{"data":"Rage","floor":13,"key":"SMITH"},{"floor":15,"key":"REST"},{"data":"Double Tap","floor":23,"key":"SMITH"},{"data":"Shrug It Off","floor":28,"key":"SMITH"},{"data":"Iron Wave","floor":32,"key":"SMITH"},{"data":"Barricade","floor":40,"key":"SMITH"},{"floor":42,"key":"REST"},{"floor":49,"key":"REST"}],"neow_cost":"NONE","seed_source_timestamp":2529010329777,"circlet_count":0,"master_deck":["Strike_R","Strike_R","Strike_R+1","Defend_R","Rage+1","Shrug It Off+1","Pommel Strike+1","Battle Trance","Body Slam+1","Shrug It Off+1","Metallicize","Double Tap+1","Iron Wave+1","True Grit+1","Warcry+1","Barricade+1","Body Slam+1","Warcry+1","Entrench+1","Infernal Blade+1"],"relics":["Burning Blood","Centennial Puzzle","Odd Mushroom","Strawberry","Empty Cage","Matryoshka","Smiling Mask","Black Star","Prayer Wheel","PreservedInsect","Dream Catcher","Ornamental Fan","Peace Pipe","Red Mask"],"potions_floor_usage":[7,8,16,19,27,27,27,30,33,38,45,50,50],"damage_taken":[{"damage":2,"enemies":"Jaw Worm","floor":1,"turns":3},{"damage":0,"enemies":"2 Louse","floor":4,"turns":2},{"damage":0,"enemies":"Cultist","floor":5,"turns":3},{"damage":57,"enemies":"Gremlin Nob","floor":7,"turns":5},{"damage":9,"enemies":"The Mushroom Lair","floor":8,"turns":6},{"damage":0,"enemies":"Red Slaver","floor":12,"turns":3},{"damage":0,"enemies":"The Guardian","floor":16,"turns":11},{"damage":2,"enemies":"Chosen","floor":18,"turns":7},{"damage":6,"enemies":"3 Byrds","floor":21,"turns":6},{"damage":3,"enemies":"Centurion and Healer","floor":22,"turns":10},{"damage":0,"enemies":"Snecko","floor":24,"turns":5},{"damage":4,"enemies":"Chosen and Byrds","floor":25,"turns":7},{"damage":3,"enemies":"Slavers","floor":27,"turns":5},{"damage":0,"enemies":"Snake Plant","floor":30,"turns":4},{"damage":21,"enemies":"Champ","floor":33,"turns":12},{"damage":16,"enemies":"3 Darklings","floor":35,"turns":6},{"damage":23,"enemies":"Mind Bloom Boss Battle","floor":36,"turns":10},{"damage":0,"enemies":"Orb Walker","floor":38,"turns":4},{"damage":13,"enemies":"Maw","floor":41,"turns":6},{"damage":12,"enemies":"2 Orb Walkers","floor":45,"turns":10},{"damage":8,"enemies":"Writhing Mass","floor":47,"turns":4},{"damage":11,"enemies":"Sphere and 2 Shapes","floor":48,"turns":4},{"damage":16,"enemies":"Donu and Deca","floor":50,"turns":9}],"seed_played":"5378037504944039661","potions_obtained":[{"floor":5,"key":"BloodPotion"},{"floor":7,"key":"EntropicBrew"},{"floor":8,"key":"Explosive Potion"},{"floor":16,"key":"Explosive Potion"},{"floor":19,"key":"Fruit Juice"},{"floor":19,"key":"EntropicBrew"},{"floor":19,"key":"Swift Potion"},{"floor":27,"key":"Fire Potion"},{"floor":35,"key":"Dexterity Potion"},{"floor":45,"key":"Ancient Potion"}],"is_trial":false,"path_per_floor":["M","?","$","M","M","R","E","?","T","R","$","M","R","?","R","B",null,"M","?","$","M","M","R","M","M","T","E","R","?","M","?","R","B",null,"M","?","?","M","?","R","M","R","T","$","?","?","M","M","R","B",null],"character_chosen":"IRONCLAD","items_purchased":["Shrug It Off","Shrug It Off","FairyPotion","Ornamental Fan","Block Potion"],"campfire_rested":3,"item_purchase_floors":[3,11,44,44,44],"current_hp_per_floor":[80,69,69,75,80,80,49,46,53,53,53,59,59,59,85,87,87,87,92,92,92,92,92,92,92,92,92,92,92,92,92,92,77,92,82,65,65,71,71,71,64,91,91,91,85,85,83,78,92,82],"gold":25,"neow_bonus":"THREE_CARDS","is_prod":false,"is_daily":false,"chose_seed":false,"campfire_upgraded":7,"win_rate":0,"timestamp":1566319971,"path_taken":["M","?","$","M","M","R","E","?","T","R","?","M","R","?","R","BOSS","M","?","$","M","M","R","M","?","T","E","R","?","M","?","R","BOSS","M","?","?","?","?","R","?","R","T","$","?","?","M","M","R","BOSS"],"build_version":"2019-07-17","purchased_purges":4,"victory":true,"max_hp_per_floor":[80,80,80,80,80,80,80,80,87,87,87,87,87,87,87,87,87,87,92,92,92,92,92,92,92,92,92,92,92,92,92,92,92,92,92,92,92,92,92,92,92,92,92,92,92,92,92,92,92,92],"card_choices":[{"not_picked":["Clash","Wild Strike"],"picked":"Rage","floor":0},{"not_picked":["Clothesline","Wild Strike","Heavy Blade"],"picked":"SKIP","floor":1},{"not_picked":["Heavy Blade","Thunderclap"],"picked":"Pommel Strike","floor":4},{"not_picked":["True Grit","Warcry"],"picked":"Battle Trance","floor":5},{"not_picked":["Fire Breathing","Impervious","Spot Weakness"],"picked":"SKIP","floor":7},{"not_picked":["Clothesline","Shrug It Off"],"picked":"Body Slam","floor":8},{"not_picked":["Rupture","Bloodletting"],"picked":"Metallicize","floor":12},{"not_picked":["Impervious","Fiend Fire"],"picked":"Double Tap","floor":16},{"not_picked":["Seeing Red","Whirlwind"],"picked":"Iron Wave","floor":18},{"not_picked":["Clothesline","Cleave","Iron Wave"],"picked":"SKIP","floor":21},{"not_picked":["Anger+1","Cleave","Disarm"],"picked":"SKIP","floor":22},{"not_picked":["Wild Strike","Thunderclap"],"picked":"True Grit+1","floor":24},{"not_picked":["Searing Blow","Disarm","Demon Form"],"picked":"SKIP","floor":25},{"not_picked":["Rampage","Metallicize"],"picked":"Warcry+1","floor":27},{"not_picked":["Rage","Ghostly Armor+1","Second Wind"],"picked":"SKIP","floor":30},{"not_picked":["Double Tap","Dark Embrace"],"picked":"Barricade","floor":33},{"not_picked":["Thunderclap+1","True Grit+1","Anger+1"],"picked":"SKIP","floor":35},{"not_picked":["Shrug It Off+1","Thunderclap+1"],"picked":"Warcry+1","floor":38},{"not_picked":["Feel No Pain+1","Shrug It Off","Anger+1"],"picked":"SKIP","floor":38},{"not_picked":["Shockwave+1","Rupture+1"],"picked":"Entrench+1","floor":41},{"not_picked":["Reaper","Armaments","Burning Pact+1"],"picked":"SKIP","floor":41},{"not_picked":["Pommel Strike+1","Anger+1","Iron Wave"],"picked":"SKIP","floor":47},{"not_picked":["Blood for Blood+1","Evolve","Battle Trance+1"],"picked":"SKIP","floor":47},{"not_picked":["Clothesline+1","Body Slam","Iron Wave+1"],"picked":"SKIP","floor":48},{"not_picked":["True Grit+1","Thunderclap+1","Headbutt"],"picked":"SKIP","floor":48},{"not_picked":["Cleave+1","Flex+1"],"picked":"Infernal Blade+1","floor":49}],"player_experience":54411,"relics_obtained":[{"floor":7,"key":"Centennial Puzzle"},{"floor":8,"key":"Odd Mushroom"},{"floor":9,"key":"Strawberry"},{"floor":26,"key":"Matryoshka"},{"floor":27,"key":"Smiling Mask"},{"floor":36,"key":"Prayer Wheel"},{"floor":43,"key":"PreservedInsect"},{"floor":43,"key":"Dream Catcher"},{"floor":45,"key":"Peace Pipe"}],"event_choices":[{"damage_healed":0,"gold_gain":75,"player_choice":"Gather Gold","damage_taken":11,"max_hp_gain":0,"max_hp_loss":0,"event_name":"World of Goop","floor":2,"gold_loss":0},{"damage_healed":0,"gold_gain":0,"player_choice":"Fought Mushrooms","damage_taken":0,"max_hp_gain":0,"max_hp_loss":0,"event_name":"Mushrooms","floor":8,"gold_loss":0},{"damage_healed":0,"gold_gain":0,"player_choice":"Upgraded","damage_taken":0,"max_hp_gain":0,"max_hp_loss":0,"event_name":"Upgrade Shrine","floor":14,"gold_loss":0,"cards_upgraded":["Shrug It Off"]},{"damage_healed":0,"gold_gain":0,"player_choice":"Got Potions","damage_taken":0,"max_hp_gain":0,"max_hp_loss":0,"event_name":"Lab","floor":19,"gold_loss":0},{"damage_healed":0,"gold_gain":0,"player_choice":"Ignored","damage_taken":0,"max_hp_gain":0,"max_hp_loss":0,"event_name":"Ghosts","floor":29,"gold_loss":0},{"cards_removed":["Bash"],"damage_healed":0,"gold_gain":0,"player_choice":"Upgrade and Remove","damage_taken":0,"max_hp_gain":0,"max_hp_loss":0,"event_name":"Designer","floor":31,"gold_loss":90,"cards_upgraded":["Strike_R"]},{"damage_healed":0,"gold_gain":0,"player_choice":"Fight","damage_taken":0,"max_hp_gain":0,"max_hp_loss":0,"event_name":"MindBloom","floor":36,"gold_loss":0},{"damage_healed":0,"gold_gain":0,"player_choice":"Copied","damage_taken":0,"max_hp_gain":0,"max_hp_loss":0,"event_name":"Duplicator","floor":37,"gold_loss":0,"cards_obtained":["Body Slam"]},{"damage_healed":0,"gold_gain":0,"player_choice":"Cursed","damage_taken":0,"max_hp_gain":0,"max_hp_loss":0,"event_name":"Wheel of Change","floor":39,"gold_loss":0,"cards_obtained":["Decay"]},{"damage_healed":0,"gold_gain":0,"player_choice":"Fight","damage_taken":0,"max_hp_gain":0,"max_hp_loss":0,"event_name":"Mysterious Sphere","floor":45,"gold_loss":0},{"damage_healed":0,"gold_gain":0,"player_choice":"Paid","damage_taken":0,"relics_obtained":["Red Mask"],"max_hp_gain":0,"max_hp_loss":0,"event_name":"Tomb of Lord Red Mask","floor":46,"gold_loss":67}],"is_beta":false,"boss_relics":[{"not_picked":["Cursed Key","Ectoplasm"],"picked":"Empty Cage"},{"not_picked":["Astrolabe","Velvet Choker"],"picked":"Black Star"}],"items_purged_floors":[3,11,20,44],"is_endless":false,"potions_floor_spawned":[5,7,8,16,21,22,24,27,35,45,48],"ascension_level":0}