{"gold_per_floor":[114,42,56,68,68,68,100,100,100,100,135,135,148,148,148,243,243,255,273,3,3,3,3,3,38,38,38,0,11,26,36,36,140,140,157,177,187,187,187,187,213,213,213,225,237,259,271,301,313,325],"floor_reached":50,"playtime":5216,"items_purged":[],"score":822,"play_id":"742c5fe6-2fa8-4819-9451-777a41b306c0","local_time":"20190420160355","is_ascension_mode":true,"campfire_choices":[{"floor":6.0,"key":"REST"},{"data":"Footwork","floor":8.0,"key":"SMITH"},{"data":"Neutralize","floor":10.0,"key":"SMITH"},{"floor":15.0,"key":"REST"},{"data":"Acrobatics","floor":23.0,"key":"SMITH"},{"floor":27.0,"key":"REST"},{"floor":32.0,"key":"REST"},{"floor":40.0,"key":"REST"},{"floor":42.0,"key":"REST"},{"data":"Noxious Fumes","floor":44.0,"key":"SMITH"},{"data":"Noxious Fumes","floor":47.0,"key":"SMITH"},{"data":"Leg Sweep","floor":49.0,"key":"SMITH"}],"neow_cost":"NONE","seed_source_timestamp":138842037346060,"circlet_count":0,"master_deck":["AscendersBane","Defend_G","Defend_G+1","Defend_G","Defend_G","Defend_G","Strike_G","Strike_G","Strike_G","Strike_G","Strike_G","Survivor","Neutralize+1","Well Laid Plans","Infinite Blades","Quick Slash+1","Footwork+1","Slice","Leg Sweep+1","Noxious Fumes+1","Envenom","Crippling Poison","Acrobatics+1","Noxious Fumes+1","Ghostly","Ghostly","Ghostly","Ghostly","Ghostly","Tactician","Backflip","Terror","Malaise","Dash+1","Writhe","PiercingWail+1"],"special_seed":0,"relics":["Ring of the Snake","Ancient Tea Set","Shuriken","Singing Bowl","Regal Pillow","Happy Flower","FaceOfCleric","HoveringKite","ClockworkSouvenir","Nilry\u0027s Codex","Orichalcum","Frozen Egg 2","WristBlade","Vajra","MawBank"],"potions_floor_usage":[50,50],"damage_taken":[{"damage":0.0,"enemies":"Jaw Worm","floor":1.0,"turns":6.0},{"damage":0.0,"enemies":"Small Slimes","floor":3.0,"turns":4.0},{"damage":1.0,"enemies":"2 Louse","floor":4.0,"turns":3.0},{"damage":8.0,"enemies":"Lagavulin","floor":7.0,"turns":7.0},{"damage":11.0,"enemies":"Gremlin Nob","floor":11.0,"turns":4.0},{"damage":4.0,"enemies":"Lots of Slimes","floor":13.0,"turns":5.0},{"damage":12.0,"enemies":"Hexaghost","floor":16.0,"turns":10.0},{"damage":7.0,"enemies":"Chosen","floor":18.0,"turns":7.0},{"damage":20.0,"enemies":"Shell Parasite","floor":19.0,"turns":7.0},{"damage":21.0,"enemies":"Book of Stabbing","floor":25.0,"turns":7.0},{"damage":1.0,"enemies":"Shelled Parasite and Fungi","floor":29.0,"turns":7.0},{"damage":4.0,"enemies":"Snake Plant","floor":30.0,"turns":5.0},{"damage":21.0,"enemies":"3 Cultists","floor":31.0,"turns":6.0},{"damage":7.0,"enemies":"Champ","floor":33.0,"turns":10.0},{"damage":0.0,"enemies":"3 Darklings","floor":35.0,"turns":7.0},{"damage":10.0,"enemies":"Orb Walker","floor":36.0,"turns":5.0},{"damage":27.0,"enemies":"Jaw Worm Horde","floor":37.0,"turns":5.0},{"damage":34.0,"enemies":"Giant Head","floor":41.0,"turns":10.0},{"damage":2.0,"enemies":"3 Darklings","floor":46.0,"turns":7.0},{"damage":0.0,"enemies":"4 Shapes","floor":48.0,"turns":8.0},{"damage":64,"enemies":"Time Eater","floor":50,"turns":12}],"seed_played":"-226939385007805243","potions_obtained":[{"floor":1.0,"key":"GhostInAJar"},{"floor":4.0,"key":"AttackPotion"},{"floor":11.0,"key":"PowerPotion"},{"floor":19.0,"key":"PowerPotion"},{"floor":30.0,"key":"AttackPotion"},{"floor":33.0,"key":"SteroidPotion"},{"floor":46.0,"key":"SteroidPotion"}],"is_trial":false,"path_per_floor":["M","$","M","M","?","R","E","R","T","R","E","?","M","?","R","B",null,"M","M","$","?","?","R","?","E","T","R","?","M","M","M","R","B",null,"M","M","M","?","?","R","E","R","T","R","?","M","R","M","R","B"],"character_chosen":"THE_SILENT","items_purchased":["Infinite Blades","ClockworkSouvenir","Noxious Fumes"],"campfire_rested":6,"item_purchase_floors":[2,20,20],"current_hp_per_floor":[63,63,63,62,48,69,61,61,61,61,50,32,28,28,64,53,67,61,42,42,26,26,26,26,6,6,32,32,32,29,11,38,32,40,43,34,10,23,23,50,17,47,47,47,47,46,46,49,49,0],"gold":325,"neow_bonus":"RANDOM_COMMON_RELIC","is_prod":false,"is_daily":false,"chose_seed":false,"campfire_upgraded":6,"win_rate":0,"timestamp":1555801435,"path_taken":["M","$","M","M","?","R","E","R","T","R","E","?","M","?","R","BOSS","M","?","$","?","?","R","?","E","T","R","?","M","M","M","R","BOSS","M","M","M","?","?","R","E","R","T","R","?","M","R","M","R","BOSS"],"build_version":"2019-01-23","purchased_purges":0,"victory":false,"max_hp_per_floor":[70,70,70,70,70,70,70,70,70,70,70,70,70,70,70,71,71,72,73,73,73,36,36,36,37,37,37,37,38,39,42,42,43,43,46,47,50,50,50,50,51,51,51,51,51,52,52,55,55,55],"card_choices":[{"not_picked":["Flying Knee","Dagger Spray"],"picked":"Well Laid Plans","floor":1.0},{"not_picked":["Caltrops","Underhanded Strike"],"picked":"Quick Slash","floor":3.0},{"not_picked":["Slice","Underhanded Strike"],"picked":"Footwork","floor":4.0},{"not_picked":["Bane","Catalyst"],"picked":"Slice","floor":7.0},{"not_picked":["Reflex","Predator"],"picked":"Leg Sweep","floor":11.0},{"not_picked":["Adrenaline","Cloak And Dagger"],"picked":"Noxious Fumes","floor":13.0},{"not_picked":["Malaise","Tools of the Trade"],"picked":"Envenom","floor":16.0},{"not_picked":["Reflex","Flying Knee"],"picked":"Crippling Poison","floor":18.0},{"not_picked":["Dagger Throw+1","Eviscerate"],"picked":"Acrobatics","floor":19.0},{"not_picked":["Bouncing Flask","Predator"],"picked":"Tactician","floor":25.0},{"not_picked":["Deflect+1","Outmaneuver"],"picked":"Backflip","floor":29.0},{"not_picked":["Well Laid Plans+1","Dash"],"picked":"Terror","floor":30.0},{"not_picked":["Quick Slash","Deflect+1","Finisher"],"picked":"Singing Bowl","floor":31.0},{"not_picked":["Doppelganger","Night Terror"],"picked":"Malaise","floor":33.0},{"not_picked":["Well Laid Plans+1","Deadly Poison","Outmaneuver+1"],"picked":"Singing Bowl","floor":35.0},{"not_picked":["Sucker Punch+1","Underhanded Strike"],"picked":"Dash+1","floor":36.0},{"not_picked":["Caltrops+1","Tactician","Slice"],"picked":"Singing Bowl","floor":37.0},{"not_picked":["Flying Knee+1","Burst"],"picked":"Eviscerate","floor":41.0},{"not_picked":["Prepared","Flying Knee+1"],"picked":"PiercingWail+1","floor":46.0},{"not_picked":["Deflect","Noxious Fumes+1","Dagger Throw"],"picked":"Singing Bowl","floor":48.0}],"player_experience":533756,"relics_obtained":[{"floor":7.0,"key":"Shuriken"},{"floor":9.0,"key":"Singing Bowl"},{"floor":11.0,"key":"Regal Pillow"},{"floor":21.0,"key":"Nilry\u0027s Codex"},{"floor":25.0,"key":"Orichalcum"},{"floor":26.0,"key":"Frozen Egg 2"},{"floor":41.0,"key":"Vajra"},{"floor":43.0,"key":"MawBank"}],"event_choices":[{"damage_healed":0.0,"max_hp_gain":0.0,"max_hp_loss":0.0,"gold_gain":0.0,"event_name":"Shining Light","player_choice":"Entered Light","floor":5.0,"gold_loss":0.0,"damage_taken":14.0,"cards_upgraded":["Defend_G","Quick Slash"]},{"damage_healed":0.0,"max_hp_gain":0.0,"max_hp_loss":0.0,"gold_gain":0.0,"event_name":"Scrap Ooze","player_choice":"Success","floor":12.0,"gold_loss":0.0,"damage_taken":18.0,"relics_obtained":["Happy Flower"]},{"damage_healed":0.0,"max_hp_gain":0.0,"max_hp_loss":0.0,"gold_gain":0.0,"event_name":"FaceTrader","player_choice":"Trade","floor":14.0,"gold_loss":0.0,"damage_taken":0.0,"relics_obtained":["FaceOfCleric"]},{"damage_healed":0.0,"max_hp_gain":0.0,"max_hp_loss":0.0,"gold_gain":0.0,"event_name":"Cursed Tome","player_choice":"Obtained Book","floor":21.0,"gold_loss":0.0,"damage_taken":16.0},{"damage_healed":0.0,"max_hp_gain":0.0,"max_hp_loss":37.0,"gold_gain":0.0,"event_name":"Ghosts","player_choice":"Became a Ghost","floor":22.0,"gold_loss":0.0,"damage_taken":0.0,"cards_obtained":["Ghostly","Ghostly","Ghostly","Ghostly","Ghostly"]},{"damage_healed":0.0,"max_hp_gain":0.0,"max_hp_loss":0.0,"gold_gain":0.0,"event_name":"Beggar","player_choice":"Ignored","floor":24.0,"gold_loss":0.0,"damage_taken":0.0},{"damage_healed":0.0,"max_hp_gain":0.0,"max_hp_loss":0.0,"gold_gain":0.0,"event_name":"Masked Bandits","player_choice":"Paid Fearfully","floor":28.0,"gold_loss":38.0,"damage_taken":0.0},{"damage_healed":13.0,"max_hp_gain":0.0,"max_hp_loss":0.0,"gold_gain":0.0,"event_name":"Winding Halls","player_choice":"Writhe","floor":38.0,"gold_loss":0.0,"damage_taken":0.0,"cards_obtained":["Writhe"]},{"damage_healed":0.0,"max_hp_gain":0.0,"max_hp_loss":0.0,"gold_gain":0.0,"event_name":"Mysterious Sphere","player_choice":"Ignored","floor":39.0,"gold_loss":0.0,"damage_taken":0.0},{"cards_removed":["Eviscerate"],"damage_healed":0.0,"max_hp_gain":0.0,"max_hp_loss":0.0,"gold_gain":0.0,"event_name":"Falling","player_choice":"Removed Attack","floor":45.0,"gold_loss":0.0,"damage_taken":0.0}],"is_beta":false,"boss_relics":[{"not_picked":["Runic Pyramid","Calling Bell"],"picked":"HoveringKite"},{"not_picked":["Fusion Hammer","Velvet Choker"],"picked":"WristBlade"}],"items_purged_floors":[],"is_endless":false,"potions_floor_spawned":[1,4,11,19,30,33,37,46],"killed_by":"Time Eater","ascension_level":11}