{"gold_per_floor":[109,109,128,12,12,46,59,59,59,69,69,101,101,121,121,226,276,290,215,28,28,39,39,58,83,83,83,83],"floor_reached":28,"playtime":1568,"items_purged":["Strike_B"],"score":432,"play_id":"97564ff4-f396-4456-b1dc-ca6fcfee3453","local_time":"20190503160553","is_ascension_mode":true,"campfire_choices":[{"data":"Self Repair","floor":11.0,"key":"SMITH"},{"data":"Glacier","floor":13.0,"key":"SMITH"},{"floor":15.0,"key":"REST"},{"data":"Creative AI","floor":23.0,"key":"SMITH"},{"floor":27,"key":"REST"}],"neow_cost":"NONE","seed_source_timestamp":360738385560751,"circlet_count":0,"master_deck":["AscendersBane","Defend_B","Defend_B","Defend_B","Zap","Dualcast+1","Ball Lightning","Consume","Self Repair+1","Creative AI+1","Cold Snap","Glacier+1","Go for the Eyes","Core Surge","Beam Cell","Go for the Eyes+1","Echo Form","Leap","Bite","Bite","Bite","Bite","Bite","Coolheaded","FTL","Seek"],"special_seed":0,"relics":["Cracked Core","NeowsBlessing","Matryoshka","PreservedInsect","Bottled Tornado","Turnip","Tiny House","Sundial","Question Card","Bag of Marbles"],"potions_floor_usage":[],"damage_taken":[{"damage":0.0,"enemies":"Jaw Worm","floor":1.0,"turns":1.0},{"damage":0.0,"enemies":"2 Louse","floor":3.0,"turns":1.0},{"damage":0.0,"enemies":"Lagavulin","floor":6.0,"turns":1.0},{"damage":20.0,"enemies":"Cultist","floor":7.0,"turns":5.0},{"damage":13.0,"enemies":"Large Slime","floor":10.0,"turns":4.0},{"damage":15.0,"enemies":"Gremlin Nob","floor":12.0,"turns":4.0},{"damage":7.0,"enemies":"2 Fungi Beasts","floor":14.0,"turns":5.0},{"damage":19.0,"enemies":"The Guardian","floor":16.0,"turns":12.0},{"damage":13.0,"enemies":"Shell Parasite","floor":18.0,"turns":10.0},{"damage":16.0,"enemies":"3 Byrds","floor":22.0,"turns":3.0},{"damage":33.0,"enemies":"Cultist and Chosen","floor":24.0,"turns":10.0},{"damage":32.0,"enemies":"Book of Stabbing","floor":25.0,"turns":7.0},{"damage":58,"enemies":"3 Cultists","floor":28,"turns":6}],"seed_played":"-8120564104165452057","potions_obtained":[{"floor":3.0,"key":"SpeedPotion"},{"floor":7.0,"key":"Explosive Potion"},{"floor":12.0,"key":"Fire Potion"},{"floor":14.0,"key":"Poison Potion"},{"floor":16.0,"key":"AttackPotion"},{"floor":22.0,"key":"SpeedPotion"},{"floor":25,"key":"SmokeBomb"}],"is_trial":false,"path_per_floor":["M","?","M","$","?","E","M","$","T","M","R","E","R","M","R","B",null,"M","?","$","?","M","R","M","E","T","R","M"],"character_chosen":"DEFECT","items_purchased":["Self Repair","Echo Form","Leap"],"campfire_rested":2,"item_purchase_floors":[4,20,20],"current_hp_per_floor":[68,68,68,68,68,68,55,55,55,49,49,44,44,47,69,60,76,73,73,73,56,53,53,44,16,16,32,0],"gold":83,"neow_bonus":"THREE_ENEMY_KILL","is_prod":false,"is_daily":false,"chose_seed":false,"campfire_upgraded":3,"win_rate":0,"timestamp":1556924753,"path_taken":["M","?","M","$","?","E","?","$","T","M","R","E","R","M","R","BOSS","M","?","$","?","M","R","M","E","T","R","M"],"build_version":"2019-01-23","purchased_purges":1,"victory":false,"max_hp_per_floor":[75,75,75,75,75,75,75,75,75,75,75,75,75,75,75,75,80,80,80,80,56,56,56,56,56,56,56,56],"card_choices":[{"not_picked":["Reprogram","Turbo"],"picked":"Ball Lightning","floor":1.0},{"not_picked":["Rebound","Recycle"],"picked":"Consume","floor":3.0},{"not_picked":["Chaos","Streamline"],"picked":"Creative AI","floor":6.0},{"not_picked":["Blizzard","Barrage"],"picked":"Cold Snap","floor":7.0},{"not_picked":["Stack","Beam Cell"],"picked":"Glacier","floor":10.0},{"not_picked":["Storm","Sweeping Beam"],"picked":"Go for the Eyes","floor":12.0},{"not_picked":["Static Discharge","Tempest","Turbo"],"picked":"SKIP","floor":14.0},{"not_picked":["Meteor Strike","Reboot"],"picked":"Core Surge","floor":16.0},{"not_picked":["Auto Shields","Compile Driver"],"picked":"Beam Cell","floor":17.0},{"not_picked":["Hello World","Compile Driver"],"picked":"Go for the Eyes+1","floor":18.0},{"not_picked":["Redo","BootSequence"],"picked":"Coolheaded","floor":22.0},{"not_picked":["Cold Snap+1","Leap"],"picked":"FTL","floor":24.0},{"not_picked":["Conserve Battery+1","Recycle"],"picked":"Seek","floor":25}],"player_experience":543298,"relics_obtained":[{"floor":6.0,"key":"Matryoshka"},{"floor":9.0,"key":"PreservedInsect"},{"floor":9.0,"key":"Bottled Tornado"},{"floor":12.0,"key":"Turnip"},{"floor":25,"key":"Sundial"},{"floor":26,"key":"Question Card"},{"floor":26,"key":"Bag of Marbles"}],"event_choices":[{"damage_healed":0.0,"max_hp_gain":0.0,"max_hp_loss":0.0,"gold_gain":0.0,"event_name":"Scrap Ooze","player_choice":"Fled","floor":2.0,"gold_loss":0.0,"damage_taken":0.0},{"cards_removed":["Strike_B"],"damage_healed":0.0,"max_hp_gain":0.0,"max_hp_loss":0.0,"gold_gain":0.0,"event_name":"Purifier","player_choice":"Purged","floor":5.0,"gold_loss":0.0,"damage_taken":0.0},{"cards_removed":["Defend_B"],"damage_healed":0.0,"max_hp_gain":0.0,"max_hp_loss":0.0,"gold_gain":0.0,"event_name":"Beggar","player_choice":"Gave Gold","floor":19.0,"gold_loss":75.0,"damage_taken":0.0},{"damage_healed":0.0,"max_hp_gain":0.0,"max_hp_loss":24.0,"gold_gain":0.0,"event_name":"Vampires","player_choice":"Became a vampire","floor":21.0,"gold_loss":0.0,"damage_taken":0.0,"cards_obtained":["Bite","Bite","Bite","Bite","Bite"]}],"is_beta":false,"boss_relics":[{"not_picked":["Pandora\u0027s Box","FrozenCore"],"picked":"Tiny House"}],"items_purged_floors":[4],"is_endless":false,"potions_floor_spawned":[3,7,12,14,16,22,25],"killed_by":"3 Cultists","ascension_level":10}