{"gold_per_floor":[111,10,23,23,23,23,40,40,40,40,59,79,97,113,113,211,211,222,122,122,95,105,105,120,136,136,136,153,68,68,68,68,68],"floor_reached":33,"playtime":2062,"items_purged":["Strike_G","Defend_G"],"score":241,"play_id":"219052b2-3651-4a65-82f8-772c1b15e3fa","local_time":"20190820152009","is_ascension_mode":false,"campfire_choices":[{"data":"Poisoned Stab","floor":6,"key":"SMITH"},{"data":"Bane","floor":8,"key":"SMITH"},{"data":"Neutralize","floor":10,"key":"SMITH"},{"floor":15,"key":"REST"},{"floor":23,"key":"REST"},{"floor":27,"key":"REST"},{"floor":32,"key":"REST"}],"neow_cost":"NONE","seed_source_timestamp":142499147038549,"circlet_count":0,"master_deck":["Strike_G","Strike_G","Strike_G","Defend_G","Defend_G","Defend_G","Defend_G","Survivor","Neutralize+1","Deflect","Poisoned Stab+1","Bane+1","Deadly Poison","Backflip","Adrenaline","Deadly Poison","PiercingWail","Dagger Spray"],"relics":["Ring of the Snake","Gremlin Horn","Lizard Tail","Girya","Calipers"],"potions_floor_usage":[31,33,33,33,33],"damage_taken":[{"damage":0,"enemies":"2 Louse","floor":1,"turns":4},{"damage":3,"enemies":"Small Slimes","floor":3,"turns":3},{"damage":0,"enemies":"Jaw Worm","floor":7,"turns":4},{"damage":3,"enemies":"Looter","floor":11,"turns":3},{"damage":0,"enemies":"Blue Slaver","floor":12,"turns":3},{"damage":3,"enemies":"2 Fungi Beasts","floor":13,"turns":3},{"damage":0,"enemies":"Lots of Slimes","floor":14,"turns":4},{"damage":23,"enemies":"Hexaghost","floor":16,"turns":9},{"damage":11,"enemies":"2 Thieves","floor":18,"turns":4},{"damage":14,"enemies":"Spheric Guardian","floor":22,"turns":5},{"damage":26,"enemies":"Centurion and Healer","floor":24,"turns":10},{"damage":6,"enemies":"Chosen and Byrds","floor":25,"turns":6},{"damage":23,"enemies":"3 Cultists","floor":28,"turns":8},{"damage":2,"enemies":"Shelled Parasite and Fungi","floor":31,"turns":4},{"damage":94,"enemies":"Champ","floor":33,"turns":16}],"seed_played":"-2464455619324636937","potions_obtained":[{"floor":3,"key":"LiquidBronze"},{"floor":11,"key":"SpeedPotion"},{"floor":12,"key":"SmokeBomb"},{"floor":16,"key":"EntropicBrew"}],"is_trial":false,"path_per_floor":["M","$","M","?","$","R","M","R","T","R","M","M","M","M","R","B",null,"M","$","?","$","M","R","M","M","T","R","M","?","?","M","R","B"],"character_chosen":"THE_SILENT","items_purchased":["Bane","Deadly Poison"],"campfire_rested":4,"item_purchase_floors":[2,21],"current_hp_per_floor":[70,70,67,60,60,60,60,60,60,60,57,57,54,54,70,47,70,59,59,59,59,45,66,40,34,34,55,32,32,32,30,51,0],"gold":68,"neow_bonus":"THREE_CARDS","is_prod":false,"is_daily":false,"chose_seed":false,"campfire_upgraded":3,"win_rate":0.0,"timestamp":1566303609,"path_taken":["M","$","M","?","$","R","M","R","T","R","M","M","M","M","R","BOSS","M","$","?","$","M","R","M","M","T","R","M","?","?","M","R","BOSS"],"build_version":"2019-07-17","purchased_purges":2,"victory":false,"max_hp_per_floor":[70,70,70,70,70,70,70,70,70,70,70,70,70,70,70,70,70,70,70,70,70,70,70,70,70,70,70,70,70,70,70,70,70],"card_choices":[{"not_picked":["Dagger Throw","Blade Dance"],"picked":"Deflect","floor":0},{"not_picked":["Dodge and Roll","Footwork"],"picked":"Poisoned Stab","floor":1},{"not_picked":["Cloak And Dagger","Reflex","Accuracy"],"picked":"SKIP","floor":3},{"not_picked":["Riddle With Holes","Acrobatics","Underhanded Strike"],"picked":"SKIP","floor":7},{"not_picked":["All Out Attack","Blade Dance","Cloak And Dagger"],"picked":"SKIP","floor":11},{"not_picked":["A Thousand Cuts","Tactician"],"picked":"Deadly Poison","floor":12},{"not_picked":["Slice","Deflect"],"picked":"Backflip","floor":13},{"not_picked":["Blade Dance","Sucker Punch","Quick Slash"],"picked":"SKIP","floor":14},{"not_picked":["Storm of Steel","Bullet Time"],"picked":"Adrenaline","floor":16},{"not_picked":["Prepared","Slice","Escape Plan+1"],"picked":"SKIP","floor":18},{"not_picked":["Eviscerate+1","Finisher"],"picked":"PiercingWail","floor":22},{"not_picked":["Masterful Stab","Sucker Punch","Slice"],"picked":"SKIP","floor":24},{"not_picked":["Finisher+1","All Out Attack"],"picked":"Dagger Spray","floor":25},{"not_picked":["Footwork","Dagger Spray+1","PiercingWail"],"picked":"SKIP","floor":28}],"player_experience":47179,"relics_obtained":[{"floor":9,"key":"Gremlin Horn"},{"floor":26,"key":"Girya"}],"event_choices":[{"cards_removed":["Strike_G"],"damage_healed":0,"gold_gain":0,"player_choice":"Card Removal","damage_taken":7,"max_hp_gain":0,"max_hp_loss":0,"event_name":"Golden Wing","floor":4,"gold_loss":0},{"damage_healed":0,"gold_gain":0,"player_choice":"Ignored","damage_taken":0,"max_hp_gain":0,"max_hp_loss":0,"event_name":"Cursed Tome","floor":20,"gold_loss":0},{"damage_healed":0,"gold_gain":0,"player_choice":"Obtained Relic","damage_taken":0,"relics_obtained":["Calipers"],"max_hp_gain":0,"max_hp_loss":0,"event_name":"Addict","floor":29,"gold_loss":85},{"damage_healed":0,"gold_gain":0,"player_choice":"Ignored","damage_taken":0,"max_hp_gain":0,"max_hp_loss":0,"event_name":"The Mausoleum","floor":30,"gold_loss":0}],"is_beta":false,"boss_relics":[{"not_picked":["Cursed Key","Coffee Dripper"],"picked":"Lizard Tail"}],"items_purged_floors":[2,19],"is_endless":false,"potions_floor_spawned":[3,11,12,16,22,25],"killed_by":"Champ","ascension_level":0}