{"gold_per_floor":[159,234,6,16,16,47,47,47,47,62,76,86,86,100,100,100],"floor_reached":16,"playtime":471,"items_purged":[],"score":102,"play_id":"4f525078-e770-4905-bcff-00c6cae97190","local_time":"20190825093630","is_ascension_mode":false,"campfire_choices":[{"floor":8,"key":"RECALL"},{"floor":15,"key":"REST"}],"neow_cost":"NONE","seed_source_timestamp":411813400441230,"circlet_count":0,"master_deck":["Strike_R","Strike_R","Strike_R","Strike_R","Strike_R","Defend_R","Defend_R","Defend_R","Defend_R","Bash+1","Flex+1","Shrug It Off+1"],"relics":["Tiny House","Toy Ornithopter","Gremlin Horn"],"potions_floor_usage":[6,6,12,16,16],"damage_taken":[{"damage":6,"enemies":"Jaw Worm","floor":1,"turns":3},{"damage":12,"enemies":"2 Louse","floor":4,"turns":3},{"damage":9,"enemies":"Gremlin Nob","floor":6,"turns":4},{"damage":0,"enemies":"Cultist","floor":10,"turns":2},{"damage":23,"enemies":"3 Louse","floor":11,"turns":3},{"damage":5,"enemies":"Lots of Slimes","floor":12,"turns":4},{"damage":14,"enemies":"Blue Slaver","floor":14,"turns":3},{"damage":51,"enemies":"Hexaghost","floor":16,"turns":12}],"seed_played":"8464595586836289419","potions_obtained":[{"floor":0,"key":"Block Potion"},{"floor":1,"key":"Block Potion"},{"floor":6,"key":"Energy Potion"},{"floor":11,"key":"Energy Potion"},{"floor":14,"key":"Poison Potion"}],"is_trial":false,"path_per_floor":["M","?","$","M","?","E","$","R","T","M","M","M","?","M","R","B"],"character_chosen":"IRONCLAD","items_purchased":["Toy Ornithopter","Flex"],"campfire_rested":1,"item_purchase_floors":[3,3],"current_hp_per_floor":[79,68,68,56,56,57,57,57,57,57,34,34,34,20,45,4],"gold":100,"neow_bonus":"BOSS_RELIC","is_prod":false,"is_daily":false,"chose_seed":false,"campfire_upgraded":0,"win_rate":0,"timestamp":1566696990,"path_taken":["M","?","$","M","?","E","?","R","T","M","M","M","?","M","R","BOSS"],"build_version":"2019-07-17","purchased_purges":0,"victory":false,"max_hp_per_floor":[85,85,85,85,85,85,85,85,85,85,85,85,85,85,85,85],"card_choices":[{"not_picked":["Body Slam","Feel No Pain","Pummel"],"picked":"SKIP","floor":1},{"not_picked":["Cleave","True Grit","Rampage"],"picked":"SKIP","floor":4},{"not_picked":["Bludgeon","Armaments","Blood for Blood"],"picked":"SKIP","floor":6},{"not_picked":["Warcry","Uppercut","Iron Wave"],"picked":"SKIP","floor":10},{"not_picked":["Wild Strike","Iron Wave"],"picked":"Shrug It Off","floor":11},{"not_picked":["Wild Strike","Infernal Blade","Reckless Charge"],"picked":"SKIP","floor":12},{"not_picked":["True Grit","Thunderclap","Perfected Strike"],"picked":"SKIP","floor":14}],"player_experience":254887,"relics_obtained":[{"floor":6,"key":"Gremlin Horn"}],"event_choices":[{"damage_healed":0,"gold_gain":75,"player_choice":"Gather Gold","damage_taken":11,"max_hp_gain":0,"max_hp_loss":0,"event_name":"World of Goop","floor":2,"gold_loss":0},{"damage_healed":0,"gold_gain":0,"player_choice":"Grow","damage_taken":0,"max_hp_gain":0,"max_hp_loss":0,"event_name":"Living Wall","floor":5,"gold_loss":0,"cards_upgraded":["Flex"]},{"damage_healed":0,"gold_gain":0,"player_choice":"Upgraded","damage_taken":0,"max_hp_gain":0,"max_hp_loss":0,"event_name":"Upgrade Shrine","floor":13,"gold_loss":0,"cards_upgraded":["Shrug It Off"]}],"is_beta":false,"boss_relics":[],"items_purged_floors":[],"is_endless":false,"potions_floor_spawned":[1,6,11,14],"killed_by":"Hexaghost","ascension_level":0}