{"path_per_floor":["M","?","M","M","M","R","?","M","T","M","M","R","M","E","R","B",null,"M","?","?","$","M","E","R","M","T","R","?","E","M"],"character_chosen":"IRONCLAD","items_purchased":["Pantograph","Dexterity Potion"],"gold_per_floor":[110,110,127,145,163,163,163,175,175,192,204,204,223,255,255,350,350,369,294,294,0,13,39,39,49,49,49,49,81,97,97],"floor_reached":31,"campfire_rested":1,"playtime":3421,"current_hp_per_floor":[44,44,49,55,43,67,67,61,61,57,48,48,69,51,51,17,80,65,65,40,40,40,25,33,30,30,38,38,17,8,0],"items_purged":[],"gold":97,"score":305,"play_id":"c827963a-3764-4591-9a8f-fb2769854ed6","local_time":"20180406205902","is_prod":false,"is_daily":false,"is_ascension_mode":false,"campfire_upgraded":3,"timestamp":1523069942,"path_taken":["M","?","M","M","?","R","?","M","T","M","M","R","M","E","R","BOSS","M","?","?","$","M","E","R","M","T","R","?","E","M","M"],"build_version":"2018-04-05v2","purchased_purges":0,"victory":false,"master_deck":["Strike_R+1","Strike_R+1","Defend_R+1","Defend_R+1","Defend_R+1","Bash","Clothesline+1","Carnage+1","Combust","Shrug It Off+1","Pommel Strike","Disarm","Thunderclap","Battle Trance","Demon Form+1","Armaments+1","Ghostly","Ghostly","Ghostly","Ghostly","Ghostly","Warcry","True Grit+1"],"max_hp_per_floor":[80,80,80,80,80,80,80,80,80,80,80,80,80,80,80,80,80,80,80,40,40,40,40,40,40,40,40,40,47,47,47],"relics":["Burning Blood","Girya","Centennial Puzzle","Eternal Feather","Pantograph","Regal Pillow","Charon\u0027s Ashes","Strawberry"],"card_choices":[{"not_picked":["Anger","Reckless Charge"],"picked":"Clothesline","floor":1},{"not_picked":["Clothesline","Anger"],"picked":"Combust","floor":4},{"not_picked":["Infernal Blade","Thunderclap"],"picked":"Shrug It Off","floor":5},{"not_picked":["Reckless Charge","Perfected Strike"],"picked":"Pommel Strike","floor":10},{"not_picked":["Feel No Pain","Pummel"],"picked":"Disarm","floor":11},{"not_picked":["Dropkick","Armaments"],"picked":"Thunderclap","floor":13},{"not_picked":["Blood for Blood","Sword Boomerang"],"picked":"Battle Trance","floor":14},{"not_picked":["Brutality","Barricade"],"picked":"Demon Form","floor":16},{"not_picked":["Searing Blow","Power Through"],"picked":"Armaments","floor":18},{"not_picked":["Sword Boomerang","Thunderclap"],"picked":"Warcry","floor":22},{"not_picked":["Sword Boomerang","Perfected Strike"],"picked":"True Grit","floor":25}],"player_experience":14898,"potions_floor_usage":[13,16,16,18,22,22,25,30,31],"damage_taken":[{"damage":2,"enemies":"Small Slimes","floor":1,"turns":5},{"damage":1,"enemies":"Jaw Worm","floor":3,"turns":3},{"damage":0,"enemies":"2 Louse","floor":4,"turns":3},{"damage":18,"enemies":"Lots of Slimes","floor":5,"turns":3},{"damage":12,"enemies":"Looter","floor":8,"turns":3},{"damage":10,"enemies":"Red Slaver","floor":10,"turns":4},{"damage":15,"enemies":"Lots of Slimes","floor":11,"turns":3},{"damage":0,"enemies":"Blue Slaver","floor":13,"turns":6},{"damage":24,"enemies":"Gremlin Nob","floor":14,"turns":4},{"damage":40,"enemies":"Hexaghost","floor":16,"turns":11},{"damage":21,"enemies":"Shell Parasite","floor":18,"turns":7},{"damage":5,"enemies":"Spheric Guardian","floor":22,"turns":4},{"damage":21,"enemies":"Slavers","floor":23,"turns":7},{"damage":9,"enemies":"Centurion and Healer","floor":25,"turns":8},{"damage":34,"enemies":"Book of Stabbing","floor":29,"turns":10},{"damage":15,"enemies":"Slaver and Parasite","floor":30,"turns":10},{"damage":18,"enemies":"Chosen and Byrds","floor":31,"turns":2}],"event_choices":[{"event_name":"Living Wall","player_choice":"Change","floor":2,"damage_taken":0},{"event_name":"Upgrade Shrine","player_choice":"Upgraded","floor":7,"damage_taken":0},{"event_name":"Beggar","player_choice":"Gave Gold","floor":19,"damage_taken":0},{"event_name":"Ghosts","player_choice":"Became a Ghost","floor":20,"damage_taken":0},{"event_name":"Back to Basics","player_choice":"Simplicity","floor":28,"damage_taken":0}],"boss_relics":[{"not_picked":["Velvet Choker","Tiny House"],"picked":"Eternal Feather"}],"potions_floor_spawned":[8,10,11,13,16,18,23,30],"seed_played":"-3698725862038245506","killed_by":"Chosen and Byrds","ascension_level":0,"is_trial":false}