{"gold_per_floor":[113,124,11,25,25,25,25,25,25,42,53,53,72,88,88,192,192,211,227,75,75],"floor_reached":21,"playtime":523,"items_purged":["Strike_G"],"score":173,"play_id":"4f477c56-f31c-4503-bc56-7da0b0a84c37","local_time":"20190807202522","is_ascension_mode":false,"campfire_choices":[{"data":"Infinite Blades","floor":6,"key":"SMITH"},{"data":"A Thousand Cuts","floor":8,"key":"SMITH"},{"data":"Outmaneuver","floor":15,"key":"SMITH"}],"neow_cost":"NONE","seed_source_timestamp":226530501803657,"circlet_count":0,"master_deck":["Strike_G","Strike_G","Defend_G","Defend_G","Defend_G","Defend_G","Defend_G","Survivor","Neutralize","Backstab","Blur","Infinite Blades+1","Backstab","A Thousand Cuts+1","Outmaneuver+1","A Thousand Cuts","Backflip","Footwork"],"relics":["Ring of the Snake","NeowsBlessing","Bag of Marbles","Incense Burner","The Specimen","Empty Cage"],"potions_floor_usage":[10,18,19],"damage_taken":[{"damage":0,"enemies":"Small Slimes","floor":1,"turns":1},{"damage":0,"enemies":"2 Louse","floor":2,"turns":1},{"damage":0,"enemies":"Cultist","floor":4,"turns":1},{"damage":0,"enemies":"Blue Slaver","floor":10,"turns":2},{"damage":0,"enemies":"Exordium Wildlife","floor":11,"turns":2},{"damage":0,"enemies":"Large Slime","floor":13,"turns":3},{"damage":0,"enemies":"3 Louse","floor":14,"turns":3},{"damage":33,"enemies":"Slime Boss","floor":16,"turns":10},{"damage":36,"enemies":"Spheric Guardian","floor":18,"turns":6},{"damage":19,"enemies":"3 Byrds","floor":19,"turns":5},{"damage":18,"enemies":"Shelled Parasite and Fungi","floor":21,"turns":1}],"seed_played":"-693507242435003541","potions_obtained":[{"floor":1,"key":"Dexterity Potion"},{"floor":4,"key":"Block Potion"},{"floor":11,"key":"Ancient Potion"},{"floor":14,"key":"AttackPotion"},{"floor":18,"key":"Swift Potion"}],"is_trial":false,"path_per_floor":["M","M","$","M","?","R","?","R","T","M","M","?","M","M","R","B",null,"M","M","$","M"],"character_chosen":"THE_SILENT","items_purchased":["Infinite Blades","Backstab","Footwork"],"campfire_rested":0,"item_purchase_floors":[3,3,20],"current_hp_per_floor":[70,70,70,70,58,58,58,58,58,58,58,58,58,58,58,25,70,34,15,15,0],"gold":75,"neow_bonus":"THREE_ENEMY_KILL","is_prod":false,"is_daily":false,"chose_seed":false,"campfire_upgraded":3,"win_rate":0,"timestamp":1565180722,"path_taken":["M","M","$","M","?","R","?","R","T","M","M","?","M","M","R","BOSS","M","M","$","M"],"build_version":"2019-07-17","purchased_purges":1,"victory":false,"max_hp_per_floor":[70,70,70,70,70,70,70,70,70,70,70,70,70,70,70,70,70,70,70,70,70],"card_choices":[{"not_picked":["Poisoned Stab","Dagger Spray"],"picked":"Backstab","floor":1},{"not_picked":["Caltrops","Underhanded Strike"],"picked":"Blur","floor":2},{"not_picked":["Deflect","PiercingWail"],"picked":"A Thousand Cuts","floor":4},{"not_picked":["Underhanded Strike","Dodge and Roll","Finisher"],"picked":"SKIP","floor":10},{"not_picked":["Heel Hook","Bane","Skewer"],"picked":"SKIP","floor":11},{"not_picked":["Dagger Throw","PiercingWail"],"picked":"Outmaneuver","floor":13},{"not_picked":["Sucker Punch","Dodge and Roll","Dagger Throw"],"picked":"SKIP","floor":14},{"not_picked":["Glass Knife","Wraith Form v2"],"picked":"A Thousand Cuts","floor":16},{"not_picked":["Predator","Cloak And Dagger"],"picked":"Backflip","floor":18},{"not_picked":["Dagger Throw","Poisoned Stab","Dodge and Roll+1"],"picked":"SKIP","floor":19}],"player_experience":122213,"relics_obtained":[{"floor":9,"key":"Incense Burner"}],"event_choices":[{"damage_healed":0,"gold_gain":0,"player_choice":"Success","damage_taken":12,"relics_obtained":["Bag of Marbles"],"max_hp_gain":0,"max_hp_loss":0,"event_name":"Scrap Ooze","floor":5,"gold_loss":0},{"damage_healed":0,"gold_gain":0,"player_choice":"Ignored","damage_taken":0,"max_hp_gain":0,"max_hp_loss":0,"event_name":"Shining Light","floor":7,"gold_loss":0},{"damage_healed":0,"gold_gain":0,"player_choice":"Gave Potion","damage_taken":0,"relics_obtained":["The Specimen"],"max_hp_gain":0,"max_hp_loss":0,"event_name":"WeMeetAgain","floor":12,"gold_loss":0}],"is_beta":false,"boss_relics":[{"not_picked":["Snecko Eye","White Beast Statue"],"picked":"Empty Cage"}],"items_purged_floors":[20],"is_endless":false,"potions_floor_spawned":[1,4,11,14,18],"killed_by":"Shelled Parasite and Fungi","ascension_level":0}