{"gold_per_floor":[111,41,41,54,54,84,102,102,102,113,113,34,51,51,51,148,148,161,1,20,35,55,55,71,71,94,94,107,32,32,52,52,154,154,173,173,183,197,212,212,212,13,13,27,1,1,20,40,40,40],"floor_reached":50,"playtime":3798,"items_purged":["Defend_G","Defend_G"],"score":473,"play_id":"3566dd17-0b6f-4f4a-b5e2-0d494370affd","local_time":"20190808210339","is_ascension_mode":false,"campfire_choices":[{"data":"Acrobatics","floor":8,"key":"SMITH"},{"data":"Outmaneuver","floor":11,"key":"SMITH"},{"data":"Infinite Blades","floor":15,"key":"SMITH"},{"floor":23,"key":"REST"},{"data":"Reflex","floor":25,"key":"SMITH"},{"floor":27,"key":"REST"},{"floor":32,"key":"REST"},{"floor":40,"key":"REST"},{"floor":49,"key":"REST"}],"neow_cost":"NONE","seed_source_timestamp":311951690362534,"circlet_count":0,"master_deck":["Strike_G","Strike_G","Strike_G","Strike_G","Defend_G+1","Defend_G","Survivor","Neutralize","Backflip+1","Noxious Fumes+1","Acrobatics+1","Tools of the Trade","Backflip","Outmaneuver+1","Footwork+1","Infinite Blades+1","Reflex+1","Cloak And Dagger","Prepared","After Image","Blur+1","Escape Plan","Slice","Blur","Well Laid Plans","Blur+1","Backstab+1","Deflect+1","Panacea","Parasite","Deflect"],"relics":["Ring of the Snake","NeowsBlessing","Ornamental Fan","Art of War","Orrery","Boot","Philosopher\u0027s Stone","Bottled Lightning"],"potions_floor_usage":[13,16,16,16,16,20,21,24,33,33,33,44,50,50,50],"damage_taken":[{"damage":0,"enemies":"Small Slimes","floor":1,"turns":1},{"damage":0,"enemies":"2 Louse","floor":4,"turns":1},{"damage":0,"enemies":"Lagavulin","floor":6,"turns":1},{"damage":0,"enemies":"Cultist","floor":7,"turns":4},{"damage":0,"enemies":"Exordium Thugs","floor":10,"turns":4},{"damage":0,"enemies":"Large Slime","floor":13,"turns":8},{"damage":19,"enemies":"Hexaghost","floor":16,"turns":11},{"damage":10,"enemies":"Chosen","floor":18,"turns":8},{"damage":13,"enemies":"3 Byrds","floor":20,"turns":7},{"damage":21,"enemies":"3 Cultists","floor":21,"turns":9},{"damage":8,"enemies":"Cultist and Chosen","floor":22,"turns":8},{"damage":0,"enemies":"Centurion and Healer","floor":24,"turns":10},{"damage":3,"enemies":"Sentry and Sphere","floor":28,"turns":8},{"damage":8,"enemies":"Snake Plant","floor":31,"turns":7},{"damage":6,"enemies":"Automaton","floor":33,"turns":14},{"damage":33,"enemies":"3 Shapes","floor":35,"turns":7},{"damage":17,"enemies":"3 Darklings","floor":37,"turns":6},{"damage":0,"enemies":"Maw","floor":38,"turns":13},{"damage":0,"enemies":"Sphere and 2 Shapes","floor":39,"turns":8},{"damage":4,"enemies":"Writhing Mass","floor":44,"turns":10},{"damage":0,"enemies":"Spire Growth","floor":47,"turns":9},{"damage":0,"enemies":"Sphere and 2 Shapes","floor":48,"turns":9},{"damage":67,"enemies":"Time Eater","floor":50,"turns":12}],"seed_played":"4967418242551463947","potions_obtained":[{"floor":4,"key":"FearPotion"},{"floor":6,"key":"Swift Potion"},{"floor":10,"key":"EntropicBrew"},{"floor":13,"key":"Poison Potion"},{"floor":18,"key":"PowerPotion"},{"floor":22,"key":"FearPotion"},{"floor":28,"key":"Poison Potion"},{"floor":31,"key":"Dexterity Potion"},{"floor":37,"key":"AttackPotion"},{"floor":47,"key":"Block Potion"}],"is_trial":false,"path_per_floor":["M","$","?","M","?","E","M","R","T","M","R","$","M","?","R","B",null,"M","$","M","M","M","R","M","R","T","R","M","$","?","M","R","B",null,"M","?","M","M","M","R","?","$","T","M","$","?","M","M","R","B"],"character_chosen":"THE_SILENT","items_purchased":["Noxious Fumes","Footwork","After Image","Block Potion","Dexterity Potion","Deflect"],"campfire_rested":5,"item_purchase_floors":[2,12,19,42,42,45],"current_hp_per_floor":[70,70,56,56,56,56,56,56,56,56,56,56,56,56,56,37,70,60,60,47,26,18,39,39,39,39,60,57,57,57,49,70,64,70,37,37,20,20,20,41,41,41,41,37,37,37,37,37,58,0],"gold":40,"neow_bonus":"THREE_ENEMY_KILL","is_prod":false,"is_daily":false,"chose_seed":false,"campfire_upgraded":4,"win_rate":0,"timestamp":1565269419,"path_taken":["M","$","?","M","?","E","M","R","T","M","R","$","M","?","R","BOSS","M","$","M","M","M","R","M","R","T","R","M","$","?","?","R","BOSS","M","?","M","M","M","R","?","$","T","M","?","?","M","M","R","BOSS"],"build_version":"2019-07-17","purchased_purges":2,"victory":false,"max_hp_per_floor":[70,70,70,70,70,70,70,70,70,70,70,70,70,70,70,70,70,70,70,70,70,70,70,70,70,70,70,70,70,70,70,70,70,70,70,70,70,70,70,70,70,70,70,70,70,70,70,70,70,70],"card_choices":[{"not_picked":["Flying Knee","Blade Dance"],"picked":"Backflip","floor":1},{"not_picked":["Caltrops","Dodge and Roll"],"picked":"Acrobatics","floor":4},{"not_picked":["Poisoned Stab","Flying Knee"],"picked":"Tools of the Trade","floor":6},{"not_picked":["Bane","Infinite Blades"],"picked":"Backflip","floor":7},{"not_picked":["Accuracy","PiercingWail"],"picked":"Outmaneuver","floor":10},{"not_picked":["Poisoned Stab","Terror"],"picked":"Infinite Blades","floor":13},{"not_picked":["Choke","Acrobatics"],"picked":"Reflex","floor":17},{"not_picked":["Quick Slash","Blade Dance"],"picked":"Cloak And Dagger","floor":17},{"not_picked":["Dagger Throw","Choke"],"picked":"Prepared","floor":18},{"not_picked":["Dodge and Roll","Slice"],"picked":"Blur+1","floor":20},{"not_picked":["PiercingWail","Eviscerate","Grand Finale"],"picked":"SKIP","floor":21},{"not_picked":["Outmaneuver","Reflex","Expertise"],"picked":"SKIP","floor":22},{"not_picked":["Cloak And Dagger","Underhanded Strike"],"picked":"Escape Plan","floor":24},{"not_picked":["Dodge and Roll+1","Quick Slash"],"picked":"Slice","floor":28},{"not_picked":["Heel Hook","Flying Knee","Sucker Punch"],"picked":"SKIP","floor":31},{"not_picked":["Flying Knee+1","Backflip"],"picked":"Well Laid Plans","floor":35},{"not_picked":["Concentrate+1","Leg Sweep+1"],"picked":"Blur+1","floor":37},{"not_picked":["Acrobatics+1","Slice+1"],"picked":"Backstab+1","floor":38},{"not_picked":["Prepared","Underhanded Strike"],"picked":"Deflect+1","floor":39},{"not_picked":["Jack Of All Trades","HandOfGreed"],"picked":"Panacea","floor":41},{"not_picked":["Sucker Punch","Predator","Dagger Throw"],"picked":"SKIP","floor":44},{"not_picked":["Deadly Poison+1","Bane+1","Distraction"],"picked":"SKIP","floor":47},{"not_picked":["Backflip+1","Distraction","Deadly Poison"],"picked":"SKIP","floor":48}],"player_experience":147400,"relics_obtained":[{"floor":6,"key":"Ornamental Fan"},{"floor":9,"key":"Art of War"},{"floor":26,"key":"Boot"},{"floor":43,"key":"Bottled Lightning"}],"event_choices":[{"damage_healed":0,"gold_gain":0,"player_choice":"Entered Light","damage_taken":14,"max_hp_gain":0,"max_hp_loss":0,"event_name":"Shining Light","floor":3,"gold_loss":0,"cards_upgraded":["Defend_G","Noxious Fumes"]},{"damage_healed":0,"gold_gain":0,"player_choice":"Grow","damage_taken":0,"max_hp_gain":0,"max_hp_loss":0,"event_name":"Living Wall","floor":5,"gold_loss":0,"cards_upgraded":["Backflip"]},{"damage_healed":0,"gold_gain":0,"player_choice":"Forge","damage_taken":0,"max_hp_gain":0,"max_hp_loss":0,"event_name":"Accursed Blacksmith","floor":14,"gold_loss":0,"cards_upgraded":["Footwork"]},{"damage_healed":0,"gold_gain":0,"cards_transformed":["Defend_G"],"player_choice":"Transformed","damage_taken":0,"max_hp_gain":0,"max_hp_loss":0,"event_name":"Transmorgrifier","floor":30,"gold_loss":0,"cards_obtained":["Blur"]},{"cards_removed":["Strike_G"],"damage_healed":0,"gold_gain":0,"player_choice":"Removed Attack","damage_taken":0,"max_hp_gain":0,"max_hp_loss":0,"event_name":"Falling","floor":36,"gold_loss":0},{"damage_healed":0,"gold_gain":0,"player_choice":"Memory 1","damage_taken":0,"max_hp_gain":0,"max_hp_loss":0,"event_name":"SensoryStone","floor":41,"gold_loss":0},{"damage_healed":0,"gold_gain":0,"player_choice":"Ignored","damage_taken":0,"max_hp_gain":0,"max_hp_loss":0,"event_name":"Mysterious Sphere","floor":46,"gold_loss":0}],"is_beta":false,"boss_relics":[{"not_picked":["Snecko Eye","Eternal Feather"],"picked":"Orrery"},{"not_picked":["Cursed Key","Tiny House"],"picked":"Philosopher\u0027s Stone"}],"items_purged_floors":[29,42],"is_endless":false,"potions_floor_spawned":[4,6,10,13,18,22,28,31,37,47],"killed_by":"Time Eater","ascension_level":0}