{"gold_per_floor":[116,132,56,56,72,72,23,23,23,50,50,66,80,95,95,216,216,234,204,224,248,248,248,173,197,197,197,197,197,122,139,139,241,241,259,259,273,283,383,383,13,13,13,31,42,42,42,58,58,58],"floor_reached":50,"playtime":2123,"items_purged":[],"score":498,"play_id":"f0de149f-0ee3-40e2-ac26-0ec1f8902e0c","local_time":"20190821135658","is_ascension_mode":false,"campfire_choices":[{"data":"Storm","floor":6,"key":"SMITH"},{"data":"Cold Snap","floor":8,"key":"SMITH"},{"floor":15,"key":"REST"},{"floor":23,"key":"REST"},{"floor":28,"key":"REST"},{"floor":32,"key":"REST"},{"data":"Capacitor","floor":40,"key":"SMITH"},{"data":"1","floor":49,"key":"LIFT"}],"neow_cost":"NONE","seed_source_timestamp":80168295821905,"circlet_count":0,"master_deck":["Defend_B","Defend_B","Defend_B","Zap","Dualcast","Barrage","Auto Shields","Storm+1","Defend_G","Cold Snap+1","Force Field","Capacitor+1","Genetic Algorithm","Melter","Echo Form","Hello World+1","Hologram","Leap+1","Consume","Sunder","Auto Shields+1","Machine Learning","Hello World+1","Redo+1","Heatsinks+1","Chill+1","Electrodynamics","Skim+1","FTL+1"],"relics":["Cracked Core","NeowsBlessing","Art of War","Question Card","Bloody Idol","Sozu","Bronze Scales","Eternal Feather","Emotion Chip","Girya","Torii"],"potions_floor_usage":[16,27],"damage_taken":[{"damage":0,"enemies":"Cultist","floor":1,"turns":1},{"damage":0,"enemies":"2 Louse","floor":2,"turns":1},{"damage":0,"enemies":"Jaw Worm","floor":5,"turns":1},{"damage":14,"enemies":"Gremlin Nob","floor":10,"turns":4},{"damage":0,"enemies":"Large Slime","floor":12,"turns":5},{"damage":5,"enemies":"2 Fungi Beasts","floor":13,"turns":4},{"damage":8,"enemies":"3 Louse","floor":14,"turns":4},{"damage":0,"enemies":"The Guardian","floor":16,"turns":11},{"damage":6,"enemies":"Shell Parasite","floor":18,"turns":5},{"damage":18,"enemies":"2 Thieves","floor":19,"turns":5},{"damage":10,"enemies":"Snecko","floor":20,"turns":6},{"damage":28,"enemies":"Centurion and Healer","floor":21,"turns":7},{"damage":19,"enemies":"Snake Plant","floor":25,"turns":5},{"damage":0,"enemies":"Shelled Parasite and Fungi","floor":27,"turns":1},{"damage":6,"enemies":"Snecko","floor":31,"turns":6},{"damage":38,"enemies":"Automaton","floor":33,"turns":11},{"damage":32,"enemies":"3 Darklings","floor":35,"turns":6},{"damage":13,"enemies":"Orb Walker","floor":37,"turns":5},{"damage":20,"enemies":"Sphere and 2 Shapes","floor":38,"turns":6},{"damage":1,"enemies":"Mind Bloom Boss Battle","floor":39,"turns":8},{"damage":0,"enemies":"4 Shapes","floor":44,"turns":5},{"damage":9,"enemies":"3 Darklings","floor":45,"turns":5},{"damage":1,"enemies":"Maw","floor":48,"turns":9},{"damage":81,"enemies":"Donu and Deca","floor":50,"turns":8}],"seed_played":"2781107435298873489","potions_obtained":[{"floor":2,"key":"FearPotion"},{"floor":10,"key":"SmokeBomb"},{"floor":14,"key":"PowerPotion"}],"is_trial":false,"path_per_floor":["M","M","$","?","M","R","$","R","T","E","?","M","M","M","R","B",null,"M","M","M","M","?","R","?","M","T","M","R","?","$","M","R","B",null,"M","?","M","M","?","R","$","?","T","M","M","$","$","M","R","B"],"character_chosen":"DEFECT","items_purchased":["Storm","Cold Snap","Hello World","Electrodynamics","Girya"],"campfire_rested":4,"item_purchase_floors":[3,7,30,41,41],"current_hp_per_floor":[75,75,75,75,75,75,75,75,75,61,61,61,56,48,68,68,69,63,45,35,7,7,27,27,8,8,8,28,28,28,27,47,14,69,42,69,61,46,50,65,65,65,65,69,65,65,65,69,69,0],"gold":58,"neow_bonus":"THREE_ENEMY_KILL","is_prod":false,"is_daily":false,"chose_seed":false,"campfire_upgraded":3,"win_rate":0,"timestamp":1566367018,"path_taken":["M","M","?","?","?","R","?","R","T","E","?","M","M","M","R","BOSS","M","M","M","M","?","R","?","M","T","M","R","?","$","M","R","BOSS","M","?","M","?","?","R","$","?","T","M","M","?","$","M","R","BOSS"],"build_version":"2019-07-17","purchased_purges":0,"victory":false,"max_hp_per_floor":[75,75,75,75,75,75,75,75,75,75,69,69,69,69,69,69,69,69,69,69,69,69,69,69,69,69,69,69,69,69,69,69,69,69,69,69,69,69,69,69,69,69,69,69,69,69,69,69,69,69],"card_choices":[{"not_picked":["Ball Lightning","Double Energy"],"picked":"Barrage","floor":1},{"not_picked":["Ball Lightning","Go for the Eyes"],"picked":"Auto Shields","floor":2},{"not_picked":["Sweeping Beam","Stack","Rebound"],"picked":"SKIP","floor":5},{"not_picked":["Stack","Chaos"],"picked":"Force Field","floor":10},{"not_picked":["Consume","Hologram","Beam Cell"],"picked":"Capacitor","floor":12},{"not_picked":["Darkness","Reboot","Sweeping Beam"],"picked":"Genetic Algorithm","floor":13},{"not_picked":["Undo","Streamline","Compile Driver"],"picked":"Melter","floor":14},{"not_picked":["Amplify","Reboot","Electrodynamics"],"picked":"Echo Form","floor":16},{"not_picked":["Storm","Consume","Redo"],"picked":"Hello World+1","floor":18},{"not_picked":["Barrage","Gash","BootSequence"],"picked":"Hologram","floor":19},{"not_picked":["Doom and Gloom","Cold Snap","Rip and Tear+1","Barrage"],"picked":"SKIP","floor":20},{"not_picked":["Cold Snap","Gash","Blizzard"],"picked":"Leap+1","floor":21},{"not_picked":["FTL","Rip and Tear","Stack","Cold Snap"],"picked":"SKIP","floor":25},{"not_picked":["Barrage","Beam Cell","Steam"],"picked":"Auto Shields+1","floor":31},{"not_picked":["All For One","Buffer","Seek"],"picked":"Machine Learning","floor":33},{"not_picked":["Conserve Battery+1","Steam","Go for the Eyes+1"],"picked":"Hello World+1","floor":35},{"not_picked":["Blizzard","Force Field+1","Recycle"],"picked":"Redo+1","floor":37},{"not_picked":["Go for the Eyes","Hologram","Doom and Gloom"],"picked":"Heatsinks+1","floor":38},{"not_picked":["Scrape","Consume+1","Genetic Algorithm"],"picked":"Chill+1","floor":39},{"not_picked":["Rip and Tear","Auto Shields+1","Ball Lightning","Leap+1"],"picked":"SKIP","floor":44},{"not_picked":["Beam Cell","Coolheaded+1","Buffer"],"picked":"Skim+1","floor":45},{"not_picked":["Gash+1","Sweeping Beam+1","Turbo"],"picked":"FTL+1","floor":48}],"player_experience":236171,"relics_obtained":[{"floor":9,"key":"Art of War"},{"floor":10,"key":"Question Card"},{"floor":26,"key":"Bronze Scales"},{"floor":39,"key":"Emotion Chip"},{"floor":43,"key":"Torii"}],"event_choices":[{"cards_removed":["Strike_B"],"damage_healed":0,"gold_gain":0,"player_choice":"Took Card","damage_taken":0,"max_hp_gain":0,"max_hp_loss":0,"event_name":"NoteForYourself","floor":4,"gold_loss":0,"cards_obtained":["Defend_G"]},{"damage_healed":0,"gold_gain":0,"player_choice":"Lose Max HP","damage_taken":0,"relics_obtained":["Golden Idol"],"max_hp_gain":0,"max_hp_loss":6,"event_name":"Golden Idol","floor":11,"gold_loss":0},{"damage_healed":0,"gold_gain":0,"cards_transformed":["Strike_B","Strike_B"],"player_choice":"Became Test Subject","damage_taken":0,"max_hp_gain":0,"max_hp_loss":0,"event_name":"Drug Dealer","floor":22,"gold_loss":0,"cards_obtained":["Consume","Sunder"]},{"cards_removed":["Strike_B"],"damage_healed":0,"gold_gain":0,"player_choice":"Gave Gold","damage_taken":0,"max_hp_gain":0,"max_hp_loss":0,"event_name":"Beggar","floor":24,"gold_loss":75},{"damage_healed":0,"gold_gain":0,"player_choice":"Gave Idol","damage_taken":0,"relics_obtained":["Bloody Idol"],"max_hp_gain":0,"max_hp_loss":0,"event_name":"Forgotten Altar","floor":29,"relics_lost":["Golden Idol"],"gold_loss":0},{"cards_removed":["Hello World"],"damage_healed":27,"gold_gain":0,"player_choice":"Offered Uncommon","damage_taken":0,"max_hp_gain":0,"max_hp_loss":0,"event_name":"Bonfire Elementals","floor":36,"gold_loss":0},{"damage_healed":0,"gold_gain":0,"player_choice":"Fight","damage_taken":0,"max_hp_gain":0,"max_hp_loss":0,"event_name":"MindBloom","floor":39,"gold_loss":0},{"cards_removed":["Defend_B"],"damage_healed":0,"gold_gain":0,"player_choice":"Removed Skill","damage_taken":0,"max_hp_gain":0,"max_hp_loss":0,"event_name":"Falling","floor":42,"gold_loss":0}],"is_beta":false,"boss_relics":[{"not_picked":["Snecko Eye","Lizard Tail"],"picked":"Sozu"},{"not_picked":["Busted Crown","Astrolabe"],"picked":"Eternal Feather"}],"items_purged_floors":[],"is_endless":false,"potions_floor_spawned":[2,10,14,18,20,31,33,37,48],"killed_by":"Donu and Deca","ascension_level":0}