{"path_per_floor":["M","M","?","?","M","R","E","R","T","R","M","M","M","E","R","B",null,"M","M","?","T","?"],"character_chosen":"IRONCLAD","items_purchased":[],"gold_per_floor":[109,123,123,123,136,136,170,170,221,221,241,256,274,305,305,402,402,420,430,430,477,477,477],"floor_reached":23,"campfire_rested":3,"playtime":1787,"current_hp_per_floor":[70,58,51,35,30,54,44,68,68,68,69,72,62,40,64,28,80,62,29,29,29,29,0],"items_purged":[],"gold":477,"score":201,"play_id":"57b0b504-4ff1-488c-9d72-590e2860e3f1","local_time":"20180406012754","is_prod":false,"is_daily":false,"is_ascension_mode":false,"campfire_upgraded":1,"timestamp":1522999674,"path_taken":["M","M","?","?","M","R","E","R","T","R","M","M","M","E","R","BOSS","M","M","?","?","?","E"],"build_version":"2018-04-05v2","purchased_purges":0,"victory":false,"master_deck":["Strike_R","Strike_R","Strike_R","Strike_R","Defend_R","Defend_R+1","Defend_R","Defend_R","Bash+1","Pain","Limit Break+1","Pommel Strike","Burning Pact","Rupture+1","Flex","Bloodletting","Feel No Pain","Searing Blow","Infernal Blade","Offering","Shrug It Off","Dark Shackles"],"max_hp_per_floor":[80,80,80,80,80,80,80,80,80,80,80,80,80,80,80,80,80,80,80,80,80,80,80],"relics":["Burning Blood","Vajra","Blood Vial","Shuriken","Mark of Pain","Lantern"],"card_choices":[{"not_picked":["Brutality","Double Tap"],"picked":"Limit Break","floor":0},{"not_picked":["Clothesline","Heavy Blade"],"picked":"Pommel Strike","floor":1},{"not_picked":["Sword Boomerang","Fire Breathing"],"picked":"Burning Pact","floor":2},{"not_picked":["Twin Strike","Carnage"],"picked":"Rupture","floor":5},{"not_picked":["Sever Soul","Blood for Blood"],"picked":"Flex","floor":7},{"not_picked":["Limit Break","Pommel Strike"],"picked":"Bloodletting","floor":11},{"not_picked":["Disarm","Iron Wave"],"picked":"Feel No Pain","floor":12},{"not_picked":["Feel No Pain","Corruption"],"picked":"Searing Blow","floor":13},{"not_picked":["Iron Wave","Pommel Strike"],"picked":"Infernal Blade","floor":14},{"not_picked":["Impervious","Dark Embrace"],"picked":"Offering","floor":16},{"not_picked":["Reckless Charge","Clash"],"picked":"Shrug It Off","floor":18}],"player_experience":11723,"potions_floor_usage":[7,7,11,18,23],"damage_taken":[{"damage":16,"enemies":"Cultist","floor":1,"turns":4},{"damage":18,"enemies":"Jaw Worm","floor":2,"turns":4},{"damage":11,"enemies":"Small Slimes","floor":5,"turns":4},{"damage":31,"enemies":"3 Sentries","floor":7,"turns":10},{"damage":7,"enemies":"Blue Slaver","floor":11,"turns":4},{"damage":5,"enemies":"Large Slime","floor":12,"turns":5},{"damage":18,"enemies":"Red Slaver","floor":13,"turns":4},{"damage":30,"enemies":"Gremlin Nob","floor":14,"turns":4},{"damage":44,"enemies":"Slime Boss","floor":16,"turns":7},{"damage":24,"enemies":"Chosen","floor":18,"turns":4},{"damage":41,"enemies":"2 Thieves","floor":19,"turns":4},{"damage":32,"enemies":"Book of Stabbing","floor":23,"turns":4}],"event_choices":[{"event_name":"Golden Wing","player_choice":"Card Removal","floor":3,"damage_taken":0},{"event_name":"Shining Light","player_choice":"Entered Light","floor":4,"damage_taken":0},{"event_name":"Accursed Blacksmith","player_choice":"Forge","floor":20,"damage_taken":0},{"event_name":"Match and Keep!","player_choice":"1 cards matched","floor":22,"damage_taken":0}],"boss_relics":[{"not_picked":["Runic Cube","Cursed Key"],"picked":"Mark of Pain"}],"potions_floor_spawned":[2,5,7,16,18],"seed_played":"-6239515322388292810","killed_by":"Book of Stabbing","ascension_level":0,"is_trial":false}