{"path_per_floor":["M","M","$","?","M","?","E","R","T","?","E","R","M","E","R","B",null,"M","?","M","?","M","R","E","M","T","$","M","?","?","E","R"],"character_chosen":"IRONCLAD","items_purchased":["Wild Strike","Blind","Frozen Egg 2"],"gold_per_floor":[209,227,26,26,44,44,73,73,73,73,100,100,119,146,146,251,251,271,271,282,197,215,215,243,258,258,0,16,16,16,78,78,78],"floor_reached":33,"campfire_rested":2,"playtime":2351,"current_hp_per_floor":[80,80,80,80,77,77,70,70,70,63,62,62,58,59,80,77,80,80,80,80,94,88,88,64,66,66,66,65,65,65,58,86,0],"items_purged":["Defend_R"],"gold":78,"score":303,"play_id":"ad0b8373-ec3d-4a74-bedc-b19d4f1f0a6a","local_time":"20180415020601","is_prod":false,"is_daily":false,"chose_seed":false,"is_ascension_mode":false,"campfire_upgraded":3,"timestamp":1523779561,"path_taken":["M","M","$","?","M","?","E","R","T","?","E","R","M","E","R","BOSS","M","?","M","?","M","R","E","M","T","$","M","?","?","E","R","BOSS"],"build_version":"2018-04-12","seed_source_timestamp":660657416079168,"purchased_purges":1,"victory":false,"master_deck":["Strike_R+1","Strike_R+1","Strike_R+1","Strike_R+1","Strike_R+1","Defend_R+1","Defend_R+1","Perfected Strike+1","Pommel Strike","Wild Strike+1","Blind+1","Metallicize","Cleave+1","Power Through","Rage","Thunderclap+1","Spot Weakness+1","Pain","Flex"],"max_hp_per_floor":[80,80,80,80,80,80,80,80,80,80,80,80,80,80,80,80,80,80,80,80,94,94,94,94,94,94,94,94,94,94,94,94,94],"relics":["Burning Blood","Oddly Smooth Stone","Meat on the Bone","Smiling Mask","Shuriken","Cursed Key","Orichalcum","Mango","Matryoshka","Ornamental Fan","Gambling Chip","Frozen Egg 2","Tiny Chest"],"card_choices":[{"not_picked":["Clothesline","Sword Boomerang"],"picked":"Perfected Strike","floor":1},{"not_picked":["Havoc","Dropkick"],"picked":"Pommel Strike","floor":2},{"not_picked":["Clash","Hemokinesis"],"picked":"Cleave","floor":5},{"not_picked":["Inflame","True Grit"],"picked":"Power Through","floor":13},{"not_picked":["Brutality","Warcry"],"picked":"Rage","floor":14},{"not_picked":["Clash","Intimidate"],"picked":"Thunderclap","floor":20},{"not_picked":["Clothesline","Sword Boomerang"],"picked":"Spot Weakness","floor":24},{"not_picked":["Whirlwind","Body Slam"],"picked":"Flex","floor":28}],"player_experience":155903,"potions_floor_usage":[11,16,16,18,25,31,31],"damage_taken":[{"damage":0,"enemies":"Small Slimes","floor":1,"turns":3},{"damage":0,"enemies":"Cultist","floor":2,"turns":3},{"damage":9,"enemies":"2 Louse","floor":5,"turns":3},{"damage":13,"enemies":"3 Sentries","floor":7,"turns":6},{"damage":7,"enemies":"Gremlin Nob","floor":11,"turns":3},{"damage":10,"enemies":"Large Slime","floor":13,"turns":4},{"damage":5,"enemies":"3 Sentries","floor":14,"turns":6},{"damage":24,"enemies":"Hexaghost","floor":16,"turns":9},{"damage":5,"enemies":"3 Byrds","floor":18,"turns":5},{"damage":1,"enemies":"Shell Parasite","floor":20,"turns":5},{"damage":12,"enemies":"Snake Plant","floor":22,"turns":4},{"damage":30,"enemies":"Gremlin Leader","floor":24,"turns":6},{"damage":4,"enemies":"Slaver and Parasite","floor":25,"turns":5},{"damage":7,"enemies":"3 Cultists","floor":28,"turns":4},{"damage":13,"enemies":"Slavers","floor":31,"turns":4},{"damage":87,"enemies":"Automaton","floor":33,"turns":8}],"event_choices":[{"event_name":"Transmorgrifier","player_choice":"Transform","floor":4,"damage_taken":0},{"event_name":"Living Wall","player_choice":"Grow","floor":6,"damage_taken":0},{"event_name":"Golden Wing","player_choice":"Card Removal","floor":10,"damage_taken":0},{"event_name":"The Mausoleum","player_choice":"Yes","floor":19,"damage_taken":0},{"event_name":"Addict","player_choice":"Obtained Relic","floor":21,"damage_taken":0},{"event_name":"Back to Basics","player_choice":"Simplicity","floor":29,"damage_taken":0},{"event_name":"Drug Dealer","player_choice":"Ignored","floor":30,"damage_taken":0}],"boss_relics":[{"not_picked":["Black Blood","Calling Bell"],"picked":"Cursed Key"}],"potions_floor_spawned":[2,11,14,16,18,22,24],"seed_played":"-3107152580166668953","killed_by":"Automaton","ascension_level":0,"is_trial":false}