{"gold_per_floor":[114,129,8,25,25,25,58,158,158,178,3,24,24,38,38,157,157,173,173,186,50,69,69,82,82,136,136,154,8,8,28,28,149,149,165,180,193,193],"floor_reached":38,"playtime":1532,"items_purged":["Strike_G","Strike_G"],"score":370,"play_id":"700c53f5-81f3-45db-9414-bef32ed24f4e","local_time":"20190812173657","is_ascension_mode":false,"campfire_choices":[{"data":"Footwork","floor":6,"key":"SMITH"},{"floor":13,"key":"REST"},{"data":"Noxious Fumes","floor":15,"key":"SMITH"},{"floor":23,"key":"REST"},{"data":"Caltrops","floor":25,"key":"SMITH"},{"data":"PiercingWail","floor":27,"key":"SMITH"},{"data":"PiercingWail","floor":30,"key":"SMITH"},{"data":"Blur","floor":32,"key":"SMITH"}],"neow_cost":"NONE","seed_source_timestamp":647458153804975,"circlet_count":0,"master_deck":["Strike_G","Strike_G","Defend_G","Defend_G","Defend_G","Defend_G","Defend_G","Survivor","Neutralize","Backflip","Prepared","Footwork+1","PiercingWail+1","Cloak And Dagger","Riddle With Holes","Blade Dance","Noxious Fumes+1","Deflect","Poisoned Stab","Corpse Explosion","Blur+1","Caltrops+1","PiercingWail+1","Blade Dance+1","After Image","Footwork+1","Infinite Blades","Accuracy+1"],"relics":["Philosopher\u0027s Stone","Golden Idol","Odd Mushroom","Sundial","Sozu","Orichalcum","PreservedInsect","Eternal Feather"],"potions_floor_usage":[16,16],"damage_taken":[{"damage":0,"enemies":"Cultist","floor":1,"turns":4},{"damage":2,"enemies":"2 Louse","floor":2,"turns":2},{"damage":0,"enemies":"Small Slimes","floor":4,"turns":4},{"damage":9,"enemies":"The Mushroom Lair","floor":7,"turns":6},{"damage":0,"enemies":"2 Fungi Beasts","floor":10,"turns":4},{"damage":7,"enemies":"3 Louse","floor":12,"turns":5},{"damage":11,"enemies":"Large Slime","floor":14,"turns":6},{"damage":11,"enemies":"The Guardian","floor":16,"turns":10},{"damage":11,"enemies":"3 Byrds","floor":18,"turns":3},{"damage":0,"enemies":"Shell Parasite","floor":20,"turns":6},{"damage":0,"enemies":"Centurion and Healer","floor":22,"turns":5},{"damage":6,"enemies":"3 Cultists","floor":24,"turns":5},{"damage":0,"enemies":"Snecko","floor":28,"turns":6},{"damage":4,"enemies":"Centurion and Healer","floor":31,"turns":7},{"damage":54,"enemies":"Collector","floor":33,"turns":12},{"damage":1,"enemies":"3 Shapes","floor":35,"turns":2},{"damage":2,"enemies":"Orb Walker","floor":36,"turns":5},{"damage":42,"enemies":"Transient","floor":37,"turns":5},{"damage":34,"enemies":"3 Darklings","floor":38,"turns":3}],"seed_played":"-4421644365596184422","potions_obtained":[{"floor":4,"key":"SteroidPotion"},{"floor":12,"key":"Swift Potion"},{"floor":14,"key":"Poison Potion"}],"is_trial":false,"path_per_floor":["M","M","$","M","?","R","?","?","T","M","$","M","R","M","R","B",null,"M","?","M","$","M","R","M","R","T","R","M","$","R","M","R","B",null,"M","M","M","M"],"character_chosen":"THE_SILENT","items_purchased":["Footwork","PiercingWail","Noxious Fumes","Deflect","Caltrops","PreservedInsect"],"campfire_rested":2,"item_purchase_floors":[3,3,11,11,21,29],"current_hp_per_floor":[70,68,68,68,51,51,42,42,42,42,42,35,56,45,45,34,70,59,59,59,59,59,70,64,64,64,64,64,64,64,60,60,6,70,69,67,25,0],"gold":193,"neow_bonus":"BOSS_RELIC","is_prod":false,"is_daily":false,"chose_seed":false,"campfire_upgraded":6,"win_rate":0,"timestamp":1565602617,"path_taken":["M","M","$","M","?","R","?","?","T","?","$","M","R","M","R","BOSS","M","?","M","$","?","R","M","R","T","R","M","?","R","M","R","BOSS","M","M","M","M"],"build_version":"2019-07-17","purchased_purges":2,"victory":false,"max_hp_per_floor":[70,70,70,70,70,70,70,70,70,70,70,70,70,70,70,70,70,70,70,70,70,70,70,70,70,70,70,70,70,70,70,70,70,70,70,70,70,70],"card_choices":[{"not_picked":["Sucker Punch","Deadly Poison"],"picked":"Backflip","floor":1},{"not_picked":["Choke","Dash"],"picked":"Prepared","floor":2},{"not_picked":["Deadly Poison","Predator"],"picked":"Cloak And Dagger","floor":4},{"not_picked":["Poisoned Stab","Endless Agony"],"picked":"Riddle With Holes","floor":7},{"not_picked":["All Out Attack","Masterful Stab"],"picked":"Blade Dance","floor":10},{"not_picked":["Dagger Throw","Terror"],"picked":"Poisoned Stab","floor":12},{"not_picked":["Flying Knee","Underhanded Strike"],"picked":"Corpse Explosion","floor":14},{"not_picked":["Riddle With Holes","Poisoned Stab"],"picked":"Blur","floor":18},{"not_picked":["Dodge and Roll","Underhanded Strike+1","Sucker Punch"],"picked":"SKIP","floor":20},{"not_picked":["Flechettes+1","Dagger Throw"],"picked":"PiercingWail","floor":22},{"not_picked":["Deadly Poison+1","Deflect"],"picked":"Blade Dance+1","floor":24},{"not_picked":["Endless Agony+1","Dash+1","Choke"],"picked":"SKIP","floor":28},{"not_picked":["Deadly Poison+1","Bane","Flying Knee+1"],"picked":"SKIP","floor":31},{"not_picked":["Unload","Grand Finale"],"picked":"After Image","floor":33},{"not_picked":["Leg Sweep+1","Bane+1"],"picked":"Footwork+1","floor":35},{"not_picked":["Quick Slash","Calculated Gamble"],"picked":"Infinite Blades","floor":36},{"not_picked":["Flying Knee+1","Outmaneuver+1"],"picked":"Accuracy+1","floor":37}],"player_experience":185818,"relics_obtained":[{"floor":7,"key":"Odd Mushroom"},{"floor":9,"key":"Sundial"},{"floor":26,"key":"Orichalcum"}],"event_choices":[{"damage_healed":0,"gold_gain":0,"player_choice":"Take Damage","damage_taken":17,"relics_obtained":["Golden Idol"],"max_hp_gain":0,"max_hp_loss":0,"event_name":"Golden Idol","floor":5,"gold_loss":0},{"damage_healed":0,"gold_gain":0,"player_choice":"Fought Mushrooms","damage_taken":0,"max_hp_gain":0,"max_hp_loss":0,"event_name":"Mushrooms","floor":7,"gold_loss":0},{"damage_healed":0,"gold_gain":100,"player_choice":"Pray","damage_taken":0,"max_hp_gain":0,"max_hp_loss":0,"event_name":"Golden Shrine","floor":8,"gold_loss":0},{"cards_removed":["Strike_G"],"damage_healed":0,"gold_gain":0,"player_choice":"Purged","damage_taken":0,"max_hp_gain":0,"max_hp_loss":0,"event_name":"Purifier","floor":19,"gold_loss":0}],"is_beta":false,"boss_relics":[{"not_picked":["Ectoplasm","Runic Pyramid"],"picked":"Sozu"},{"not_picked":["Astrolabe","Snecko Eye"],"picked":"Eternal Feather"}],"items_purged_floors":[11,21],"is_endless":false,"potions_floor_spawned":[4,12,14,18,22,31,33,37],"killed_by":"3 Darklings","ascension_level":0}