{"gold_per_floor":[112,122,47,59,59,9,40,59,59,59,59,74,74,90,90,190,190,207,207,306,381,364,364,31,31,31,51,69,80,107,123,123,220,220,238,238,238,238,4,4,17,17,17,33,46,46,46,46,46,46],"floor_reached":50,"playtime":2158,"items_purged":["Strike_G"],"score":537,"play_id":"3549cbf4-2f4e-40c4-a66e-b1a37a32e79a","local_time":"20190820085239","is_ascension_mode":false,"campfire_choices":[{"floor":11,"key":"REST"},{"floor":15,"key":"DIG"},{"floor":23,"key":"DIG"},{"floor":25,"key":"DIG"},{"floor":32,"key":"REST"},{"floor":40,"key":"DIG"},{"floor":46,"key":"REST"},{"floor":49,"key":"DIG"}],"neow_cost":"NONE","seed_source_timestamp":441792688705188,"circlet_count":0,"master_deck":["Survivor","Neutralize","Noxious Fumes","Backflip","Acrobatics+1","Escape Plan","Bane","Escape Plan+1","Adrenaline+1","Backflip+1","Slice","Noxious Fumes","Backflip+1","Backstab","Catalyst+1","Blur+1","A Thousand Cuts","Adrenaline+1","Reflex+1","Skewer","Cloak And Dagger+1","Adrenaline+1","Eviscerate","Dagger Throw","Dramatic Entrance","Finesse+1","Burst+1","Footwork+1","Backstab","Deflect+1"],"relics":["Sozu","Shovel","Toxic Egg 2","Mercury Hourglass","PreservedInsect","Philosopher\u0027s Stone","Centennial Puzzle","Pear","War Paint","Sundial","Singing Bowl","Pandora\u0027s Box","Dream Catcher","Paper Crane","Ninja Scroll","Gremlin Horn"],"potions_floor_usage":[],"damage_taken":[{"damage":1,"enemies":"Jaw Worm","floor":1,"turns":4},{"damage":0,"enemies":"2 Louse","floor":2,"turns":3},{"damage":2,"enemies":"Cultist","floor":4,"turns":5},{"damage":33,"enemies":"3 Sentries","floor":7,"turns":10},{"damage":3,"enemies":"Lots of Slimes","floor":8,"turns":6},{"damage":0,"enemies":"Exordium Wildlife","floor":12,"turns":5},{"damage":0,"enemies":"Large Slime","floor":14,"turns":6},{"damage":24,"enemies":"Hexaghost","floor":16,"turns":12},{"damage":4,"enemies":"Shell Parasite","floor":18,"turns":7},{"damage":0,"enemies":"2 Thieves","floor":22,"turns":4},{"damage":1,"enemies":"Centurion and Healer","floor":27,"turns":7},{"damage":0,"enemies":"Cultist and Chosen","floor":28,"turns":6},{"damage":0,"enemies":"Snake Plant","floor":29,"turns":4},{"damage":32,"enemies":"Slavers","floor":30,"turns":4},{"damage":0,"enemies":"Shelled Parasite and Fungi","floor":31,"turns":6},{"damage":0,"enemies":"Automaton","floor":33,"turns":12},{"damage":5,"enemies":"Orb Walker","floor":35,"turns":3},{"damage":0,"enemies":"3 Shapes","floor":41,"turns":3},{"damage":7,"enemies":"Jaw Worm Horde","floor":44,"turns":3},{"damage":3,"enemies":"4 Shapes","floor":45,"turns":2},{"damage":102,"enemies":"Time Eater","floor":50,"turns":11}],"seed_played":"6156729681494726530","potions_obtained":[],"is_trial":false,"path_per_floor":["M","M","$","M","?","?","E","M","T","$","R","M","?","M","R","B",null,"M","?","?","?","M","R","$","R","T","M","M","M","E","M","R","B",null,"M","?","?","?","$","R","M","$","T","M","M","R","?","T","R","B"],"character_chosen":"THE_SILENT","items_purchased":["Pear","Noxious Fumes","Finesse+1","Burst+1"],"campfire_rested":3,"item_purchase_floors":[24,24,39,39],"current_hp_per_floor":[69,69,69,67,67,67,34,31,31,31,52,52,40,40,40,16,70,66,66,66,59,59,59,69,69,69,68,68,68,36,36,60,60,80,77,77,77,77,77,77,79,79,79,72,69,84,80,80,80,0],"gold":46,"neow_bonus":"BOSS_RELIC","is_prod":false,"is_daily":false,"chose_seed":false,"campfire_upgraded":0,"win_rate":0,"timestamp":1566262359,"path_taken":["M","M","$","M","?","?","E","M","T","$","R","M","?","M","R","BOSS","M","?","?","?","M","R","$","R","T","?","?","M","E","M","R","BOSS","M","?","?","?","$","R","M","?","T","?","M","R","?","?","R","BOSS"],"build_version":"2019-07-17","purchased_purges":1,"victory":false,"max_hp_per_floor":[70,70,70,70,70,70,70,70,70,70,70,70,70,70,70,70,70,70,70,70,70,70,70,80,80,80,80,80,80,80,80,80,80,80,82,82,82,82,82,82,84,84,84,84,84,84,80,80,80,80],"card_choices":[{"not_picked":["Outmaneuver","Deadly Poison"],"picked":"Noxious Fumes","floor":1},{"not_picked":["Dagger Spray","Distraction"],"picked":"Backflip","floor":2},{"not_picked":["Escape Plan","Eviscerate"],"picked":"Acrobatics","floor":4},{"not_picked":["Flying Knee","Underhanded Strike"],"picked":"Escape Plan","floor":7},{"not_picked":["Reflex","Flying Knee"],"picked":"Bane","floor":8},{"not_picked":["Flying Knee","Cloak And Dagger+1","Quick Slash"],"picked":"SKIP","floor":12},{"not_picked":["Underhanded Strike","Quick Slash"],"picked":"Escape Plan+1","floor":14},{"not_picked":["Burst+1","Night Terror+1"],"picked":"Adrenaline+1","floor":16},{"not_picked":["Choke","Poisoned Stab+1"],"picked":"Backflip+1","floor":18},{"not_picked":["Sucker Punch","Outmaneuver+1"],"picked":"Slice","floor":22},{"not_picked":["Slice","Unload"],"picked":"Backflip+1","floor":27},{"not_picked":["Backflip+1","Concentrate+1"],"picked":"Backstab","floor":28},{"not_picked":["Backflip+1","Underhanded Strike+1","Quick Slash"],"picked":"SKIP","floor":29},{"not_picked":["Dagger Spray","Predator"],"picked":"Catalyst+1","floor":30},{"not_picked":["Backflip+1","Accuracy+1"],"picked":"Blur+1","floor":31},{"not_picked":["Bullet Time+1","Unload"],"picked":"A Thousand Cuts","floor":33},{"not_picked":["Blade Dance+1","Flying Knee+1","Backflip+1"],"picked":"Singing Bowl","floor":35},{"not_picked":["Trip+1","Mind Blast"],"picked":"Dramatic Entrance","floor":38},{"not_picked":["Noxious Fumes","Quick Slash","Underhanded Strike"],"picked":"Singing Bowl","floor":41},{"not_picked":["PiercingWail+1","Blur+1"],"picked":"Footwork+1","floor":44},{"not_picked":["Unload","Slice"],"picked":"Backstab","floor":45},{"not_picked":["Choke+1","Expertise+1"],"picked":"Deflect+1","floor":46}],"player_experience":219622,"relics_obtained":[{"floor":7,"key":"Shovel"},{"floor":9,"key":"Toxic Egg 2"},{"floor":15,"key":"PreservedInsect"},{"floor":23,"key":"Centennial Puzzle"},{"floor":25,"key":"War Paint"},{"floor":26,"key":"Sundial"},{"floor":30,"key":"Singing Bowl"},{"floor":40,"key":"Dream Catcher"},{"floor":43,"key":"Paper Crane"},{"floor":48,"key":"Ninja Scroll"},{"floor":49,"key":"Gremlin Horn"}],"event_choices":[{"damage_healed":0,"gold_gain":0,"player_choice":"Ignored","damage_taken":0,"max_hp_gain":0,"max_hp_loss":0,"event_name":"Golden Wing","floor":5,"gold_loss":0},{"cards_removed":["Strike_G"],"damage_healed":0,"gold_gain":0,"player_choice":"Card Removal","damage_taken":0,"max_hp_gain":0,"max_hp_loss":0,"event_name":"The Cleric","floor":6,"gold_loss":50},{"damage_healed":0,"gold_gain":0,"player_choice":"Success","damage_taken":12,"relics_obtained":["Mercury Hourglass"],"max_hp_gain":0,"max_hp_loss":0,"event_name":"Scrap Ooze","floor":13,"gold_loss":0},{"damage_healed":0,"gold_gain":0,"player_choice":"Ignored","damage_taken":0,"max_hp_gain":0,"max_hp_loss":0,"event_name":"Cursed Tome","floor":19,"gold_loss":0},{"damage_healed":0,"gold_gain":99,"player_choice":"Stole From Cult","damage_taken":0,"max_hp_gain":0,"max_hp_loss":0,"event_name":"Nest","floor":20,"gold_loss":0},{"damage_healed":0,"gold_gain":75,"player_choice":"Touch","damage_taken":7,"max_hp_gain":0,"max_hp_loss":0,"event_name":"FaceTrader","floor":21,"gold_loss":0},{"cards_removed":["Dagger Throw"],"damage_healed":0,"gold_gain":0,"player_choice":"Removed Attack","damage_taken":0,"max_hp_gain":0,"max_hp_loss":0,"event_name":"Falling","floor":36,"gold_loss":0},{"damage_healed":0,"gold_gain":0,"player_choice":"Ignored","damage_taken":0,"max_hp_gain":0,"max_hp_loss":0,"event_name":"Tomb of Lord Red Mask","floor":37,"gold_loss":0},{"damage_healed":0,"gold_gain":0,"player_choice":"Memory 1","damage_taken":0,"max_hp_gain":0,"max_hp_loss":0,"event_name":"SensoryStone","floor":38,"gold_loss":0},{"damage_healed":0,"gold_gain":0,"player_choice":"Max HP","damage_taken":0,"max_hp_gain":0,"max_hp_loss":4,"event_name":"Winding Halls","floor":47,"gold_loss":0}],"is_beta":false,"boss_relics":[{"not_picked":["HoveringKite","Runic Pyramid"],"picked":"Philosopher\u0027s Stone"},{"not_picked":["Black Star","Busted Crown"],"picked":"Pandora\u0027s Box"}],"items_purged_floors":[3],"is_endless":false,"potions_floor_spawned":[2,7,14,18,27,33,44],"killed_by":"Time Eater","ascension_level":0}