{"gold_per_floor":[115,15,32,32,32,32,62,62,113,13,26,41,41],"floor_reached":13,"playtime":975,"items_purged":["Strike_G","Strike_G"],"score":73,"play_id":"f7377301-de33-46ee-a94e-849f7b7f789b","local_time":"20190412143117","is_ascension_mode":false,"campfire_choices":[{"data":"Survivor","floor":6,"key":"SMITH"},{"data":"Neutralize","floor":8,"key":"SMITH"}],"neow_cost":"NONE","seed_source_timestamp":106949964471131,"circlet_count":0,"master_deck":["Defend_G+1","Defend_G","Defend_G","Defend_G","Defend_G+1","Strike_G+1","Strike_G","Strike_G","Survivor+1","Neutralize+1","Footwork+1","Dagger Spray","Backstab","Expertise","Deadly Poison"],"relics":["Eternal Feather","War Paint"],"potions_floor_usage":[],"damage_taken":[{"damage":1,"enemies":"Cultist","floor":1,"turns":5},{"damage":3,"enemies":"2 Louse","floor":3,"turns":3},{"damage":8,"enemies":"Small Slimes","floor":11,"turns":4},{"damage":0,"enemies":"Looter","floor":12,"turns":3},{"damage":0,"enemies":"Blue Slaver","floor":13,"turns":2}],"seed_played":"-6830036547203847365","potions_obtained":[{"floor":11,"key":"Swift Potion"},{"floor":12,"key":"Poison Potion"}],"is_trial":false,"path_per_floor":["M","$","M","?","?","R","?","R","T","$","M","M","M"],"character_chosen":"THE_SILENT","items_purchased":["Dagger Spray"],"campfire_rested":0,"item_purchase_floors":[2],"current_hp_per_floor":[69,69,66,52,57,63,63,69,69,69,61,61,61],"gold":41,"neow_bonus":"BOSS_RELIC","is_prod":false,"is_daily":false,"chose_seed":false,"campfire_upgraded":2,"win_rate":0.0,"timestamp":1555050677,"path_taken":["M","$","?","?","?","R","?","R","T","$","M","M","M"],"build_version":"2019-01-23","purchased_purges":2,"victory":false,"max_hp_per_floor":[70,70,70,70,75,75,75,75,75,75,75,75,75],"card_choices":[{"not_picked":["Deadly Poison","Flying Knee"],"picked":"Footwork","floor":1},{"not_picked":["Slice","Expertise"],"picked":"Backstab","floor":3},{"not_picked":["Well Laid Plans","Choke"],"picked":"Expertise","floor":11},{"not_picked":["Choke","Skewer"],"picked":"Deadly Poison","floor":12}],"player_experience":47601,"relics_obtained":[{"floor":9,"key":"War Paint"}],"event_choices":[{"damage_healed":0,"gold_gain":0,"player_choice":"Entered Light","damage_taken":14,"max_hp_gain":0,"max_hp_loss":0,"event_name":"Shining Light","floor":4,"gold_loss":0,"cards_upgraded":["Strike_G","Footwork"]},{"damage_healed":0,"gold_gain":0,"player_choice":"Donut","damage_taken":0,"max_hp_gain":5,"max_hp_loss":0,"event_name":"Big Fish","floor":5,"gold_loss":0},{"damage_healed":0,"gold_gain":30,"player_choice":"Searched \u00271\u0027 times","damage_taken":0,"max_hp_gain":0,"max_hp_loss":0,"event_name":"Dead Adventurer","floor":7,"gold_loss":0}],"is_beta":false,"boss_relics":[],"items_purged_floors":[2,10],"is_endless":false,"potions_floor_spawned":[11,12],"killed_by":"Blue Slaver","ascension_level":0}