{"path_per_floor":["M","?","M","M","T","R","E","M","T","E","M","?","E","$","R","B",null,"M","$","M","?","?","E","?","R","T","M","?","?","M","M","R","B",null,"M","?","M","M","M","R","M","R","T","M","R","?","$","M","R"],"character_chosen":"IRONCLAD","items_purchased":["Shrug It Off","Rampage","Regen Potion","Strength Potion","Clothesline","Toxic Egg 2","Apotheosis","Anchor"],"gold_per_floor":[113,113,127,147,147,147,190,203,203,244,269,269,313,49,49,174,174,187,34,52,52,52,95,95,95,95,119,34,34,49,63,63,192,192,216,549,562,573,584,584,598,598,598,613,613,613,26,46,46,46],"floor_reached":50,"campfire_rested":5,"playtime":7430,"current_hp_per_floor":[80,60,51,57,57,80,72,78,78,30,36,36,31,31,55,58,80,59,59,47,47,73,29,29,29,29,32,32,32,28,38,54,41,56,56,56,45,45,23,39,33,33,33,34,50,50,50,56,56,0],"items_purged":["Strike_R","Strike_R"],"gold":46,"score":535,"play_id":"3ce36c03-9c69-402e-b369-2988f62ae832","local_time":"20180405165854","is_prod":false,"is_daily":false,"is_ascension_mode":false,"campfire_upgraded":0,"timestamp":1522969134,"path_taken":["M","?","M","M","?","R","E","M","T","E","M","?","E","$","R","BOSS","M","$","M","?","?","E","?","R","T","M","?","?","M","M","R","BOSS","M","?","M","M","M","R","M","R","T","M","R","?","$","M","R","BOSS"],"build_version":"2018-03-29v2","purchased_purges":2,"victory":false,"master_deck":["Defend_R","Defend_R","Defend_R","Defend_R+1","Bash","Flex","Infernal Blade","Cleave","Fiend Fire","Pommel Strike","True Grit","Rupture","Demon Form","Shrug It Off","Rampage","Brutality","Clothesline","Blood for Blood","Sword Boomerang","Bite","Bite","Bite","Bite","Bite","Whirlwind","Offering","Sword Boomerang+1","Bloodletting+1","Shockwave","Disarm+1","Apotheosis+1"],"max_hp_per_floor":[80,80,80,80,80,80,80,80,80,80,80,80,80,80,80,80,80,80,80,80,80,80,80,56,56,56,56,56,56,56,56,56,56,56,56,56,56,56,56,56,56,56,56,56,56,56,56,56,56,56],"relics":["Black Blood","Red Skull","Mummified Hand","Juzu Bracelet","Calipers","Girya","Runic Cube","Orichalcum","Ice Cream","Bag of Preparation","Sundial","Toxic Egg 2","Anchor"],"card_choices":[{"not_picked":["Headbutt","Fire Breathing"],"picked":"Flex","floor":1.0},{"not_picked":["Warcry","Combust"],"picked":"Infernal Blade","floor":3.0},{"not_picked":["Pummel","Flame Barrier"],"picked":"Cleave","floor":4.0},{"not_picked":["Reckless Charge","Anger"],"picked":"Fiend Fire","floor":7.0},{"not_picked":["Battle Trance","Sword Boomerang"],"picked":"Pommel Strike","floor":8.0},{"not_picked":["Seeing Red","Body Slam"],"picked":"True Grit","floor":10.0},{"not_picked":["Clash","Second Wind"],"picked":"Rupture","floor":11.0},{"not_picked":["Cleave","Sever Soul"],"picked":"Demon Form","floor":13.0},{"not_picked":["Fiend Fire","Demon Form"],"picked":"Brutality","floor":16.0},{"not_picked":["Twin Strike","Barricade"],"picked":"Blood for Blood","floor":20.0},{"not_picked":["Headbutt","Pommel Strike"],"picked":"Sword Boomerang","floor":23.0},{"not_picked":["Uppercut","Reckless Charge"],"picked":"Whirlwind","floor":27.0},{"not_picked":["Impervious","Dark Embrace"],"picked":"Offering","floor":33.0},{"not_picked":["Clothesline","Clash"],"picked":"Sword Boomerang","floor":35.0},{"not_picked":["Sword Boomerang","Disarm"],"picked":"Bloodletting","floor":37.0},{"not_picked":["Body Slam","Infernal Blade"],"picked":"Shockwave","floor":38.0},{"not_picked":["Clothesline","Seeing Red"],"picked":"Disarm","floor":39.0}],"player_experience":2088,"potions_floor_usage":[44,50,50,50],"damage_taken":[{"damage":3.0,"enemies":"2 Louse","floor":1.0,"turns":3.0},{"damage":15.0,"enemies":"Jaw Worm","floor":3.0,"turns":5.0},{"damage":0.0,"enemies":"Cultist","floor":4.0,"turns":4.0},{"damage":14.0,"enemies":"3 Sentries","floor":7.0,"turns":7.0},{"damage":0.0,"enemies":"Large Slime","floor":8.0,"turns":3.0},{"damage":54.0,"enemies":"Lagavulin","floor":10.0,"turns":6.0},{"damage":0.0,"enemies":"Looter","floor":11.0,"turns":2.0},{"damage":11.0,"enemies":"Gremlin Nob","floor":13.0,"turns":3.0},{"damage":18.0,"enemies":"Hexaghost","floor":16.0,"turns":7.0},{"damage":27.0,"enemies":"Shell Parasite","floor":18.0,"turns":5.0},{"damage":18.0,"enemies":"3 Byrds","floor":20.0,"turns":6.0},{"damage":50.0,"enemies":"Book of Stabbing","floor":23.0,"turns":5.0},{"damage":15.0,"enemies":"Cultist and Chosen","floor":27.0,"turns":6.0},{"damage":20.0,"enemies":"Sentry and Sphere","floor":30.0,"turns":4.0},{"damage":4.0,"enemies":"Snecko","floor":31.0,"turns":4.0},{"damage":27.0,"enemies":"Champ","floor":33.0,"turns":8.0},{"damage":10.0,"enemies":"Orb Walker","floor":35.0,"turns":3.0},{"damage":26.0,"enemies":"3 Darklings","floor":37.0,"turns":4.0},{"damage":20.0,"enemies":"Maw","floor":38.0,"turns":5.0},{"damage":40.0,"enemies":"4 Shapes","floor":39.0,"turns":6.0},{"damage":22.0,"enemies":"Sphere and 2 Shapes","floor":41.0,"turns":3.0},{"damage":13,"enemies":"3 Darklings","floor":44,"turns":3},{"damage":14,"enemies":"Maw","floor":48,"turns":5},{"damage":78,"enemies":"Awakened One","floor":50,"turns":8}],"event_choices":[{"event_name":"Golden Idol","player_choice":"Take Damage","floor":2.0,"damage_taken":0.0},{"event_name":"Golden Wing","player_choice":"Ignored","floor":12.0,"damage_taken":0.0},{"event_name":"Drug Dealer","player_choice":"Ignored","floor":21.0,"damage_taken":0.0},{"event_name":"The Library","player_choice":"Heal","floor":22.0,"damage_taken":0.0},{"event_name":"Vampires","player_choice":"Became a vampire","floor":24.0,"damage_taken":0.0},{"event_name":"Addict","player_choice":"Obtained Relic","floor":28.0,"damage_taken":0.0},{"event_name":"Cursed Tome","player_choice":"Ignored","floor":29.0,"damage_taken":0.0},{"event_name":"The Moai Head","player_choice":"Gave Idol","floor":36.0,"damage_taken":0.0},{"event_name":"Tomb of Lord Red Mask","player_choice":"Ignored","floor":46,"damage_taken":0}],"boss_relics":[],"potions_floor_spawned":[4,13,16,18,23,27,31,38,39,41,44,48],"seed_played":"-4690377738664980613","killed_by":"Awakened One","ascension_level":0,"is_trial":false}