{"gold_per_floor":[115,115,115,65,84,359,359,79,103,103,115,115,134,166,166,268,268,281,281,292,303,303,303,335,335,362,391,417,449,2,19,19,119,119,136,136,151,1150,1150],"floor_reached":39,"playtime":28334,"items_purged":["Regret","Strike_G"],"score":656,"play_id":"07f0fb44-cbec-47e3-9ed5-7951ba47524c","local_time":"20190731165858","is_ascension_mode":true,"campfire_choices":[{"data":"Noxious Fumes","floor":7,"key":"SMITH"},{"data":"Bane","floor":10,"key":"SMITH"},{"data":"All Out Attack","floor":12,"key":"SMITH"},{"floor":15,"key":"REST"},{"data":"Prepared","floor":23,"key":"SMITH"},{"data":"Prepared","floor":25,"key":"SMITH"},{"data":"Catalyst","floor":32,"key":"SMITH"}],"neow_cost":"NONE","seed_source_timestamp":5856683308231142,"circlet_count":0,"master_deck":["Strike_G","Strike_G","Strike_G","Defend_G","Defend_G","Defend_G","Defend_G","Defend_G","Survivor","Neutralize+1","All Out Attack+1","Noxious Fumes+1","Bane+1","Deflect","Unload","Prepared+1","Underhanded Strike+1","Prepared+1","Catalyst+1","Deflect","Flying Knee+1","Reflex","Flechettes+1","Envenom"],"relics":["Ring of the Snake","Strawberry","Happy Flower","Bag of Marbles","Bag of Preparation","Runic Pyramid","Omamori","MawBank","Lee\u0027s Waffle","HoveringKite"],"potions_floor_usage":[14,20,24,29,33,39,39],"damage_taken":[{"damage":1,"enemies":"Jaw Worm","floor":1,"turns":4},{"damage":0,"enemies":"Small Slimes","floor":5,"turns":2},{"damage":0,"enemies":"2 Louse","floor":11,"turns":1},{"damage":1,"enemies":"Exordium Thugs","floor":13,"turns":3},{"damage":0,"enemies":"3 Sentries","floor":14,"turns":4},{"damage":39,"enemies":"Slime Boss","floor":16,"turns":9},{"damage":1,"enemies":"Shell Parasite","floor":18,"turns":5},{"damage":1,"enemies":"3 Byrds","floor":20,"turns":5},{"damage":0,"enemies":"Snecko","floor":21,"turns":3},{"damage":0,"enemies":"Gremlin Leader","floor":24,"turns":6},{"damage":20,"enemies":"Snake Plant","floor":27,"turns":3},{"damage":7,"enemies":"Shelled Parasite and Fungi","floor":28,"turns":6},{"damage":6,"enemies":"Snecko","floor":29,"turns":4},{"damage":5,"enemies":"Centurion and Healer","floor":31,"turns":5},{"damage":55,"enemies":"Automaton","floor":33,"turns":10},{"damage":47,"enemies":"3 Darklings","floor":35,"turns":7},{"damage":18,"enemies":"3 Shapes","floor":37,"turns":6},{"damage":11,"enemies":"Sphere and 2 Shapes","floor":39,"turns":3}],"seed_played":"6368802263233846088","potions_obtained":[{"floor":1,"key":"SpeedPotion"},{"floor":5,"key":"EssenceOfSteel"},{"floor":11,"key":"SpeedPotion"},{"floor":18,"key":"Energy Potion"},{"floor":28,"key":"SneckoOil"},{"floor":33,"key":"Ancient Potion"}],"is_trial":false,"path_per_floor":["M","?","?","?","M","?","R","$","T","R","M","R","M","E","R","B",null,"M","?","M","M","?","R","E","R","T","M","M","M","$","M","R","B",null,"M","$","M","?","M"],"character_chosen":"THE_SILENT","items_purchased":["Bane","Happy Flower","Lee\u0027s Waffle","Reflex","GamblersBrew"],"campfire_rested":1,"item_purchase_floors":[8,8,30,30,30],"current_hp_per_floor":[62,69,57,57,57,57,57,57,57,57,57,57,56,56,77,38,67,66,77,76,76,76,76,76,76,76,56,49,43,84,79,79,24,69,22,22,4,4,0],"gold":1150,"neow_bonus":"UPGRADE_CARD","is_prod":false,"is_daily":false,"chose_seed":false,"campfire_upgraded":6,"win_rate":0,"timestamp":1564613938,"path_taken":["M","?","?","?","M","?","R","$","T","R","M","R","M","E","R","BOSS","M","?","M","?","?","R","E","R","T","M","?","M","$","M","R","BOSS","M","$","M","?","M"],"build_version":"2019-07-17","purchased_purges":2,"victory":false,"max_hp_per_floor":[70,77,77,77,77,77,77,77,77,77,77,77,77,77,77,77,77,77,77,77,77,77,77,77,77,77,77,77,77,84,84,84,84,84,84,84,84,84,84],"card_choices":[{"not_picked":["Tactician","Sucker Punch"],"picked":"All Out Attack","floor":1},{"not_picked":["Leg Sweep","PiercingWail"],"picked":"Noxious Fumes","floor":5},{"not_picked":["Slice","Flying Knee"],"picked":"Deflect","floor":11},{"not_picked":["Accuracy","Slice","Prepared"],"picked":"SKIP","floor":13},{"not_picked":["Expertise","Infinite Blades","Acrobatics"],"picked":"SKIP","floor":14},{"not_picked":["Die Die Die","Wraith Form v2"],"picked":"Unload","floor":16},{"not_picked":["Quick Slash","Slice"],"picked":"Prepared","floor":18},{"not_picked":["Acrobatics","Finisher"],"picked":"Underhanded Strike+1","floor":20},{"not_picked":["Slice","Cloak And Dagger+1"],"picked":"Prepared","floor":21},{"not_picked":["Prepared","Doppelganger","Glass Knife"],"picked":"SKIP","floor":24},{"not_picked":["Flying Knee","Caltrops"],"picked":"Catalyst","floor":27},{"not_picked":["Backflip","Eviscerate+1"],"picked":"Deflect","floor":28},{"not_picked":["Blade Dance","Bouncing Flask"],"picked":"Flying Knee+1","floor":29},{"not_picked":["Deflect","Unload"],"picked":"Flechettes+1","floor":31},{"not_picked":["Adrenaline","Burst"],"picked":"Envenom","floor":33},{"not_picked":["Bane+1","Finisher","Flying Knee"],"picked":"SKIP","floor":35},{"not_picked":["Prepared+1","Poisoned Stab+1","Infinite Blades+1"],"picked":"SKIP","floor":37}],"player_experience":2042387,"relics_obtained":[{"floor":9,"key":"Bag of Marbles"},{"floor":14,"key":"Bag of Preparation"},{"floor":24,"key":"Omamori"},{"floor":26,"key":"MawBank"}],"event_choices":[{"damage_healed":0,"gold_gain":0,"player_choice":"Box","damage_taken":0,"relics_obtained":["Strawberry"],"max_hp_gain":0,"max_hp_loss":0,"event_name":"Big Fish","floor":2,"gold_loss":0,"cards_obtained":["Regret"]},{"damage_healed":0,"gold_gain":0,"player_choice":"Fled","damage_taken":12,"max_hp_gain":0,"max_hp_loss":0,"event_name":"Scrap Ooze","floor":3,"gold_loss":0},{"cards_removed":["Regret"],"damage_healed":0,"gold_gain":0,"player_choice":"Card Removal","damage_taken":0,"max_hp_gain":0,"max_hp_loss":0,"event_name":"The Cleric","floor":4,"gold_loss":50},{"damage_healed":0,"gold_gain":275,"player_choice":"Desecrate","damage_taken":0,"max_hp_gain":0,"max_hp_loss":0,"event_name":"Golden Shrine","floor":6,"gold_loss":0,"cards_obtained":["Regret"]},{"damage_healed":11,"gold_gain":0,"player_choice":"Full Heal","damage_taken":0,"max_hp_gain":0,"max_hp_loss":0,"event_name":"Wheel of Change","floor":19,"gold_loss":0},{"cards_removed":["Strike_G"],"damage_healed":0,"gold_gain":0,"player_choice":"Purged","damage_taken":0,"max_hp_gain":0,"max_hp_loss":0,"event_name":"Purifier","floor":22,"gold_loss":0},{"damage_healed":0,"gold_gain":999,"player_choice":"Gold","damage_taken":0,"max_hp_gain":0,"max_hp_loss":0,"event_name":"MindBloom","floor":38,"gold_loss":0,"cards_obtained":["Normality","Normality"]}],"is_beta":false,"boss_relics":[{"not_picked":["Tiny House","Ring of the Serpent"],"picked":"Runic Pyramid"},{"not_picked":["Empty Cage","Velvet Choker"],"picked":"HoveringKite"}],"items_purged_floors":[8,30],"is_endless":false,"potions_floor_spawned":[1,5,11,18,28,33],"killed_by":"Sphere and 2 Shapes","ascension_level":8}