{"gold_per_floor":[118,95,47,47,59,59,90,108,108,141,141,158,158,171,171,267,267,286,385,385,416,429,447,473,485,552,564,587,599],"floor_reached":29,"playtime":2182,"items_purged":[],"score":342,"play_id":"76ec411a-f2ff-4881-ae2f-6beb9f6a185c","local_time":"20190729002247","is_ascension_mode":true,"campfire_choices":[{"data":"Body Slam","floor":6,"key":"SMITH"},{"data":"Clothesline","floor":11,"key":"SMITH"},{"data":"Flame Barrier","floor":13,"key":"SMITH"},{"data":"Uppercut","floor":15,"key":"SMITH"},{"floor":25,"key":"REST"},{"data":"Limit Break","floor":27,"key":"SMITH"}],"neow_cost":"TEN_PERCENT_HP_LOSS","seed_source_timestamp":5650217151868402,"circlet_count":0,"master_deck":["Strike_R","Strike_R","Strike_R","Strike_R","Strike_R","Defend_R","Defend_R","Defend_R","Defend_R","Bash","Immolate","Clothesline+1","Body Slam+1","Shrug It Off","Disarm","Headbutt","Flame Barrier+1","Feel No Pain","Uppercut+1","Limit Break+1","Offering","Pummel","Body Slam","True Grit+1","Spot Weakness","Heavy Blade+1"],"relics":["Burning Blood","GremlinMask","Lantern","Singing Bowl","Prayer Wheel","Philosopher\u0027s Stone","Ginger","Red Mask","MawBank","Tiny Chest"],"potions_floor_usage":[7,10,16,18,24,24,28],"damage_taken":[{"damage":1,"enemies":"Cultist","floor":1,"turns":3},{"damage":1,"enemies":"Jaw Worm","floor":5,"turns":3},{"damage":26,"enemies":"Gremlin Nob","floor":7,"turns":4},{"damage":0,"enemies":"2 Louse","floor":8,"turns":2},{"damage":12,"enemies":"3 Sentries","floor":10,"turns":6},{"damage":31,"enemies":"Exordium Thugs","floor":12,"turns":4},{"damage":0,"enemies":"3 Louse","floor":14,"turns":2},{"damage":23,"enemies":"The Guardian","floor":16,"turns":15},{"damage":22,"enemies":"3 Byrds","floor":18,"turns":3},{"damage":34,"enemies":"Masked Bandits","floor":21,"turns":3},{"damage":6,"enemies":"Chosen","floor":22,"turns":3},{"damage":6,"enemies":"3 Cultists","floor":23,"turns":4},{"damage":34,"enemies":"Slavers","floor":24,"turns":6},{"damage":27,"enemies":"Chosen and Byrds","floor":28,"turns":6},{"damage":32,"enemies":"Snake Plant","floor":29,"turns":4}],"seed_played":"1804669051174056282","potions_obtained":[{"floor":1,"key":"Explosive Potion"},{"floor":8,"key":"Regen Potion"},{"floor":14,"key":"BloodPotion"},{"floor":16,"key":"BloodPotion"},{"floor":22,"key":"SteroidPotion"},{"floor":23,"key":"Fire Potion"},{"floor":24,"key":"Weak Potion"},{"floor":28,"key":"Ancient Potion"}],"is_trial":false,"path_per_floor":["M","$","$","?","M","R","E","M","T","E","R","M","R","M","R","B",null,"M","?","T","?","M","M","E","R","T","R","M","M"],"character_chosen":"IRONCLAD","items_purchased":["Body Slam","Shrug It Off"],"campfire_rested":1,"item_purchase_floors":[2,3],"current_hp_per_floor":[72,72,72,72,72,72,52,58,58,67,67,44,44,52,52,54,71,74,74,74,46,48,52,26,51,51,51,32,0],"gold":599,"neow_bonus":"THREE_RARE_CARDS","is_prod":false,"is_daily":false,"chose_seed":false,"campfire_upgraded":5,"win_rate":0,"timestamp":1564381367,"path_taken":["M","?","$","?","?","R","E","M","T","E","R","M","R","M","R","BOSS","M","?","?","?","M","M","E","R","T","R","?","M"],"build_version":"2019-07-17","purchased_purges":0,"victory":false,"max_hp_per_floor":[72,72,72,72,72,72,72,72,72,72,72,74,74,76,76,76,76,76,76,76,76,78,82,84,84,84,84,86,86],"card_choices":[{"not_picked":["Double Tap","Bludgeon"],"picked":"Immolate","floor":0},{"not_picked":["Sword Boomerang","Clash"],"picked":"Clothesline","floor":1},{"not_picked":["True Grit","Iron Wave"],"picked":"Disarm","floor":5},{"not_picked":["Iron Wave","Thunderclap"],"picked":"Headbutt","floor":7},{"not_picked":["Ghostly Armor","Corruption"],"picked":"Flame Barrier","floor":8},{"not_picked":["Rupture","Thunderclap"],"picked":"Feel No Pain","floor":10},{"not_picked":["Heavy Blade","Havoc","Anger"],"picked":"Singing Bowl","floor":12},{"not_picked":["Clothesline","Twin Strike"],"picked":"Uppercut","floor":12},{"not_picked":["Sword Boomerang","Clash","Pommel Strike"],"picked":"Singing Bowl","floor":14},{"not_picked":["Flex","Headbutt"],"picked":"Limit Break","floor":14},{"not_picked":["Exhume","Bludgeon"],"picked":"Offering","floor":16},{"not_picked":["Pommel Strike","Body Slam"],"picked":"Pummel","floor":18},{"not_picked":["Twin Strike","Wild Strike"],"picked":"Body Slam","floor":18},{"not_picked":["Headbutt","Clash"],"picked":"True Grit+1","floor":21},{"not_picked":["Metallicize","Warcry+1"],"picked":"Spot Weakness","floor":22},{"not_picked":["Double Tap","Carnage","Clothesline"],"picked":"Singing Bowl","floor":22},{"not_picked":["Pommel Strike+1","Burning Pact","Cleave"],"picked":"Singing Bowl","floor":23},{"not_picked":["Armaments+1","Havoc","Berserk"],"picked":"Singing Bowl","floor":23},{"not_picked":["Combust","Feed","True Grit"],"picked":"Singing Bowl","floor":24},{"not_picked":["Perfected Strike","Shockwave","Disarm"],"picked":"Singing Bowl","floor":28},{"not_picked":["Dropkick","Clothesline"],"picked":"Heavy Blade+1","floor":28}],"player_experience":2012462,"relics_obtained":[{"floor":7,"key":"Lantern"},{"floor":9,"key":"Singing Bowl"},{"floor":10,"key":"Prayer Wheel"},{"floor":20,"key":"Ginger"},{"floor":21,"key":"Red Mask"},{"floor":24,"key":"MawBank"},{"floor":26,"key":"Tiny Chest"}],"event_choices":[{"damage_healed":0,"gold_gain":0,"player_choice":"Trade","damage_taken":0,"relics_obtained":["GremlinMask"],"max_hp_gain":0,"max_hp_loss":0,"event_name":"FaceTrader","floor":4,"gold_loss":0},{"damage_healed":0,"gold_gain":99,"player_choice":"Stole From Cult","damage_taken":0,"max_hp_gain":0,"max_hp_loss":0,"event_name":"Nest","floor":19,"gold_loss":0},{"damage_healed":0,"gold_gain":0,"player_choice":"Fought Bandits","damage_taken":0,"max_hp_gain":0,"max_hp_loss":0,"event_name":"Masked Bandits","floor":21,"gold_loss":0}],"is_beta":false,"boss_relics":[{"not_picked":["Fusion Hammer","Black Blood"],"picked":"Philosopher\u0027s Stone"}],"items_purged_floors":[],"is_endless":false,"potions_floor_spawned":[1,8,14,16,22,23,24,28],"killed_by":"Snake Plant","ascension_level":7}