{"gold_per_floor":[117,42,61,80,80,80,112,122,122,139,164,179,179,195,195,297,297,309,224,81,81,94,94,94,94,118,135,234,260,277,287,287,383,383,403,403,403,449,466,466,265,278,323,333,333,58,69,69,69,69],"floor_reached":51,"playtime":6230,"items_purged":["Regret","Normality","Injury"],"score":951,"play_id":"15e86dcc-29f4-4713-90a6-c591cac51efb","local_time":"20190807000909","is_ascension_mode":true,"campfire_choices":[{"data":"Uppercut","floor":6.0,"key":"SMITH"},{"data":"Power Through","floor":13.0,"key":"SMITH"},{"data":"Body Slam","floor":15.0,"key":"SMITH"},{"data":"Entrench","floor":23.0,"key":"SMITH"},{"data":"Demon Form","floor":25.0,"key":"SMITH"},{"floor":32.0,"key":"REST"},{"data":"Pain","floor":40,"key":"PURGE"},{"data":"Normality","floor":45,"key":"PURGE"},{"data":"Barricade","floor":49,"key":"SMITH"}],"neow_cost":"CURSE","seed_source_timestamp":0,"circlet_count":0,"master_deck":["Strike_R","Strike_R","Strike_R","Strike_R","Defend_R","Defend_R+1","Defend_R","Defend_R+1","Bash","Power Through+1","Shockwave+1","Uppercut+1","Shrug It Off","Intimidate","Iron Wave","Body Slam+1","Demon Form+1","Shrug It Off+1","Entrench+1","Pain","Disarm+1","True Grit+1","Barricade+1","Clothesline+1","Reaper","Burning Pact+1","Master of Strategy"],"special_seed":0,"relics":["Burning Blood","Pocketwatch","Bag of Marbles","Centennial Puzzle","Self Forming Clay","Cursed Key","Blood Vial","War Paint","Nilry\u0027s Codex","Juzu Bracelet","Prayer Wheel","Calling Bell","Red Skull","The Courier","Peace Pipe","Ginger","Art of War","Omamori"],"potions_floor_usage":[50,50,50],"damage_taken":[{"damage":11.0,"enemies":"Cultist","floor":1.0,"turns":3.0},{"damage":2.0,"enemies":"Jaw Worm","floor":3.0,"turns":4.0},{"damage":10.0,"enemies":"Small Slimes","floor":4.0,"turns":3.0},{"damage":13.0,"enemies":"Gremlin Nob","floor":7.0,"turns":5.0},{"damage":0.0,"enemies":"2 Fungi Beasts","floor":8.0,"turns":4.0},{"damage":2.0,"enemies":"3 Louse","floor":10.0,"turns":4.0},{"damage":11.0,"enemies":"Lagavulin","floor":11.0,"turns":8.0},{"damage":1.0,"enemies":"Blue Slaver","floor":12.0,"turns":4.0},{"damage":1.0,"enemies":"2 Fungi Beasts","floor":14.0,"turns":3.0},{"damage":38.0,"enemies":"Slime Boss","floor":16.0,"turns":12.0},{"damage":2.0,"enemies":"3 Byrds","floor":18.0,"turns":4.0},{"damage":1.0,"enemies":"Shell Parasite","floor":22.0,"turns":6.0},{"damage":7.0,"enemies":"Snecko","floor":27.0,"turns":5.0},{"damage":4.0,"enemies":"Gremlin Leader","floor":29.0,"turns":5.0},{"damage":16.0,"enemies":"3 Cultists","floor":30.0,"turns":6.0},{"damage":16.0,"enemies":"Snake Plant","floor":31.0,"turns":6.0},{"damage":21.0,"enemies":"Champ","floor":33.0,"turns":12.0},{"damage":33,"enemies":"3 Darklings","floor":35,"turns":7},{"damage":61,"enemies":"2 Orb Walkers","floor":38,"turns":6},{"damage":18,"enemies":"Orb Walker","floor":39,"turns":9},{"damage":18,"enemies":"4 Shapes","floor":42,"turns":8},{"damage":28,"enemies":"Maw","floor":44,"turns":11},{"damage":27,"enemies":"3 Darklings","floor":47,"turns":8},{"damage":20,"enemies":"Awakened One","floor":50,"turns":13}],"seed_played":"-6941813217976199898","potions_obtained":[{"floor":1.0,"key":"Explosive Potion"},{"floor":3.0,"key":"Strength Potion"},{"floor":11.0,"key":"Regen Potion"},{"floor":12.0,"key":"LiquidBronze"},{"floor":16.0,"key":"LiquidBronze"},{"floor":18.0,"key":"SkillPotion"},{"floor":27.0,"key":"AttackPotion"},{"floor":39,"key":"EssenceOfSteel"},{"floor":44,"key":"PowerPotion"}],"is_trial":false,"path_per_floor":["M","$","M","M","?","R","E","M","T","M","E","M","R","M","R","B",null,"M","?","$","?","M","R","?","R","T","M","?","E","M","M","R","B",null,"M","?","?","?","M","R","$","M","T","M","R","$","M","?","R","B",null],"character_chosen":"IRONCLAD","items_purchased":["War Paint","Art of War","Dexterity Potion","Master of Strategy"],"campfire_rested":1,"item_purchase_floors":[20,41,46,46],"current_hp_per_floor":[67,67,71,67,67,67,60,66,66,70,65,80,80,80,80,48,72,76,76,76,76,80,80,64,64,64,65,65,69,61,53,77,64,76,79,79,79,53,59,59,59,68,68,80,80,80,80,76,76,76],"gold":69,"neow_bonus":"ONE_RARE_RELIC","is_prod":false,"is_daily":false,"chose_seed":false,"campfire_upgraded":6,"win_rate":0,"timestamp":1565158149,"path_taken":["M","$","?","M","?","R","E","M","T","M","E","M","R","M","R","BOSS","M","?","$","?","M","R","?","R","T","M","?","E","M","M","R","BOSS","M","?","?","?","M","R","?","M","T","M","R","$","M","?","R","BOSS"],"build_version":"2019-07-17","purchased_purges":3,"victory":true,"max_hp_per_floor":[80,80,80,80,80,80,80,80,80,80,80,80,80,80,80,80,80,80,80,80,80,80,80,80,80,80,80,80,80,80,80,80,80,80,80,80,80,80,80,80,80,80,80,80,80,80,80,76,76,76],"card_choices":[{"not_picked":["Iron Wave","Pummel"],"picked":"Power Through","floor":1.0},{"not_picked":["Infernal Blade","Whirlwind"],"picked":"Shockwave","floor":3.0},{"not_picked":["Fire Breathing","Cleave"],"picked":"Uppercut","floor":4.0},{"not_picked":["Blood for Blood","Hemokinesis","Sword Boomerang"],"picked":"SKIP","floor":7.0},{"not_picked":["Twin Strike","Second Wind"],"picked":"Shrug It Off","floor":8.0},{"not_picked":["Headbutt","Rupture","Bloodletting"],"picked":"SKIP","floor":10.0},{"not_picked":["Rage","Pommel Strike"],"picked":"Intimidate","floor":11.0},{"not_picked":["Armaments","Sword Boomerang"],"picked":"Iron Wave","floor":12.0},{"not_picked":["Shrug It Off","Iron Wave"],"picked":"Body Slam","floor":14.0},{"not_picked":["Fiend Fire","Double Tap"],"picked":"Demon Form","floor":16.0},{"not_picked":["Searing Blow+1","Perfected Strike+1"],"picked":"Shrug It Off+1","floor":18.0},{"not_picked":["Wild Strike+1","Shockwave","Clash"],"picked":"SKIP","floor":22.0},{"not_picked":["Second Wind","Havoc"],"picked":"Disarm+1","floor":27.0},{"not_picked":["Power Through","Rupture"],"picked":"True Grit+1","floor":29.0},{"not_picked":["Combust","Inflame"],"picked":"Barricade","floor":30.0},{"not_picked":["Warcry","Carnage+1","Armaments"],"picked":"SKIP","floor":30.0},{"not_picked":["Perfected Strike","Intimidate+1"],"picked":"Clothesline+1","floor":31.0},{"not_picked":["Inflame+1","Thunderclap+1","Shockwave"],"picked":"SKIP","floor":31.0},{"not_picked":["Offering","Feed"],"picked":"Reaper","floor":33.0},{"not_picked":["Havoc","Clash+1"],"picked":"Burning Pact+1","floor":35},{"not_picked":["Searing Blow","Perfected Strike","Iron Wave+1"],"picked":"SKIP","floor":35},{"not_picked":["Flex+1","Corruption","True Grit+1"],"picked":"SKIP","floor":39},{"not_picked":["Clash","Thunderclap","Perfected Strike"],"picked":"SKIP","floor":39},{"not_picked":["Heavy Blade+1","Pommel Strike+1","Cleave+1"],"picked":"SKIP","floor":42},{"not_picked":["Body Slam+1","Sword Boomerang","Rupture+1"],"picked":"SKIP","floor":42},{"not_picked":["Immolate","Warcry+1","Heavy Blade+1"],"picked":"SKIP","floor":44},{"not_picked":["Shrug It Off+1","Wild Strike+1","Iron Wave"],"picked":"SKIP","floor":44},{"not_picked":["Body Slam+1","Metallicize","Clash"],"picked":"SKIP","floor":47},{"not_picked":["Disarm+1","Clash+1","Flex+1"],"picked":"SKIP","floor":47}],"player_experience":2148381,"relics_obtained":[{"floor":7.0,"key":"Bag of Marbles"},{"floor":9.0,"key":"Centennial Puzzle"},{"floor":11.0,"key":"Self Forming Clay"},{"floor":24.0,"key":"Nilry\u0027s Codex"},{"floor":26.0,"key":"Juzu Bracelet"},{"floor":29.0,"key":"Prayer Wheel"},{"floor":34,"key":"Red Skull"},{"floor":34,"key":"The Courier"},{"floor":34,"key":"Peace Pipe"},{"floor":38,"key":"Ginger"},{"floor":43,"key":"Omamori"}],"event_choices":[{"damage_healed":0.0,"max_hp_gain":0.0,"max_hp_loss":0.0,"gold_gain":0.0,"event_name":"Living Wall","player_choice":"Grow","floor":5.0,"gold_loss":0.0,"damage_taken":0.0,"cards_upgraded":["Shockwave"]},{"damage_healed":0.0,"max_hp_gain":0.0,"max_hp_loss":0.0,"gold_gain":0.0,"event_name":"Addict","player_choice":"Obtained Relic","floor":19.0,"gold_loss":85.0,"damage_taken":0.0,"relics_obtained":["Blood Vial"]},{"damage_healed":0.0,"max_hp_gain":0.0,"max_hp_loss":0.0,"gold_gain":0.0,"event_name":"The Library","player_choice":"Read","floor":21.0,"gold_loss":0.0,"damage_taken":0.0,"cards_obtained":["Entrench"]},{"damage_healed":0.0,"max_hp_gain":0.0,"max_hp_loss":0.0,"gold_gain":0.0,"event_name":"Cursed Tome","player_choice":"Obtained Book","floor":24.0,"gold_loss":0.0,"damage_taken":16.0},{"damage_healed":0.0,"max_hp_gain":0.0,"max_hp_loss":0.0,"gold_gain":99.0,"event_name":"Nest","player_choice":"Stole From Cult","floor":28.0,"gold_loss":0.0,"damage_taken":0.0},{"damage_healed":0,"gold_gain":0,"player_choice":"Ignored","damage_taken":0,"max_hp_gain":0,"max_hp_loss":0,"event_name":"Tomb of Lord Red Mask","floor":36,"gold_loss":0},{"cards_removed":["Strike_R"],"damage_healed":0,"gold_gain":0,"player_choice":"Removed Attack","damage_taken":0,"max_hp_gain":0,"max_hp_loss":0,"event_name":"Falling","floor":37,"gold_loss":0},{"damage_healed":0,"gold_gain":0,"player_choice":"Fight","damage_taken":0,"max_hp_gain":0,"max_hp_loss":0,"event_name":"Mysterious Sphere","floor":38,"gold_loss":0},{"damage_healed":0,"gold_gain":0,"player_choice":"Max HP","damage_taken":0,"max_hp_gain":0,"max_hp_loss":4,"event_name":"Winding Halls","floor":48,"gold_loss":0}],"is_beta":false,"boss_relics":[{"not_picked":["Velvet Choker","Astrolabe"],"picked":"Cursed Key"},{"not_picked":["Runic Pyramid","Coffee Dripper"],"picked":"Calling Bell"}],"items_purged_floors":[2,41,46],"is_endless":false,"potions_floor_spawned":[1,3,11,12,16,18,27,39,44,47],"ascension_level":8}