{"gold_per_floor":[109,109,119,5,180,180,195,195,241,253,340,366,394,420,432,444],"floor_reached":16,"playtime":429,"items_purged":["Strike_G"],"score":92,"play_id":"e4a43698-7c58-4935-be83-b1e5df8d1bd5","local_time":"20190820073134","is_ascension_mode":false,"campfire_choices":[{"data":"Glass Knife","floor":6,"key":"SMITH"},{"data":"Backflip","floor":10,"key":"SMITH"},{"floor":15,"key":"REST"}],"neow_cost":"NONE","seed_source_timestamp":438663497481533,"circlet_count":0,"master_deck":["Strike_G","Strike_G","Strike_G","Strike_G","Defend_G","Defend_G","Defend_G","Defend_G","Defend_G","Survivor","Neutralize","Glass Knife+1","Slice","Deflect","Escape Plan","Doubt","Backflip+1","Catalyst","Backflip"],"relics":["Ring of the Snake","Golden Idol","MawBank"],"potions_floor_usage":[16],"damage_taken":[{"damage":0,"enemies":"Small Slimes","floor":1,"turns":3},{"damage":0,"enemies":"2 Louse","floor":3,"turns":3},{"damage":2,"enemies":"Jaw Worm","floor":7,"turns":2},{"damage":4,"enemies":"Lots of Slimes","floor":12,"turns":6},{"damage":3,"enemies":"Gremlin Gang","floor":13,"turns":9},{"damage":0,"enemies":"3 Louse","floor":14,"turns":3},{"damage":23,"enemies":"Slime Boss","floor":16,"turns":9}],"seed_played":"2547224153885195692","potions_obtained":[{"floor":3,"key":"Poison Potion"},{"floor":14,"key":"GhostInAJar"}],"is_trial":false,"path_per_floor":["M","?","M","$","?","R","M","?","T","R","?","M","M","M","R","B"],"character_chosen":"THE_SILENT","items_purchased":["Escape Plan"],"campfire_rested":1,"item_purchase_floors":[4],"current_hp_per_floor":[70,75,75,75,75,75,73,69,69,69,58,54,51,51,69,46],"gold":444,"neow_bonus":"ONE_RANDOM_RARE_CARD","is_prod":false,"is_daily":false,"chose_seed":false,"campfire_upgraded":2,"win_rate":0,"timestamp":1566257494,"path_taken":["M","?","M","$","?","R","M","?","T","R","?","?","M","M","R","BOSS"],"build_version":"2019-07-17","purchased_purges":1,"victory":false,"max_hp_per_floor":[70,75,75,75,75,75,75,69,69,69,69,69,69,69,69,69],"card_choices":[{"not_picked":["Prepared","Setup"],"picked":"Slice","floor":1},{"not_picked":["Reflex","Slice"],"picked":"Deflect","floor":3},{"not_picked":["Choke","Outmaneuver"],"picked":"Backflip","floor":7},{"not_picked":["Sucker Punch","Acrobatics"],"picked":"Catalyst","floor":12},{"not_picked":["Quick Slash","Underhanded Strike","Bullet Time"],"picked":"SKIP","floor":13},{"not_picked":["Flying Knee","Blur"],"picked":"Backflip","floor":14}],"player_experience":219193,"relics_obtained":[{"floor":9,"key":"MawBank"}],"event_choices":[{"damage_healed":0,"gold_gain":0,"player_choice":"Donut","damage_taken":0,"max_hp_gain":5,"max_hp_loss":0,"event_name":"Big Fish","floor":2,"gold_loss":0},{"damage_healed":0,"gold_gain":175,"player_choice":"AGREE","damage_taken":0,"max_hp_gain":0,"max_hp_loss":0,"event_name":"Liars Game","floor":5,"gold_loss":0,"cards_obtained":["Doubt"]},{"damage_healed":0,"gold_gain":0,"player_choice":"Lose Max HP","damage_taken":0,"relics_obtained":["Golden Idol"],"max_hp_gain":0,"max_hp_loss":6,"event_name":"Golden Idol","floor":8,"gold_loss":0},{"damage_healed":0,"gold_gain":75,"player_choice":"Gather Gold","damage_taken":11,"max_hp_gain":0,"max_hp_loss":0,"event_name":"World of Goop","floor":11,"gold_loss":0}],"is_beta":false,"boss_relics":[],"items_purged_floors":[4],"is_endless":false,"potions_floor_spawned":[3,14],"killed_by":"Slime Boss","ascension_level":0}