{"gold_per_floor":[112,125,145,115,115,146,146,181,230,230,243,274,274,291,291,387,387,399,412,62,75,0,0,55,4,49,61,79,79,7,20,20,20],"floor_reached":33,"playtime":1638,"items_purged":["Armaments"],"score":287,"play_id":"dda8123b-61b0-4978-872e-18e6a5588db1","local_time":"20190412190409","daily_mods":["Draft","Vintage"],"is_ascension_mode":false,"campfire_choices":[{"data":"Heavy Blade","floor":7,"key":"SMITH"},{"data":"Armaments","floor":10,"key":"SMITH"},{"data":"Rupture","floor":13,"key":"SMITH"},{"data":"Metallicize","floor":15,"key":"SMITH"},{"data":"Berserk","floor":23,"key":"SMITH"},{"data":"Entrench","floor":29,"key":"SMITH"},{"floor":32,"key":"REST"}],"neow_cost":"","seed_source_timestamp":0,"circlet_count":0,"master_deck":["Metallicize+1","Body Slam","Twin Strike","Iron Wave","Flex+1","Armaments+1","Twin Strike","Clothesline","Heavy Blade+1","Entrench+1","Warcry+1","Heavy Blade","Shrug It Off","Rupture+1","Berserk+1","Spot Weakness","Clash+1","Evolve"],"relics":["Burning Blood","Letter Opener","Bronze Scales","PreservedInsect","Potion Belt","Shuriken","Boot","Dodecahedron","Question Card","Happy Flower","Black Star","Smiling Mask","War Paint","Molten Egg 2","Pantograph","Tiny Chest","Sundial","Pen Nib","Lantern","Ancient Tea Set","Prayer Wheel"],"potions_floor_usage":[6,21,21,24,33,33],"damage_taken":[{"damage":4,"enemies":"2 Louse","floor":1,"turns":3},{"damage":0,"enemies":"Small Slimes","floor":2,"turns":3},{"damage":1,"enemies":"Jaw Worm","floor":3,"turns":3},{"damage":1,"enemies":"3 Sentries","floor":6,"turns":3},{"damage":10,"enemies":"Lagavulin","floor":8,"turns":4},{"damage":10,"enemies":"Lots of Slimes","floor":11,"turns":4},{"damage":4,"enemies":"3 Sentries","floor":12,"turns":5},{"damage":4,"enemies":"Looter","floor":14,"turns":2},{"damage":43,"enemies":"Slime Boss","floor":16,"turns":12},{"damage":0,"enemies":"Chosen","floor":18,"turns":3},{"damage":9,"enemies":"Shell Parasite","floor":19,"turns":5},{"damage":19,"enemies":"3 Cultists","floor":21,"turns":5},{"damage":22,"enemies":"Book of Stabbing","floor":24,"turns":4},{"damage":12,"enemies":"Snecko","floor":27,"turns":3},{"damage":10,"enemies":"Centurion and Healer","floor":28,"turns":4},{"damage":30,"enemies":"Sentry and Sphere","floor":31,"turns":5},{"damage":73,"enemies":"Automaton","floor":33,"turns":6}],"seed_played":"-3509011132022186300","potions_obtained":[{"floor":1,"key":"SkillPotion"},{"floor":8,"key":"FearPotion"},{"floor":16,"key":"Fire Potion"},{"floor":18,"key":"LiquidBronze"},{"floor":31,"key":"Swift Potion"}],"is_trial":true,"path_per_floor":["M","M","M","?","?","E","R","E","T","R","M","E","R","M","R","B",null,"M","M","$","M","?","R","E","$","T","M","M","R","$","M","R","B"],"character_chosen":"IRONCLAD","items_purchased":["Molten Egg 2","Energy Potion","Clash+1","Evolve"],"campfire_rested":1,"item_purchase_floors":[20,20,25,30],"current_hp_per_floor":[80,80,80,80,80,80,80,76,76,76,72,74,74,76,76,39,80,80,77,77,64,64,64,48,48,48,42,38,38,38,14,38,0],"gold":20,"neow_bonus":"","is_prod":false,"is_daily":false,"chose_seed":false,"campfire_upgraded":6,"win_rate":0.0,"timestamp":1555067049,"path_taken":["M","M","M","?","?","E","R","E","T","R","M","E","R","M","R","BOSS","M","M","$","M","?","R","E","$","T","M","M","R","$","M","R","BOSS"],"build_version":"2019-01-23","purchased_purges":1,"victory":false,"max_hp_per_floor":[80,80,80,80,80,80,80,80,80,80,80,80,80,80,80,80,80,80,80,80,80,80,80,80,80,80,80,80,80,80,80,80,80],"card_choices":[{"not_picked":["Sword Boomerang","Rage"],"picked":"Metallicize","floor":0},{"not_picked":["Twin Strike","Heavy Blade"],"picked":"Body Slam","floor":0},{"not_picked":["Sentinel","Reckless Charge"],"picked":"Twin Strike","floor":0},{"not_picked":["Perfected Strike","Body Slam"],"picked":"Iron Wave","floor":0},{"not_picked":["Corruption","Sentinel"],"picked":"Flex","floor":0},{"not_picked":["Spot Weakness","Sword Boomerang"],"picked":"Armaments","floor":0},{"not_picked":["Power Through","Cleave"],"picked":"Armaments","floor":0},{"not_picked":["Battle Trance","Perfected Strike"],"picked":"Twin Strike","floor":0},{"not_picked":["Cleave","Flex"],"picked":"Clothesline","floor":0},{"not_picked":["Headbutt","Pommel Strike"],"picked":"Heavy Blade","floor":0},{"not_picked":["Iron Wave","Anger"],"picked":"Entrench","floor":0},{"not_picked":["Clothesline","Wild Strike"],"picked":"Warcry","floor":0},{"not_picked":["Clothesline","Perfected Strike"],"picked":"Heavy Blade","floor":0},{"not_picked":["Perfected Strike","Thunderclap"],"picked":"Clothesline","floor":0},{"not_picked":["Flex","Warcry"],"picked":"Shrug It Off","floor":0},{"not_picked":["Corruption","Shrug It Off","Disarm"],"picked":"SKIP","floor":6},{"not_picked":["Uppercut","Havoc","Clothesline"],"picked":"SKIP","floor":8},{"not_picked":["Corruption","Body Slam"],"picked":"Rupture","floor":12},{"not_picked":["Double Tap","Dark Embrace","Brutality"],"picked":"Berserk","floor":16},{"not_picked":["Uppercut+1","Shrug It Off+1","Wild Strike+1"],"picked":"Spot Weakness","floor":24}],"player_experience":54074,"relics_obtained":[{"floor":1,"key":"Letter Opener"},{"floor":2,"key":"Bronze Scales"},{"floor":3,"key":"PreservedInsect"},{"floor":6,"key":"Potion Belt"},{"floor":8,"key":"Shuriken"},{"floor":9,"key":"Boot"},{"floor":11,"key":"Dodecahedron"},{"floor":12,"key":"Question Card"},{"floor":14,"key":"Happy Flower"},{"floor":18,"key":"Smiling Mask"},{"floor":19,"key":"War Paint"},{"floor":21,"key":"Pantograph"},{"floor":24,"key":"Tiny Chest"},{"floor":24,"key":"Sundial"},{"floor":26,"key":"Pen Nib"},{"floor":27,"key":"Lantern"},{"floor":28,"key":"Ancient Tea Set"},{"floor":31,"key":"Prayer Wheel"}],"event_choices":[{"damage_healed":0,"gold_gain":0,"player_choice":"Left Gold","damage_taken":0,"max_hp_gain":0,"max_hp_loss":0,"event_name":"World of Goop","floor":4,"gold_loss":30},{"damage_healed":0,"gold_gain":0,"player_choice":"Fled","damage_taken":0,"max_hp_gain":0,"max_hp_loss":0,"event_name":"Scrap Ooze","floor":5,"gold_loss":0},{"cards_removed":["Clothesline"],"damage_healed":0,"gold_gain":0,"player_choice":"Gave Gold","damage_taken":0,"max_hp_gain":0,"max_hp_loss":0,"event_name":"Beggar","floor":22,"gold_loss":75}],"is_beta":false,"boss_relics":[{"not_picked":["Snecko Eye","White Beast Statue"],"picked":"Black Star"}],"items_purged_floors":[20],"is_endless":false,"potions_floor_spawned":[1,8,16,18,31],"killed_by":"Automaton","ascension_level":0}