{"gold_per_floor":[367,45,61,77,91,91,266,283,283,296,246,210,11,23,23,121,121,137,137,24,24,43,69,69,82,109,34,44,44,60,7,7,102,102,112,112,112,125,139,139,139,139,139,139,172,172,185,202,202,202],"floor_reached":51,"playtime":10979,"items_purged":["Pain"],"score":921,"play_id":"2ddc9254-0b42-4774-891a-9032878ecdb0","local_time":"20190727012718","is_ascension_mode":true,"campfire_choices":[{"data":"Riddle With Holes","floor":6.0,"key":"SMITH"},{"floor":15.0,"key":"REST"},{"floor":24.0,"key":"REST"},{"floor":32.0,"key":"REST"},{"floor":40,"key":"REST"},{"floor":42,"key":"REST"},{"floor":44,"key":"RECALL"},{"floor":46,"key":"REST"},{"floor":49,"key":"REST"}],"neow_cost":"CURSE","seed_source_timestamp":5470108751730093,"circlet_count":0,"master_deck":["Strike_G","Strike_G","Strike_G","Strike_G","Strike_G","Defend_G","Defend_G","Defend_G","Defend_G","Defend_G","Survivor","Neutralize","Riddle With Holes+1","Noxious Fumes","Cloak And Dagger","Bane","Leg Sweep","Crippling Poison","Envenom","Bane+1","Blur","A Thousand Cuts","Heel Hook+1","Riddle With Holes+1","Leg Sweep","Dodge and Roll+1","Burst","Backflip","Deflect","PiercingWail","Corpse Explosion","Writhe","Concentrate","Footwork+1","Prepared+1"],"special_seed":0,"relics":["Ring of the Snake","Pantograph","Molten Egg 2","Fusion Hammer","WarpedTongs","Regal Pillow","Centennial Puzzle","Lizard Tail","Ninja Scroll","Tough Bandages"],"potions_floor_usage":[39,50],"damage_taken":[{"damage":5.0,"enemies":"Jaw Worm","floor":1.0,"turns":7.0},{"damage":0.0,"enemies":"2 Louse","floor":3.0,"turns":4.0},{"damage":2.0,"enemies":"Small Slimes","floor":4.0,"turns":3.0},{"damage":5.0,"enemies":"2 Fungi Beasts","floor":5.0,"turns":3.0},{"damage":23.0,"enemies":"Exordium Thugs","floor":8.0,"turns":7.0},{"damage":0.0,"enemies":"Blue Slaver","floor":10.0,"turns":3.0},{"damage":2.0,"enemies":"Gremlin Gang","floor":14.0,"turns":5.0},{"damage":29.0,"enemies":"Hexaghost","floor":16.0,"turns":11.0},{"damage":13.0,"enemies":"Chosen","floor":18.0,"turns":7.0},{"damage":5.0,"enemies":"2 Thieves","floor":22.0,"turns":4.0},{"damage":42.0,"enemies":"Slavers","floor":23.0,"turns":6.0},{"damage":1.0,"enemies":"Centurion and Healer","floor":25.0,"turns":6.0},{"damage":17.0,"enemies":"Chosen and Byrds","floor":28.0,"turns":6.0},{"damage":15.0,"enemies":"3 Cultists","floor":30.0,"turns":6.0},{"damage":59.0,"enemies":"Collector","floor":33.0,"turns":13.0},{"damage":7,"enemies":"Orb Walker","floor":35,"turns":5},{"damage":1,"enemies":"3 Shapes","floor":38,"turns":9},{"damage":51,"enemies":"Transient","floor":39,"turns":5},{"damage":28,"enemies":"Nemesis","floor":45,"turns":9},{"damage":51,"enemies":"Spire Growth","floor":47,"turns":7},{"damage":6,"enemies":"Sphere and 2 Shapes","floor":48,"turns":11},{"damage":25,"enemies":"Awakened One","floor":50,"turns":19}],"seed_played":"-7893372566996095344","potions_obtained":[{"floor":1.0,"key":"GhostInAJar"},{"floor":5.0,"key":"Strength Potion"},{"floor":14.0,"key":"Swift Potion"},{"floor":18.0,"key":"Strength Potion"},{"floor":23.0,"key":"SteroidPotion"},{"floor":30.0,"key":"Poison Potion"},{"floor":38,"key":"Weak Potion"},{"floor":48,"key":"Fire Potion"}],"is_trial":false,"path_per_floor":["M","$","M","M","M","R","?","M","T","M","?","?","$","M","R","B",null,"M","?","$","?","M","E","R","M","T","?","M","?","M","$","R","B",null,"M","?","?","M","M","R","?","R","T","R","E","R","M","M","R","B",null],"character_chosen":"THE_SILENT","items_purchased":["Noxious Fumes","Pantograph","Envenom","Bane+1","Riddle With Holes+1","PiercingWail"],"campfire_rested":7,"item_purchase_floors":[2,2,13,13,20,31],"current_hp_per_floor":[58,58,58,56,51,51,51,28,28,28,28,28,28,26,47,41,63,50,50,50,50,45,3,39,38,38,38,21,21,6,6,42,8,55,48,48,66,65,14,50,50,70,70,70,42,70,19,13,49,45],"gold":202,"neow_bonus":"TWO_FIFTY_GOLD","is_prod":false,"is_daily":false,"chose_seed":false,"campfire_upgraded":1,"win_rate":0,"timestamp":1564212438,"path_taken":["M","$","M","M","M","R","?","M","T","M","?","?","$","M","R","BOSS","M","?","?","?","M","E","R","?","T","?","M","?","M","$","R","BOSS","M","?","?","M","M","R","?","R","T","R","E","R","M","?","R","BOSS"],"build_version":"2019-07-17","purchased_purges":1,"victory":true,"max_hp_per_floor":[70,70,70,70,70,70,70,70,70,70,70,70,70,70,70,70,70,70,70,70,70,70,70,70,70,70,70,70,70,70,70,70,70,70,70,70,70,70,70,70,70,70,70,70,70,70,70,70,70,70],"card_choices":[{"not_picked":["Sucker Punch","Blur"],"picked":"Riddle With Holes","floor":1.0},{"not_picked":["Noxious Fumes","Outmaneuver"],"picked":"Cloak And Dagger","floor":3.0},{"not_picked":["Dodge and Roll","Dagger Throw"],"picked":"Bane","floor":4.0},{"not_picked":["Poisoned Stab","Tactician"],"picked":"Leg Sweep","floor":5.0},{"not_picked":["Reflex","Slice"],"picked":"Crippling Poison","floor":8.0},{"not_picked":["Prepared","Deadly Poison","All Out Attack+1"],"picked":"SKIP","floor":10.0},{"not_picked":["Bouncing Flask","PiercingWail"],"picked":"Blur","floor":14.0},{"not_picked":["Night Terror","Die Die Die+1"],"picked":"A Thousand Cuts","floor":16.0},{"not_picked":["Choke+1","Blade Dance"],"picked":"Heel Hook+1","floor":18.0},{"not_picked":["Tactician","Blade Dance"],"picked":"Dodge and Roll+1","floor":22.0},{"not_picked":["Slice+1","Deadly Poison"],"picked":"Burst","floor":23.0},{"not_picked":["Accuracy","Outmaneuver","Masterful Stab+1"],"picked":"SKIP","floor":25.0},{"not_picked":["Deflect+1","Bouncing Flask"],"picked":"Backflip","floor":28.0},{"not_picked":["Slice+1","Predator+1"],"picked":"Deflect","floor":30.0},{"not_picked":["Venomology","Unload+1"],"picked":"Corpse Explosion","floor":33.0},{"not_picked":["Dodge and Roll","Flying Knee+1","Leg Sweep"],"picked":"SKIP","floor":35},{"not_picked":["Terror","Underhanded Strike+1"],"picked":"Concentrate","floor":38},{"not_picked":["Dagger Throw+1","Tactician+1","Dagger Spray+1"],"picked":"SKIP","floor":39},{"not_picked":["Bullet Time","Slice+1"],"picked":"Footwork+1","floor":45},{"not_picked":["Leg Sweep","Quick Slash+1","Endless Agony+1"],"picked":"SKIP","floor":47},{"not_picked":["Dodge and Roll","Dagger Throw+1"],"picked":"Prepared+1","floor":48}],"player_experience":1996998,"relics_obtained":[{"floor":9.0,"key":"Molten Egg 2"},{"floor":23.0,"key":"Regal Pillow"},{"floor":26.0,"key":"Centennial Puzzle"},{"floor":43,"key":"Ninja Scroll"},{"floor":45,"key":"Tough Bandages"}],"event_choices":[{"damage_healed":0.0,"max_hp_gain":0.0,"max_hp_loss":0.0,"gold_gain":175.0,"event_name":"Liars Game","player_choice":"AGREE","floor":7.0,"gold_loss":0.0,"damage_taken":0.0,"cards_obtained":["Doubt"]},{"cards_removed":["Doubt"],"damage_healed":0.0,"max_hp_gain":0.0,"max_hp_loss":0.0,"gold_gain":0.0,"event_name":"The Cleric","player_choice":"Card Removal","floor":11.0,"gold_loss":50.0,"damage_taken":0.0},{"damage_healed":0.0,"max_hp_gain":0.0,"max_hp_loss":0.0,"gold_gain":0.0,"event_name":"World of Goop","player_choice":"Left Gold","floor":12.0,"gold_loss":36.0,"damage_taken":0.0},{"damage_healed":0.0,"max_hp_gain":0.0,"max_hp_loss":0.0,"gold_gain":0.0,"event_name":"Accursed Blacksmith","player_choice":"Rummage","floor":19.0,"gold_loss":0.0,"damage_taken":0.0,"relics_obtained":["WarpedTongs"],"cards_obtained":["Pain"]},{"damage_healed":0.0,"max_hp_gain":0.0,"max_hp_loss":0.0,"gold_gain":0.0,"event_name":"Duplicator","player_choice":"Copied","floor":21.0,"gold_loss":0.0,"damage_taken":0.0,"cards_obtained":["Leg Sweep"]},{"cards_removed":["Clumsy"],"damage_healed":0.0,"max_hp_gain":0.0,"max_hp_loss":0.0,"gold_gain":0.0,"event_name":"Beggar","player_choice":"Gave Gold","floor":27.0,"gold_loss":75.0,"damage_taken":0.0},{"damage_healed":0,"gold_gain":0,"player_choice":"Ignored","damage_taken":0,"max_hp_gain":0,"max_hp_loss":0,"event_name":"Tomb of Lord Red Mask","floor":36,"gold_loss":0},{"damage_healed":18,"gold_gain":0,"player_choice":"Writhe","damage_taken":0,"max_hp_gain":0,"max_hp_loss":0,"event_name":"Winding Halls","floor":37,"gold_loss":0,"cards_obtained":["Writhe"]},{"damage_healed":0,"gold_gain":0,"player_choice":"Ignored","damage_taken":0,"max_hp_gain":0,"max_hp_loss":0,"event_name":"SecretPortal","floor":41,"gold_loss":0}],"is_beta":false,"boss_relics":[{"not_picked":["HoveringKite","Coffee Dripper"],"picked":"Fusion Hammer"},{"not_picked":["WristBlade","Calling Bell"],"picked":"Lizard Tail"}],"items_purged_floors":[20],"is_endless":false,"potions_floor_spawned":[1,5,14,18,23,30,38,48],"ascension_level":7}