{"gold_per_floor":[116,41,57,70,70,70,70,100,154,172,20,34,68,82,82,177,177,189,279,25,35,35,35,35],"floor_reached":24,"playtime":1042,"items_purged":["Strike_R","Strike_R"],"score":206,"play_id":"7bf64ff7-fc9a-4395-b68a-0a1fd49d80a9","local_time":"20190411095856","is_ascension_mode":false,"campfire_choices":[{"data":"True Grit","floor":6,"key":"SMITH"},{"data":"Flex","floor":15,"key":"SMITH"},{"floor":23,"key":"REST"}],"neow_cost":"NONE","seed_source_timestamp":4142959859711,"circlet_count":0,"master_deck":["Strike_R+1","Strike_R+1","Defend_R+1","Defend_R+1","Defend_R+1","Defend_R+1","Bash","Heavy Blade","Heavy Blade","Shrug It Off","True Grit+1","Iron Wave","Anger","Flex+1","Armaments","Rampage","Barricade","Dual Wield","Juggernaut","Swift Strike"],"relics":["Black Blood","PreservedInsect","Happy Flower","Omamori","Blood Vial"],"potions_floor_usage":[8,10,13,13,13,13,13,16,16,16,21],"damage_taken":[{"damage":9,"enemies":"Small Slimes","floor":1,"turns":4},{"damage":5,"enemies":"Jaw Worm","floor":3,"turns":4},{"damage":8,"enemies":"2 Louse","floor":4,"turns":3},{"damage":14,"enemies":"Gremlin Nob","floor":8,"turns":3},{"damage":8,"enemies":"Red Slaver","floor":10,"turns":5},{"damage":9,"enemies":"Large Slime","floor":12,"turns":8},{"damage":10,"enemies":"Lagavulin","floor":13,"turns":3},{"damage":6,"enemies":"Exordium Wildlife","floor":14,"turns":7},{"damage":58,"enemies":"Hexaghost","floor":16,"turns":13},{"damage":31,"enemies":"Shell Parasite","floor":18,"turns":8},{"damage":37,"enemies":"3 Byrds","floor":21,"turns":7},{"damage":48,"enemies":"Slavers","floor":24,"turns":4}],"seed_played":"-6930154322553565364","potions_obtained":[{"floor":3,"key":"Strength Potion"},{"floor":4,"key":"SteroidPotion"},{"floor":8,"key":"Swift Potion"},{"floor":12,"key":"EntropicBrew"},{"floor":18,"key":"Weak Potion"}],"is_trial":false,"path_per_floor":["M","$","M","M","?","R","?","E","T","M","$","M","E","M","R","B",null,"M","?","$","M","?","R","E"],"character_chosen":"IRONCLAD","items_purchased":["Flex","Juggernaut","Swift Strike"],"campfire_rested":1,"item_purchase_floors":[11,20,20],"current_hp_per_floor":[77,77,78,76,76,76,76,68,68,66,66,63,59,61,61,11,80,59,43,43,18,18,42,0],"gold":35,"neow_bonus":"TRANSFORM_CARD","is_prod":false,"is_daily":false,"chose_seed":false,"campfire_upgraded":2,"win_rate":0.0,"timestamp":1554947936,"path_taken":["M","$","M","M","?","R","?","E","T","M","$","M","E","M","R","BOSS","M","?","$","?","?","R","E"],"build_version":"2019-01-23","purchased_purges":2,"victory":false,"max_hp_per_floor":[80,80,80,80,80,80,80,80,80,80,80,80,80,80,80,80,80,80,80,80,80,80,80,80],"card_choices":[{"not_picked":["Cleave","Perfected Strike"],"picked":"Heavy Blade","floor":1},{"not_picked":["Perfected Strike","Battle Trance"],"picked":"Shrug It Off","floor":3},{"not_picked":["Reckless Charge","Carnage"],"picked":"True Grit","floor":4},{"not_picked":["Wild Strike","Cleave"],"picked":"Iron Wave","floor":8},{"not_picked":["Ghostly Armor","Wild Strike"],"picked":"Anger","floor":10},{"not_picked":["Rampage","Ghostly Armor","Dropkick"],"picked":"SKIP","floor":12},{"not_picked":["Anger","Carnage"],"picked":"Armaments","floor":13},{"not_picked":["Dual Wield","Warcry"],"picked":"Rampage","floor":14},{"not_picked":["Double Tap","Juggernaut"],"picked":"Barricade","floor":16},{"not_picked":["Warcry","Perfected Strike"],"picked":"Dual Wield","floor":18},{"not_picked":["Heavy Blade","Wild Strike","Body Slam"],"picked":"SKIP","floor":21}],"player_experience":24062,"relics_obtained":[{"floor":8,"key":"Happy Flower"},{"floor":9,"key":"Omamori"},{"floor":13,"key":"Blood Vial"}],"event_choices":[{"damage_healed":0,"gold_gain":0,"player_choice":"Ignored","damage_taken":0,"max_hp_gain":0,"max_hp_loss":0,"event_name":"Liars Game","floor":5,"gold_loss":0},{"damage_healed":0,"gold_gain":0,"player_choice":"Searched \u00271\u0027 times","damage_taken":0,"relics_obtained":["PreservedInsect"],"max_hp_gain":0,"max_hp_loss":0,"event_name":"Dead Adventurer","floor":7,"gold_loss":0},{"damage_healed":0,"gold_gain":90,"player_choice":"GOLD ","damage_taken":16,"max_hp_gain":0,"max_hp_loss":0,"event_name":"Knowing Skull","floor":19,"potions_obtained":[],"gold_loss":0,"cards_obtained":[]},{"damage_healed":0,"gold_gain":0,"player_choice":"Simplicity","damage_taken":0,"max_hp_gain":0,"max_hp_loss":0,"event_name":"Back to Basics","floor":22,"gold_loss":0,"cards_upgraded":["Strike_R","Strike_R","Defend_R","Defend_R","Defend_R","Defend_R"]}],"is_beta":false,"boss_relics":[{"not_picked":["Coffee Dripper","Calling Bell"],"picked":"Black Blood"}],"items_purged_floors":[2,11],"is_endless":false,"potions_floor_spawned":[3,4,8,12,18],"killed_by":"Slavers","ascension_level":0}