{"gold_per_floor":[116,130,305,85,99,130,144,144,144,1,76,76,86,121,121,121],"floor_reached":16,"playtime":1060,"items_purged":["Doubt"],"score":121,"play_id":"54853b7c-2e2c-4efe-97ed-033b3c737165","local_time":"20181028235559","is_ascension_mode":true,"campfire_choices":[{"floor":8,"key":"REST"},{"floor":12,"key":"REST"},{"data":"Bash","floor":15,"key":"SMITH"}],"neow_cost":"NONE","seed_source_timestamp":6394393589765454,"circlet_count":0,"master_deck":["Strike_R","Strike_R","Strike_R","Strike_R","Strike_R","Defend_R","Defend_R","Defend_R","Defend_R","Bash+1","Shrug It Off","Shockwave","Body Slam","Metallicize","Headbutt","Limit Break"],"relics":["Burning Blood","NeowsBlessing","Omamori","Singing Bowl","Magic Flower","Gambling Chip"],"potions_floor_usage":[13,14,16,16],"damage_taken":[{"damage":0,"enemies":"2 Louse","floor":1,"turns":1},{"damage":0,"enemies":"Jaw Worm","floor":2,"turns":1},{"damage":0,"enemies":"Cultist","floor":5,"turns":1},{"damage":55,"enemies":"Gremlin Nob","floor":6,"turns":6},{"damage":3,"enemies":"Blue Slaver","floor":7,"turns":7},{"damage":5,"enemies":"3 Louse","floor":13,"turns":4},{"damage":38,"enemies":"Lagavulin","floor":14,"turns":9},{"damage":50,"enemies":"Hexaghost","floor":16,"turns":14}],"seed_played":"-4626566284251134890","potions_obtained":[{"floor":1,"key":"GamblersBrew"},{"floor":7,"key":"AttackPotion"},{"floor":13,"key":"SneckoOil"},{"floor":14,"key":"AttackPotion"}],"is_trial":false,"path_per_floor":["M","M","?","$","M","E","M","R","T","$","?","R","M","E","R"],"character_chosen":"IRONCLAD","items_purchased":["Omamori","Limit Break"],"campfire_rested":2,"item_purchase_floors":[4,10],"current_hp_per_floor":[80,80,80,80,80,31,34,58,58,58,47,71,77,50,50,0],"gold":121,"neow_bonus":"THREE_ENEMY_KILL","is_prod":false,"is_daily":false,"chose_seed":false,"campfire_upgraded":1,"win_rate":0,"timestamp":1540792559,"path_taken":["M","M","?","$","?","E","M","R","T","$","?","R","M","E","R","BOSS"],"build_version":"2018-10-25v2","purchased_purges":1,"victory":false,"max_hp_per_floor":[80,80,80,80,80,80,80,80,80,80,80,80,82,84,84,84],"card_choices":[{"not_picked":["Seeing Red","Intimidate"],"picked":"Shrug It Off","floor":1},{"not_picked":["Thunderclap","Armaments"],"picked":"Shockwave","floor":2},{"not_picked":["Iron Wave","Disarm"],"picked":"Body Slam","floor":5},{"not_picked":["Sever Soul","Power Through"],"picked":"Metallicize","floor":6},{"not_picked":["Havoc","Burning Pact"],"picked":"Headbutt","floor":7},{"not_picked":["Perfected Strike","Wild Strike","Cleave"],"picked":"Singing Bowl","floor":13},{"not_picked":["Dark Embrace","Disarm","Sever Soul"],"picked":"Singing Bowl","floor":14}],"player_experience":1010187,"relics_obtained":[{"floor":6,"key":"Singing Bowl"},{"floor":9,"key":"Magic Flower"},{"floor":14,"key":"Gambling Chip"}],"event_choices":[{"damage_healed":0,"gold_gain":175,"player_choice":"AGREE","damage_taken":0,"max_hp_gain":0,"max_hp_loss":0,"event_name":"Liars Game","floor":3,"gold_loss":0,"cards_obtained":["Doubt"]},{"damage_healed":0,"gold_gain":75,"player_choice":"Gather Gold","damage_taken":11,"max_hp_gain":0,"max_hp_loss":0,"event_name":"World of Goop","floor":11,"gold_loss":0}],"is_beta":false,"boss_relics":[],"items_purged_floors":[4],"is_endless":false,"potions_floor_spawned":[1,7,13,14],"killed_by":"Hexaghost","ascension_level":2}