{"gold_per_floor":[113,113,19,34,46,46,64,64,64,64,79,109,109,128,128,224,224,237,336,336,350,27,27,27],"floor_reached":24,"playtime":862,"items_purged":["Defend_G"],"score":186,"play_id":"c83eb0ae-ad83-4281-aba4-d563a72af2a7","local_time":"20190812111516","is_ascension_mode":false,"campfire_choices":[{"data":"Noxious Fumes","floor":6,"key":"SMITH"},{"data":"Backflip","floor":8,"key":"SMITH"},{"data":"Acrobatics","floor":10,"key":"SMITH"},{"data":"Calculated Gamble","floor":13,"key":"SMITH"},{"data":"Well Laid Plans","floor":15,"key":"SMITH"},{"data":"A Thousand Cuts","floor":23,"key":"SMITH"}],"neow_cost":"NONE","seed_source_timestamp":625229172703984,"circlet_count":0,"master_deck":["Strike_G","Strike_G","Strike_G","Strike_G","Strike_G","Defend_G","Defend_G","Defend_G","Defend_G","Survivor","Neutralize","Acrobatics+1","Deflect","Poisoned Stab","Noxious Fumes+1","Backflip+1","Crippling Poison","Calculated Gamble+1","Well Laid Plans+1","A Thousand Cuts+1","Backflip"],"relics":["Coffee Dripper","Question Card","Nloth\u0027s Gift","Sundial"],"potions_floor_usage":[11,14,14,16,24,24],"damage_taken":[{"damage":0,"enemies":"2 Louse","floor":1,"turns":2},{"damage":0,"enemies":"Cultist","floor":4,"turns":4},{"damage":0,"enemies":"Jaw Worm","floor":5,"turns":3},{"damage":0,"enemies":"Exordium Wildlife","floor":7,"turns":4},{"damage":5,"enemies":"Large Slime","floor":11,"turns":6},{"damage":0,"enemies":"Exordium Thugs","floor":14,"turns":4},{"damage":39,"enemies":"Slime Boss","floor":16,"turns":13},{"damage":32,"enemies":"Spheric Guardian","floor":18,"turns":6},{"damage":29,"enemies":"3 Byrds","floor":21,"turns":5},{"damage":9,"enemies":"Cultist and Chosen","floor":24,"turns":5}],"seed_played":"2749364070070750247","potions_obtained":[{"floor":2,"key":"Energy Potion"},{"floor":2,"key":"Weak Potion"},{"floor":2,"key":"SneckoOil"},{"floor":7,"key":"PowerPotion"},{"floor":14,"key":"Weak Potion"},{"floor":16,"key":"Dexterity Potion"},{"floor":21,"key":"EssenceOfSteel"}],"is_trial":false,"path_per_floor":["M","?","$","M","M","R","M","R","T","R","M","?","R","M","R","B",null,"M","?","?","M","$","R","M"],"character_chosen":"THE_SILENT","items_purchased":["Deflect","Poisoned Stab","Sundial"],"campfire_rested":0,"item_purchase_floors":[3,3,22],"current_hp_per_floor":[70,70,70,70,70,70,70,70,70,70,65,65,65,65,65,26,70,38,38,38,9,9,9,0],"gold":27,"neow_bonus":"BOSS_RELIC","is_prod":false,"is_daily":false,"chose_seed":false,"campfire_upgraded":6,"win_rate":0,"timestamp":1565579716,"path_taken":["M","?","$","M","M","R","M","R","T","R","?","?","R","M","R","BOSS","M","?","?","?","$","R","?"],"build_version":"2019-07-17","purchased_purges":1,"victory":false,"max_hp_per_floor":[70,70,70,70,70,70,70,70,70,70,70,70,70,70,70,70,70,70,70,70,70,70,70,70],"card_choices":[{"not_picked":["Setup","PiercingWail"],"picked":"Acrobatics","floor":1},{"not_picked":["PiercingWail","Deflect"],"picked":"Noxious Fumes","floor":4},{"not_picked":["Bane","Deadly Poison"],"picked":"Backflip","floor":5},{"not_picked":["Caltrops","All Out Attack"],"picked":"Crippling Poison","floor":7},{"not_picked":["Underhanded Strike","Accuracy","Quick Slash"],"picked":"Calculated Gamble","floor":11},{"not_picked":["Cloak And Dagger","Dodge and Roll","Malaise"],"picked":"Well Laid Plans","floor":14},{"not_picked":["Glass Knife","Storm of Steel","Unload"],"picked":"A Thousand Cuts","floor":16},{"not_picked":["Concentrate","Underhanded Strike+1","Deflect"],"picked":"Backflip","floor":18},{"not_picked":["Dodge and Roll+1","Flechettes","Quick Slash","All Out Attack"],"picked":"SKIP","floor":21}],"player_experience":177370,"relics_obtained":[{"floor":9,"key":"Question Card"}],"event_choices":[{"damage_healed":0,"gold_gain":0,"player_choice":"Got Potions","damage_taken":0,"max_hp_gain":0,"max_hp_loss":0,"event_name":"Lab","floor":2,"gold_loss":0},{"damage_healed":0,"gold_gain":30,"player_choice":"Searched \u00271\u0027 times","damage_taken":0,"max_hp_gain":0,"max_hp_loss":0,"event_name":"Dead Adventurer","floor":12,"gold_loss":0},{"damage_healed":0,"gold_gain":99,"player_choice":"Stole From Cult","damage_taken":0,"max_hp_gain":0,"max_hp_loss":0,"event_name":"Nest","floor":19,"gold_loss":0},{"damage_healed":0,"gold_gain":0,"player_choice":"Traded Relic","damage_taken":0,"relics_obtained":["Nloth\u0027s Gift"],"max_hp_gain":0,"max_hp_loss":0,"event_name":"N\u0027loth","floor":20,"relics_lost":["HoveringKite"],"gold_loss":0}],"is_beta":false,"boss_relics":[{"not_picked":["Orrery","Snecko Eye"],"picked":"HoveringKite"}],"items_purged_floors":[22],"is_endless":false,"potions_floor_spawned":[7,14,16,21],"killed_by":"Cultist and Chosen","ascension_level":0}