{"gold_per_floor":[109,109,123,143,161,161,174,174,254,254,11,11,45,62,62,158,158,171,270,270,270,23,23,55,55,78,178,178,178,188,188,188,284,284,298,298,398,424,38,38,55,55,80,93,24,35,0,17,17,17],"floor_reached":51,"playtime":7618,"items_purged":["Strike_R"],"score":763,"play_id":"5338ccc2-33ef-4017-b3b0-f46da3407c90","local_time":"20190127003940","is_ascension_mode":true,"campfire_choices":[{"data":"Armaments","floor":6.0,"key":"SMITH"},{"data":"Fiend Fire","floor":8.0,"key":"SMITH"},{"data":"Bash","floor":10.0,"key":"SMITH"},{"data":"Limit Break","floor":12.0,"key":"SMITH"},{"data":"Wild Strike","floor":15.0,"key":"SMITH"},{"data":"Iron Wave","floor":23.0,"key":"SMITH"},{"data":"Twin Strike","floor":25.0,"key":"SMITH"},{"floor":28.0,"key":"REST"},{"data":"Cleave","floor":32.0,"key":"SMITH"},{"data":"Mayhem","floor":40,"key":"SMITH"},{"data":"Demon Form","floor":42,"key":"SMITH"},{"data":"Evolve","floor":49,"key":"SMITH"}],"neow_cost":"NONE","seed_source_timestamp":0,"circlet_count":0,"master_deck":["Strike_R","Strike_R","Defend_R","Defend_R","Defend_R","Defend_R","Bash+1","Fiend Fire+1","Armaments+1","Wild Strike+1","Iron Wave+1","Cleave+1","Limit Break+1","Twin Strike+1","Spot Weakness+1","Impervious+1","Iron Wave+1","Shrug It Off+1","Warcry+1","Battle Trance+1","Impervious+1","Evolve+1","Mayhem+1","Thunderclap","Finesse+1","Bloodletting+1","Demon Form+1","Heavy Blade+1","Disarm+1","Clothesline+1"],"special_seed":0,"relics":["Burning Blood","Toxic Egg 2","Shuriken","Unceasing Top","Philosopher\u0027s Stone","Blood Vial","Paper Frog","Singing Bowl","Juzu Bracelet","Thread and Needle","Matryoshka","Empty Cage","Prayer Wheel","Pen Nib","Centennial Puzzle","PreservedInsect","Bag of Preparation","Regal Pillow","Red Mask"],"potions_floor_usage":[50,50],"damage_taken":[{"damage":3.0,"enemies":"2 Louse","floor":1.0,"turns":3.0},{"damage":2.0,"enemies":"Jaw Worm","floor":3.0,"turns":3.0},{"damage":1.0,"enemies":"Cultist","floor":4.0,"turns":3.0},{"damage":6.0,"enemies":"3 Louse","floor":5.0,"turns":2.0},{"damage":11.0,"enemies":"Looter","floor":7.0,"turns":2.0},{"damage":12.0,"enemies":"3 Sentries","floor":13.0,"turns":6.0},{"damage":20.0,"enemies":"Large Slime","floor":14.0,"turns":6.0},{"damage":56.0,"enemies":"Hexaghost","floor":16.0,"turns":6.0},{"damage":19.0,"enemies":"3 Byrds","floor":18.0,"turns":5.0},{"damage":25.0,"enemies":"Book of Stabbing","floor":24.0,"turns":3.0},{"damage":2.0,"enemies":"Colosseum Slavers","floor":27.0,"turns":3.0},{"damage":34.0,"enemies":"Colosseum Nobs","floor":27.0,"turns":5.0},{"damage":0.0,"enemies":"Chosen","floor":30.0,"turns":3.0},{"damage":50.0,"enemies":"Collector","floor":33.0,"turns":8.0},{"damage":31,"enemies":"3 Darklings","floor":35,"turns":4},{"damage":0,"enemies":"Mind Bloom Boss Battle","floor":37,"turns":7},{"damage":0,"enemies":"Orb Walker","floor":41,"turns":4},{"damage":0,"enemies":"Sphere and 2 Shapes","floor":44,"turns":5},{"damage":3,"enemies":"Writhing Mass","floor":46,"turns":5},{"damage":15,"enemies":"4 Shapes","floor":48,"turns":4},{"damage":29,"enemies":"Donu and Deca","floor":50,"turns":5}],"seed_played":"-6781399156436533886","potions_obtained":[{"floor":1.0,"key":"Dexterity Potion"},{"floor":4.0,"key":"Regen Potion"},{"floor":7.0,"key":"Poison Potion"},{"floor":16.0,"key":"GamblersBrew"},{"floor":18.0,"key":"Fire Potion"},{"floor":24.0,"key":"BloodPotion"},{"floor":33.0,"key":"SteroidPotion"},{"floor":35,"key":"SpeedPotion"},{"floor":37,"key":"PowerPotion"},{"floor":46,"key":"Strength Potion"}],"is_trial":false,"path_per_floor":["M","?","M","M","M","R","M","R","T","R","$","R","E","M","R","B",null,"M","?","?","?","$","R","E","R","T","?","R","?","M","?","R","B",null,"M","?","?","T","$","R","M","R","T","M","$","M","?","M","R","B",null],"character_chosen":"IRONCLAD","items_purchased":["Shuriken","Paper Frog","Finesse+1","PreservedInsect","Bloodletting+1","Disarm+1"],"campfire_rested":1,"item_purchase_floors":[11,22,39,39,39,45],"current_hp_per_floor":[80,80,80,80,80,80,75,75,75,75,75,75,80,66,66,16,80,67,67,67,67,67,67,50,50,50,38,62,62,72,72,72,30,82,57,57,65,65,65,65,73,73,73,85,85,88,88,83,83,62],"gold":17,"neow_bonus":"ONE_RANDOM_RARE_CARD","is_prod":false,"is_daily":false,"chose_seed":false,"campfire_upgraded":11,"win_rate":0,"timestamp":1548574780,"path_taken":["M","?","M","M","M","R","M","R","T","R","$","R","E","M","R","BOSS","M","?","?","?","$","R","E","R","T","?","R","?","M","?","R","BOSS","M","?","?","?","$","R","M","R","T","M","$","M","?","M","R","BOSS"],"build_version":"2019-01-23","purchased_purges":1,"victory":true,"max_hp_per_floor":[80,80,80,80,80,80,80,80,80,80,80,80,80,80,80,80,80,80,80,80,80,80,80,80,80,80,80,80,80,82,82,82,82,82,82,82,82,82,82,82,82,82,82,86,86,88,88,92,92,92],"card_choices":[{"not_picked":["Dropkick","Warcry"],"picked":"Armaments","floor":1.0},{"not_picked":["Havoc","Warcry"],"picked":"Wild Strike","floor":3.0},{"not_picked":["Pummel","Shockwave"],"picked":"Iron Wave","floor":4.0},{"not_picked":["Armaments","Iron Wave"],"picked":"Cleave","floor":5.0},{"not_picked":["Thunderclap","Pummel"],"picked":"Limit Break","floor":7.0},{"not_picked":["Thunderclap","Bludgeon"],"picked":"Twin Strike","floor":13.0},{"not_picked":["Armaments+1","Sword Boomerang"],"picked":"Spot Weakness+1","floor":14.0},{"not_picked":["Offering+1","Brutality"],"picked":"Impervious+1","floor":16.0},{"not_picked":["Perfected Strike","Flame Barrier+1"],"picked":"Iron Wave+1","floor":18.0},{"not_picked":["Shockwave+1","Rupture"],"picked":"Shrug It Off+1","floor":24.0},{"not_picked":["Pommel Strike","Wild Strike"],"picked":"Warcry+1","floor":27.0},{"not_picked":["Entrench+1","Offering+1","Cleave"],"picked":"Singing Bowl","floor":30.0},{"not_picked":["Immolate","Demon Form"],"picked":"Impervious+1","floor":33.0},{"not_picked":["Flex+1","Ghostly Armor+1"],"picked":"Evolve","floor":35},{"not_picked":["Mind Blast","PanicButton+1"],"picked":"Mayhem","floor":36},{"not_picked":["True Grit+1","Sword Boomerang"],"picked":"Thunderclap","floor":37},{"not_picked":["True Grit+1","Twin Strike+1"],"picked":"Demon Form","floor":41},{"not_picked":["Rampage+1","Thunderclap"],"picked":"Heavy Blade+1","floor":41},{"not_picked":["Thunderclap","Body Slam+1","Burning Pact+1"],"picked":"Singing Bowl","floor":44},{"not_picked":["Inflame","Twin Strike","Thunderclap"],"picked":"Singing Bowl","floor":44},{"not_picked":["Barricade","Second Wind+1","Clash+1"],"picked":"Singing Bowl","floor":46},{"not_picked":["Havoc+1","Inflame"],"picked":"Clothesline+1","floor":46},{"not_picked":["Cleave+1","Pummel","Disarm+1"],"picked":"Singing Bowl","floor":48},{"not_picked":["Fire Breathing+1","Sever Soul+1","Flex+1"],"picked":"Singing Bowl","floor":48}],"player_experience":1745332,"relics_obtained":[{"floor":9.0,"key":"Toxic Egg 2"},{"floor":13.0,"key":"Unceasing Top"},{"floor":24.0,"key":"Singing Bowl"},{"floor":26.0,"key":"Juzu Bracelet"},{"floor":27.0,"key":"Thread and Needle"},{"floor":27.0,"key":"Matryoshka"},{"floor":37,"key":"Prayer Wheel"},{"floor":38,"key":"Pen Nib"},{"floor":38,"key":"Centennial Puzzle"},{"floor":43,"key":"Bag of Preparation"},{"floor":43,"key":"Regal Pillow"}],"event_choices":[{"damage_healed":0.0,"max_hp_gain":0.0,"max_hp_loss":0.0,"gold_gain":0.0,"event_name":"Scrap Ooze","player_choice":"Fled","floor":2.0,"gold_loss":0.0,"damage_taken":0.0},{"damage_healed":0.0,"max_hp_gain":0.0,"max_hp_loss":0.0,"gold_gain":99.0,"event_name":"Nest","player_choice":"Stole From Cult","floor":19.0,"gold_loss":0.0,"damage_taken":0.0},{"damage_healed":0.0,"max_hp_gain":0.0,"max_hp_loss":0.0,"gold_gain":0.0,"event_name":"The Mausoleum","player_choice":"Opened","floor":20.0,"gold_loss":0.0,"damage_taken":0.0,"relics_obtained":["Blood Vial"],"cards_obtained":["Writhe"]},{"cards_removed":["Writhe"],"damage_healed":0.0,"max_hp_gain":0.0,"max_hp_loss":0.0,"gold_gain":0.0,"event_name":"Fountain of Cleansing","player_choice":"Removed Curses","floor":21.0,"gold_loss":0.0,"damage_taken":0.0},{"damage_healed":0.0,"max_hp_gain":0.0,"max_hp_loss":0.0,"gold_gain":0.0,"event_name":"Colosseum","player_choice":"Fight","floor":27.0,"gold_loss":0.0,"damage_taken":0.0},{"damage_healed":0.0,"max_hp_gain":0.0,"max_hp_loss":0.0,"gold_gain":0.0,"event_name":"Colosseum","player_choice":"Fought Nobs","floor":27.0,"gold_loss":0.0,"damage_taken":0.0},{"damage_healed":0.0,"max_hp_gain":0.0,"max_hp_loss":0.0,"gold_gain":0.0,"event_name":"The Library","player_choice":"Read","floor":29.0,"gold_loss":0.0,"damage_taken":0.0,"cards_obtained":["Battle Trance"]},{"damage_healed":0.0,"max_hp_gain":0.0,"max_hp_loss":0.0,"gold_gain":0.0,"event_name":"Ghosts","player_choice":"Ignored","floor":31.0,"gold_loss":0.0,"damage_taken":0.0},{"damage_healed":0,"gold_gain":0,"player_choice":"Memory 1","damage_taken":0,"max_hp_gain":0,"max_hp_loss":0,"event_name":"SensoryStone","floor":36,"gold_loss":0},{"damage_healed":0,"gold_gain":0,"player_choice":"Fight","damage_taken":0,"max_hp_gain":0,"max_hp_loss":0,"event_name":"MindBloom","floor":37,"gold_loss":0},{"damage_healed":0,"gold_gain":0,"player_choice":"Paid","damage_taken":0,"relics_obtained":["Red Mask"],"max_hp_gain":0,"max_hp_loss":0,"event_name":"Tomb of Lord Red Mask","floor":47,"gold_loss":35}],"is_beta":false,"boss_relics":[{"not_picked":["Runic Cube","Cursed Key"],"picked":"Philosopher\u0027s Stone"},{"not_picked":["Snecko Eye","Lizard Tail"],"picked":"Empty Cage"}],"items_purged_floors":[39],"is_endless":false,"potions_floor_spawned":[1,4,7,16,18,24,33,35,37,46],"ascension_level":4}