{"gold_per_floor":[117,117,35,35,35,35,50,50,50,50,80,91,91,104,104,104],"floor_reached":16,"playtime":533,"items_purged":[],"score":88,"play_id":"76b453a8-f5ba-4185-a23d-008237881a21","local_time":"20190411020608","is_ascension_mode":false,"campfire_choices":[{"data":"Seeing Red","floor":6,"key":"SMITH"},{"data":"Seeing Red","floor":8,"key":"SMITH"},{"floor":13,"key":"REST"},{"data":"True Grit","floor":15,"key":"SMITH"}],"neow_cost":"NONE","seed_source_timestamp":316613424399437,"circlet_count":0,"master_deck":["Strike_R","Strike_R","Strike_R","Strike_R","Defend_R","Defend_R","Defend_R","Defend_R","Bash","Feel No Pain","True Grit","True Grit+1","Shrug It Off","Seeing Red+1","Seeing Red+1","Shrug It Off","Berserk"],"relics":["Orrery","Lantern","Oddly Smooth Stone"],"potions_floor_usage":[7],"damage_taken":[{"damage":9,"enemies":"Cultist","floor":1,"turns":6},{"damage":12,"enemies":"2 Louse","floor":7,"turns":6},{"damage":7,"enemies":"Small Slimes","floor":12,"turns":5},{"damage":1,"enemies":"Blue Slaver","floor":14,"turns":5},{"damage":58,"enemies":"Hexaghost","floor":16,"turns":16}],"seed_played":"-5910535295562107872","potions_obtained":[{"floor":1,"key":"Fruit Juice"}],"is_trial":false,"path_per_floor":["M","?","$","?","$","R","M","R","T","$","?","M","R","M","R","B"],"character_chosen":"IRONCLAD","items_purchased":["Seeing Red"],"campfire_rested":1,"item_purchase_floors":[3],"current_hp_per_floor":[71,64,64,46,46,46,39,39,39,39,39,32,57,56,56,0],"gold":104,"neow_bonus":"BOSS_RELIC","is_prod":false,"is_daily":false,"chose_seed":false,"campfire_upgraded":3,"win_rate":0.0,"timestamp":1554919568,"path_taken":["M","?","$","?","$","R","M","R","T","$","?","M","R","M","R","BOSS"],"build_version":"2019-01-23","purchased_purges":0,"victory":false,"max_hp_per_floor":[80,80,80,80,80,80,85,85,85,85,85,85,85,85,85,85],"card_choices":[{"not_picked":["Clash","Anger"],"picked":"Feel No Pain","floor":0},{"not_picked":["Body Slam","Headbutt"],"picked":"True Grit","floor":0},{"not_picked":["Clothesline","Dual Wield"],"picked":"True Grit","floor":0},{"not_picked":["Whirlwind","Bloodletting"],"picked":"Shrug It Off","floor":0},{"not_picked":["Armaments","Thunderclap"],"picked":"Seeing Red","floor":1},{"not_picked":["Heavy Blade","True Grit"],"picked":"Shrug It Off","floor":7},{"not_picked":["Whirlwind","Searing Blow","Cleave"],"picked":"SKIP","floor":12},{"not_picked":["Clothesline","Shrug It Off"],"picked":"Berserk","floor":14}],"player_experience":20030,"relics_obtained":[{"floor":9,"key":"Oddly Smooth Stone"}],"event_choices":[{"cards_removed":["Strike_R"],"damage_healed":0,"gold_gain":0,"player_choice":"Card Removal","damage_taken":7,"max_hp_gain":0,"max_hp_loss":0,"event_name":"Golden Wing","floor":2,"gold_loss":0},{"damage_healed":0,"gold_gain":0,"player_choice":"Success","damage_taken":18,"relics_obtained":["Lantern"],"max_hp_gain":0,"max_hp_loss":0,"event_name":"Scrap Ooze","floor":4,"gold_loss":0},{"damage_healed":0,"gold_gain":30,"player_choice":"Searched \u00271\u0027 times","damage_taken":0,"max_hp_gain":0,"max_hp_loss":0,"event_name":"Dead Adventurer","floor":11,"gold_loss":0}],"is_beta":false,"boss_relics":[],"items_purged_floors":[],"is_endless":false,"potions_floor_spawned":[1],"killed_by":"Hexaghost","ascension_level":0}