{"gold_per_floor":[112,123,123,123,123,123,151,151,228,228,247,300,1,21,21,122,122,140,157,59,59],"floor_reached":21,"playtime":1453,"items_purged":["Strike_B"],"score":248,"play_id":"624385a1-39b9-4ce8-84a6-d10fb5c771e6","local_time":"20181222221704","is_ascension_mode":true,"campfire_choices":[{"floor":6.0,"key":"REST"},{"data":"Ball Lightning","floor":8.0,"key":"SMITH"},{"floor":10.0,"key":"REST"},{"floor":15.0,"key":"REST"}],"neow_cost":"TEN_PERCENT_HP_LOSS","seed_source_timestamp":1075109693854760,"circlet_count":0,"master_deck":["Strike_B","Strike_B","Defend_B+1","Defend_B","Defend_B","Zap+1","Dualcast","Machine Learning","Fission","Barrage","Ball Lightning+1","Compile Driver","Electrodynamics","Coolheaded","Consume","Stack","Cold Snap"],"special_seed":0,"relics":["Cracked Core","Darkstone Periapt","Potion Belt","Dodecahedron","Orichalcum","Prayer Wheel","Velvet Choker"],"potions_floor_usage":[],"damage_taken":[{"damage":7.0,"enemies":"Jaw Worm","floor":1.0,"turns":3.0},{"damage":0.0,"enemies":"2 Louse","floor":2.0,"turns":1.0},{"damage":29.0,"enemies":"3 Sentries","floor":7.0,"turns":8.0},{"damage":0.0,"enemies":"Cultist","floor":11.0,"turns":2.0},{"damage":8.0,"enemies":"Blue Slaver","floor":14.0,"turns":4.0},{"damage":52.0,"enemies":"Hexaghost","floor":16.0,"turns":10.0},{"damage":16.0,"enemies":"Shell Parasite","floor":18.0,"turns":4.0},{"damage":8.0,"enemies":"3 Byrds","floor":19.0,"turns":4.0},{"damage":33,"enemies":"Snake Plant","floor":21,"turns":2}],"seed_played":"-3272319590135153809","potions_obtained":[{"floor":7.0,"key":"SkillPotion"},{"floor":16.0,"key":"Swift Potion"},{"floor":18.0,"key":"Strength Potion"}],"is_trial":false,"path_per_floor":["M","M","?","$","?","R","E","R","T","R","M","T","$","M","R","B",null,"M","M","$","M"],"character_chosen":"DEFECT","items_purchased":["Prayer Wheel","Cold Snap"],"campfire_rested":3,"item_purchase_floors":[13,20],"current_hp_per_floor":[61,61,49,49,35,55,26,26,26,46,46,46,46,38,58,6,53,37,29,29,0],"gold":59,"neow_bonus":"TRANSFORM_TWO_CARDS","is_prod":false,"is_daily":false,"chose_seed":false,"campfire_upgraded":1,"win_rate":0,"timestamp":1545545824,"path_taken":["M","M","?","$","?","R","E","R","T","R","M","?","$","M","R","BOSS","M","M","$","M"],"build_version":"2018-12-20","purchased_purges":1,"victory":false,"max_hp_per_floor":[68,68,68,68,68,68,68,68,68,68,68,68,68,68,68,68,68,68,68,68,68],"card_choices":[{"not_picked":["Gash","Tempest"],"picked":"Barrage","floor":1.0},{"not_picked":["Fusion","Hello World","Redo"],"picked":"SKIP","floor":2.0},{"not_picked":["Steam","Gash"],"picked":"Ball Lightning","floor":7.0},{"not_picked":["Fusion","All For One"],"picked":"Compile Driver","floor":11.0},{"not_picked":["Scrape","Fusion","Storm"],"picked":"SKIP","floor":14.0},{"not_picked":["Static Discharge","Sweeping Beam","Barrage"],"picked":"SKIP","floor":14.0},{"not_picked":["Biased Cognition","Rainbow"],"picked":"Electrodynamics","floor":16.0},{"not_picked":["Hologram+1","Ball Lightning"],"picked":"Coolheaded","floor":18.0},{"not_picked":["Gash","Streamline+1"],"picked":"Consume","floor":18.0},{"not_picked":["Steam Power","Redo+1"],"picked":"Stack","floor":19.0},{"not_picked":["Turbo","Consume","Heatsinks+1"],"picked":"SKIP","floor":19.0}],"player_experience":448396,"relics_obtained":[{"floor":7.0,"key":"Potion Belt"},{"floor":9.0,"key":"Dodecahedron"},{"floor":12.0,"key":"Orichalcum"}],"event_choices":[{"damage_healed":0.0,"max_hp_gain":0.0,"max_hp_loss":0.0,"gold_gain":0.0,"event_name":"Scrap Ooze","player_choice":"Success","floor":3.0,"gold_loss":0.0,"damage_taken":12.0,"relics_obtained":["Darkstone Periapt"]},{"damage_healed":0.0,"max_hp_gain":0.0,"max_hp_loss":0.0,"gold_gain":0.0,"event_name":"Shining Light","player_choice":"Entered Light","floor":5.0,"gold_loss":0.0,"damage_taken":14.0,"cards_upgraded":["Zap","Defend_B"]}],"is_beta":false,"boss_relics":[{"not_picked":["Empty Cage","Pandora\u0027s Box"],"picked":"Velvet Choker"}],"items_purged_floors":[20],"is_endless":false,"potions_floor_spawned":[7,16,18],"killed_by":"Snake Plant","ascension_level":8}