{"gold_per_floor":[117,130,146,321,95,129,143,143,143,143,175,175,202,25,25,25],"floor_reached":16,"playtime":653,"items_purged":["Doubt","Strike_R"],"score":159,"play_id":"b95e954f-dcee-48a2-ba81-6684efe3776e","local_time":"20190524113845","is_ascension_mode":true,"campfire_choices":[{"floor":8,"key":"REST"},{"data":"Hemokinesis","floor":10,"key":"SMITH"},{"data":"Twin Strike","floor":12,"key":"SMITH"},{"floor":15,"key":"REST"}],"neow_cost":"NONE","seed_source_timestamp":2160222620255316,"circlet_count":0,"master_deck":["Strike_R","Strike_R","Strike_R","Strike_R","Defend_R","Defend_R","Defend_R","Defend_R","Bash","Hemokinesis+1","Clothesline","Cleave","True Grit","Intimidate","Twin Strike+1","Rage","Flame Barrier"],"relics":["Burning Blood","NeowsBlessing","Dream Catcher","Paper Frog","Singing Bowl","Matryoshka","Meat on the Bone"],"potions_floor_usage":[6,6,16],"damage_taken":[{"damage":0,"enemies":"Cultist","floor":1,"turns":1},{"damage":0,"enemies":"Jaw Worm","floor":2,"turns":1},{"damage":0,"enemies":"2 Louse","floor":3,"turns":1},{"damage":41,"enemies":"Lagavulin","floor":6,"turns":7},{"damage":12,"enemies":"Blue Slaver","floor":7,"turns":4},{"damage":27,"enemies":"3 Sentries","floor":11,"turns":7},{"damage":27,"enemies":"Lagavulin","floor":13,"turns":4},{"damage":51,"enemies":"Slime Boss","floor":16,"turns":9}],"seed_played":"3219026508104817738","potions_obtained":[{"floor":2,"key":"PowerPotion"},{"floor":3,"key":"Ancient Potion"},{"floor":7,"key":"Ancient Potion"}],"is_trial":false,"path_per_floor":["M","M","M","?","$","E","M","R","T","R","E","R","E","$","R","B"],"character_chosen":"IRONCLAD","items_purchased":["Dream Catcher","Flame Barrier"],"campfire_rested":2,"item_purchase_floors":[5,14],"current_hp_per_floor":[78,80,80,80,80,45,39,63,63,63,44,44,23,23,49,0],"gold":25,"neow_bonus":"THREE_ENEMY_KILL","is_prod":false,"is_daily":false,"chose_seed":false,"campfire_upgraded":2,"win_rate":0,"timestamp":1558723125,"path_taken":["M","M","?","?","$","E","M","R","T","R","E","R","E","?","R","BOSS"],"build_version":"2019-01-23","purchased_purges":2,"victory":false,"max_hp_per_floor":[80,80,80,80,80,80,80,80,80,80,82,82,82,82,84,84],"card_choices":[{"not_picked":["Clash","Heavy Blade"],"picked":"Hemokinesis","floor":1},{"not_picked":["Ghostly Armor","True Grit"],"picked":"Clothesline","floor":2},{"not_picked":["Anger","Sword Boomerang"],"picked":"Cleave","floor":3},{"not_picked":["Perfected Strike","Cleave"],"picked":"True Grit","floor":6},{"not_picked":["Twin Strike","Clothesline"],"picked":"Intimidate","floor":7},{"not_picked":["Bloodletting","Clash"],"picked":"Twin Strike","floor":8},{"not_picked":["Wild Strike","Double Tap","Pummel"],"picked":"Singing Bowl","floor":11},{"not_picked":["Pummel","Infernal Blade"],"picked":"Rage","floor":13},{"not_picked":["Wild Strike","Hemokinesis","Twin Strike"],"picked":"Singing Bowl","floor":15}],"player_experience":555548,"relics_obtained":[{"floor":6,"key":"Paper Frog"},{"floor":9,"key":"Singing Bowl"},{"floor":11,"key":"Matryoshka"},{"floor":13,"key":"Meat on the Bone"}],"event_choices":[{"damage_healed":0,"gold_gain":175,"player_choice":"AGREE","damage_taken":0,"max_hp_gain":0,"max_hp_loss":0,"event_name":"Liars Game","floor":4,"gold_loss":0,"cards_obtained":["Doubt"]}],"is_beta":false,"boss_relics":[],"items_purged_floors":[5,14],"is_endless":false,"potions_floor_spawned":[2,3,7],"killed_by":"Slime Boss","ascension_level":7}