{"gold_per_floor":[118,71,86,86,103,103,122,132,211,246,246,256,85,102,102,205,205,219,235,255,267,114,114,132,132,144,156,178,65,84,0,0,103,103,116,116,164,114,132,132,132,132,132,142,159,169,179,29,29,29],"floor_reached":50,"playtime":4527,"items_purged":["Strike_R","Strike_R","Pain","Writhe"],"score":475,"play_id":"1472e2fb-ac9f-404b-9778-645d1e9474cb","local_time":"20181220182632","is_ascension_mode":false,"campfire_choices":[{"data":"Bash","floor":6.0,"key":"SMITH"},{"data":"Shrug It Off","floor":11.0,"key":"SMITH"},{"data":"Whirlwind","floor":15.0,"key":"SMITH"},{"data":"Demon Form","floor":23.0,"key":"SMITH"},{"data":"Body Slam","floor":32.0,"key":"SMITH"},{"floor":40,"key":"RECALL"},{"data":"Heavy Blade","floor":42,"key":"SMITH"},{"floor":49,"key":"REST"}],"neow_cost":"NONE","seed_source_timestamp":0,"circlet_count":0,"master_deck":["Strike_R","Defend_R","Defend_R","Defend_R","Defend_R","Bash+1","True Grit+1","Shrug It Off+1","Shrug It Off+1","Reaper","Whirlwind+1","Armaments+1","Demon Form+1","Evolve","Shrug It Off+1","Shrug It Off+1","Pummel","Fiend Fire","Body Slam+1","Headbutt","Heavy Blade+1","Swift Strike","Regret","Heavy Blade+1"],"special_seed":0,"relics":["Burning Blood","Lantern","Toxic Egg 2","Turnip","Cursed Key","MawBank","Kunai","Lizard Tail","Ginger"],"potions_floor_usage":[37,44,45],"damage_taken":[{"damage":3.0,"enemies":"Small Slimes","floor":1.0,"turns":4.0},{"damage":6.0,"enemies":"Cultist","floor":3.0,"turns":4.0},{"damage":2.0,"enemies":"Jaw Worm","floor":5.0,"turns":6.0},{"damage":0.0,"enemies":"3 Louse","floor":7.0,"turns":4.0},{"damage":12.0,"enemies":"Blue Slaver","floor":8.0,"turns":5.0},{"damage":32.0,"enemies":"Gremlin Nob","floor":10.0,"turns":4.0},{"damage":0.0,"enemies":"2 Fungi Beasts","floor":12.0,"turns":4.0},{"damage":8.0,"enemies":"Exordium Wildlife","floor":14.0,"turns":9.0},{"damage":18.0,"enemies":"Slime Boss","floor":16.0,"turns":8.0},{"damage":0.0,"enemies":"Spheric Guardian","floor":18.0,"turns":5.0},{"damage":4.0,"enemies":"Chosen","floor":19.0,"turns":7.0},{"damage":4.0,"enemies":"Snecko","floor":20.0,"turns":7.0},{"damage":12.0,"enemies":"Sentry and Sphere","floor":21.0,"turns":8.0},{"damage":2.0,"enemies":"3 Cultists","floor":24.0,"turns":3.0},{"damage":13.0,"enemies":"Snake Plant","floor":28.0,"turns":12.0},{"damage":12.0,"enemies":"Shelled Parasite and Fungi","floor":30.0,"turns":5.0},{"damage":32.0,"enemies":"Automaton","floor":33.0,"turns":9.0},{"damage":27,"enemies":"3 Darklings","floor":35,"turns":5},{"damage":45,"enemies":"2 Orb Walkers","floor":37,"turns":5},{"damage":8,"enemies":"3 Shapes","floor":39,"turns":9},{"damage":23,"enemies":"Spire Growth","floor":44,"turns":8},{"damage":61,"enemies":"4 Shapes","floor":45,"turns":6},{"damage":15,"enemies":"3 Darklings","floor":46,"turns":5},{"damage":39,"enemies":"Spire Growth","floor":47,"turns":8},{"damage":75,"enemies":"Donu and Deca","floor":50,"turns":6}],"seed_played":"-3735017306124561421","potions_obtained":[{"floor":5.0,"key":"AttackPotion"},{"floor":10.0,"key":"Block Potion"},{"floor":12.0,"key":"Explosive Potion"},{"floor":24.0,"key":"Ancient Potion"},{"floor":35,"key":"Block Potion"},{"floor":37,"key":"Explosive Potion"}],"is_trial":false,"path_per_floor":["M","$","M","?","M","R","M","M","T","E","R","M","$","M","R","B",null,"M","M","M","M","$","R","M","?","T","?","M","$","M","?","R","B",null,"M","?","?","$","M","R","?","R","T","M","M","M","M","$","R","B"],"character_chosen":"IRONCLAD","items_purchased":["Shrug It Off","Whirlwind","Armaments+1","Shrug It Off+1","Heavy Blade"],"campfire_rested":1,"item_purchase_floors":[2,13,13,22,38],"current_hp_per_floor":[80,80,80,80,80,80,80,74,74,48,48,54,54,60,60,52,80,80,80,80,74,74,74,78,78,78,78,80,80,74,74,74,48,80,76,76,37,37,45,45,45,45,45,30,44,65,48,48,70,0],"gold":29,"neow_bonus":"RANDOM_COMMON_RELIC","is_prod":false,"is_daily":false,"chose_seed":false,"campfire_upgraded":6,"win_rate":0,"timestamp":1545355592,"path_taken":["M","$","M","?","M","R","M","M","T","E","R","M","?","?","R","BOSS","M","M","M","M","$","R","M","?","T","?","M","$","M","?","R","BOSS","M","?","?","$","M","R","?","R","T","M","?","M","M","$","R","BOSS"],"build_version":"2018-12-20","purchased_purges":4,"victory":false,"max_hp_per_floor":[80,80,80,80,80,80,80,80,80,80,80,80,80,80,80,80,80,80,80,80,80,80,80,80,80,80,80,80,80,80,80,80,80,80,80,76,76,76,76,76,76,76,76,76,76,76,76,76,76,76],"card_choices":[{"not_picked":["Disarm","Havoc"],"picked":"True Grit","floor":1.0},{"not_picked":["Wild Strike","Clash","Thunderclap"],"picked":"SKIP","floor":3.0},{"not_picked":["Sword Boomerang","Warcry","Anger"],"picked":"SKIP","floor":5.0},{"not_picked":["True Grit","Dual Wield","Clash"],"picked":"SKIP","floor":7.0},{"not_picked":["Rage","Perfected Strike","Warcry"],"picked":"SKIP","floor":8.0},{"not_picked":["Reckless Charge","Pommel Strike"],"picked":"Shrug It Off+1","floor":10.0},{"not_picked":["Metallicize","Body Slam"],"picked":"Reaper","floor":12.0},{"not_picked":["Whirlwind","Thunderclap","Wild Strike"],"picked":"SKIP","floor":14.0},{"not_picked":["Exhume+1","Berserk"],"picked":"Demon Form","floor":16.0},{"not_picked":["Rage+1","Perfected Strike+1","Anger"],"picked":"SKIP","floor":18.0},{"not_picked":["Burning Pact+1","Reckless Charge+1"],"picked":"Evolve","floor":19.0},{"not_picked":["Thunderclap","Cleave"],"picked":"Shrug It Off+1","floor":20.0},{"not_picked":["Searing Blow","Thunderclap","Carnage+1"],"picked":"SKIP","floor":21.0},{"not_picked":["Twin Strike","Clash","Sword Boomerang"],"picked":"SKIP","floor":24.0},{"not_picked":["Thunderclap+1","Corruption"],"picked":"Body Slam","floor":28.0},{"not_picked":["Fire Breathing","Brutality","Clothesline"],"picked":"SKIP","floor":30.0},{"not_picked":["Anger+1","Flex+1","Hemokinesis+1"],"picked":"SKIP","floor":35},{"not_picked":["Armaments+1","Infernal Blade+1"],"picked":"Headbutt","floor":37},{"not_picked":["True Grit+1","Dual Wield+1","Iron Wave"],"picked":"SKIP","floor":39},{"not_picked":["Purity+1","Bandage Up+1"],"picked":"Swift Strike","floor":41},{"not_picked":["Reckless Charge+1","Evolve","Bloodletting+1"],"picked":"SKIP","floor":44},{"not_picked":["Shockwave+1","Demon Form","Warcry+1"],"picked":"SKIP","floor":45},{"not_picked":["Disarm+1","Heavy Blade+1","Iron Wave"],"picked":"SKIP","floor":46},{"not_picked":["Perfected Strike+1","Dual Wield+1"],"picked":"Heavy Blade+1","floor":47}],"player_experience":1535740,"relics_obtained":[{"floor":9.0,"key":"Toxic Egg 2"},{"floor":10.0,"key":"Turnip"},{"floor":26.0,"key":"Kunai"},{"floor":37,"key":"Ginger"}],"event_choices":[{"damage_healed":0.0,"max_hp_gain":0.0,"max_hp_loss":0.0,"gold_gain":0.0,"event_name":"Upgrade Shrine","player_choice":"Upgraded","floor":4.0,"gold_loss":0.0,"damage_taken":0.0,"cards_upgraded":["True Grit"]},{"damage_healed":0.0,"max_hp_gain":0.0,"max_hp_loss":0.0,"gold_gain":0.0,"event_name":"The Mausoleum","player_choice":"Opened","floor":25.0,"gold_loss":0.0,"damage_taken":0.0,"relics_obtained":["MawBank"],"cards_obtained":["Writhe"]},{"damage_healed":0.0,"max_hp_gain":0.0,"max_hp_loss":0.0,"gold_gain":0.0,"cards_transformed":["Strike_R","Strike_R"],"event_name":"Drug Dealer","player_choice":"Became Test Subject","floor":27.0,"gold_loss":0.0,"damage_taken":0.0,"cards_obtained":["Pummel","Fiend Fire"]},{"damage_healed":0.0,"max_hp_gain":0.0,"max_hp_loss":0.0,"gold_gain":0.0,"event_name":"Masked Bandits","player_choice":"Paid Fearfully","floor":31.0,"gold_loss":84.0,"damage_taken":0.0},{"damage_healed":0,"gold_gain":0,"player_choice":"Max HP","damage_taken":0,"max_hp_gain":0,"max_hp_loss":4,"event_name":"Winding Halls","floor":36,"gold_loss":0},{"damage_healed":0,"gold_gain":0,"player_choice":"Fight","damage_taken":0,"max_hp_gain":0,"max_hp_loss":0,"event_name":"Mysterious Sphere","floor":37,"gold_loss":0},{"damage_healed":0,"gold_gain":0,"player_choice":"Memory 1","damage_taken":0,"max_hp_gain":0,"max_hp_loss":0,"event_name":"SensoryStone","floor":41,"gold_loss":0}],"is_beta":false,"boss_relics":[{"not_picked":["Coffee Dripper","Tiny House"],"picked":"Cursed Key"},{"not_picked":["Pandora\u0027s Box","Eternal Feather"],"picked":"Lizard Tail"}],"items_purged_floors":[13,22,29,48],"is_endless":false,"potions_floor_spawned":[5,10,12,24,35,37],"killed_by":"Donu and Deca","ascension_level":0}