{"gold_per_floor":[110,125,144,155,155,180,31,0,0,64,64,96,96,106,106,206,206,224,224,4,18,18,43,43,73,73,73,172,185,213,13,13,111,111,123,123,21,34,45,73,73,73],"floor_reached":42,"playtime":4852,"items_purged":["Defend_B"],"score":541,"play_id":"96e99ff0-eb0e-46d5-9453-e70bf655cd61","local_time":"20181102151421","is_ascension_mode":true,"campfire_choices":[{"floor":11.0,"key":"REST"},{"data":"Consume","floor":13.0,"key":"SMITH"},{"floor":15.0,"key":"REST"},{"data":"Echo Form","floor":24.0,"key":"SMITH"},{"floor":27.0,"key":"REST"},{"floor":32,"key":"REST"}],"neow_cost":"TEN_PERCENT_HP_LOSS","seed_source_timestamp":0,"circlet_count":0,"master_deck":["Defend_B+1","Zap","Dualcast","Melter","Reprogram","Capacitor","Coolheaded","Compile Driver","Consume+1","White Noise","Rebound+1","Ball Lightning","Echo Form+1","BootSequence","Chill+1","Double Energy","Cold Snap","Echo Form","Multi-Cast","Force Field","Go for the Eyes","Cold Snap","Conserve Battery","Barrage+1","Loop","Buffer","Conserve Battery+1"],"special_seed":0,"relics":["Cracked Core","Regal Pillow","Incense Burner","Blood Vial","Bottled Lightning","Shuriken","Orrery","Membership Card","Centennial Puzzle","Pantograph","Turnip","War Paint","Mercury Hourglass","Black Star","DataDisk","Bag of Marbles","Whetstone","Bottled Flame"],"potions_floor_usage":[29,40,40],"damage_taken":[{"damage":9.0,"enemies":"Jaw Worm","floor":1.0,"turns":3.0},{"damage":5.0,"enemies":"Small Slimes","floor":2.0,"turns":3.0},{"damage":10.0,"enemies":"2 Louse","floor":3.0,"turns":3.0},{"damage":8.0,"enemies":"Looter","floor":4.0,"turns":3.0},{"damage":29.0,"enemies":"Lagavulin","floor":6.0,"turns":7.0},{"damage":6.0,"enemies":"3 Sentries","floor":12.0,"turns":9.0},{"damage":26.0,"enemies":"Lots of Slimes","floor":14.0,"turns":5.0},{"damage":6.0,"enemies":"Slime Boss","floor":16.0,"turns":8.0},{"damage":0.0,"enemies":"Chosen","floor":18.0,"turns":4.0},{"damage":18.0,"enemies":"3 Byrds","floor":21.0,"turns":5.0},{"damage":22.0,"enemies":"Book of Stabbing","floor":23.0,"turns":8.0},{"damage":22.0,"enemies":"Gremlin Leader","floor":25.0,"turns":7.0},{"damage":14,"enemies":"Snake Plant","floor":29,"turns":4},{"damage":18,"enemies":"Book of Stabbing","floor":30,"turns":6},{"damage":1,"enemies":"Champ","floor":33,"turns":11},{"damage":5,"enemies":"3 Shapes","floor":35,"turns":6},{"damage":13,"enemies":"3 Darklings","floor":38,"turns":4},{"damage":42,"enemies":"Transient","floor":39,"turns":5},{"damage":21,"enemies":"Nemesis","floor":40,"turns":9},{"damage":18,"enemies":"Reptomancer","floor":42,"turns":2}],"seed_played":"1501599774509668239","potions_obtained":[{"floor":1.0,"key":"SkillPotion"},{"floor":2.0,"key":"Dexterity Potion"},{"floor":4.0,"key":"SpeedPotion"},{"floor":14.0,"key":"FearPotion"},{"floor":16.0,"key":"Poison Potion"},{"floor":18.0,"key":"Weak Potion"},{"floor":25.0,"key":"SkillPotion"},{"floor":29,"key":"FairyPotion"},{"floor":38,"key":"LiquidBronze"}],"is_trial":false,"path_per_floor":["M","M","M","M","?","E","$","?","T","?","R","E","R","M","R","B",null,"M","?","$","M","?","E","R","E","T","R","?","M","E","$","R","B",null,"M","?","$","M","M","E","T","E"],"character_chosen":"DEFECT","items_purchased":["Blood Vial","Membership Card","Go for the Eyes","Mercury Hourglass","Loop","DataDisk","PowerPotion"],"campfire_rested":4,"item_purchase_floors":[7,20,20,31,31,37,37],"current_hp_per_floor":[59,54,44,36,33,4,4,4,4,4,39,35,35,11,46,42,68,68,68,68,50,50,30,30,10,10,45,45,33,17,17,52,67,68,63,63,63,52,12,5,5,0],"gold":73,"neow_bonus":"TRANSFORM_TWO_CARDS","is_prod":false,"is_daily":false,"chose_seed":false,"campfire_upgraded":2,"win_rate":0,"timestamp":1541196861,"path_taken":["M","M","M","M","?","E","$","?","T","?","R","E","R","M","R","BOSS","M","?","$","M","?","E","R","E","T","R","?","M","E","$","R","BOSS","M","?","$","?","M","E","?","E"],"build_version":"2018-11-01","purchased_purges":1,"victory":false,"max_hp_per_floor":[68,68,68,68,68,68,68,68,68,68,68,68,68,68,68,68,68,68,68,68,68,68,68,68,68,68,68,68,68,68,68,68,68,68,68,68,68,68,68,68,68,68],"card_choices":[{"not_picked":["Storm","Darkness"],"picked":"Capacitor","floor":1.0},{"not_picked":["Leap","Undo"],"picked":"Coolheaded","floor":2.0},{"not_picked":["Stack","Coolheaded"],"picked":"Compile Driver","floor":3.0},{"not_picked":["Heatsinks","Beam Cell"],"picked":"Consume","floor":4.0},{"not_picked":["Heatsinks","Steam"],"picked":"White Noise","floor":6.0},{"not_picked":["Beam Cell","Melter"],"picked":"Rebound","floor":12.0},{"not_picked":["Cold Snap","Recycle"],"picked":"Ball Lightning","floor":14.0},{"not_picked":["Fission","Buffer"],"picked":"Echo Form","floor":16.0},{"not_picked":["Barrage","Loop"],"picked":"BootSequence","floor":17.0},{"not_picked":["Go for the Eyes","Auto Shields"],"picked":"Chill","floor":17.0},{"not_picked":["Chill","Streamline"],"picked":"Double Energy","floor":17.0},{"not_picked":["Stack","Beam Cell"],"picked":"Cold Snap","floor":17.0},{"not_picked":["Barrage","Loop+1"],"picked":"Echo Form","floor":18.0},{"not_picked":["Redo","Beam Cell+1"],"picked":"Cold Snap","floor":21.0},{"not_picked":["Rip and Tear","BootSequence"],"picked":"Conserve Battery","floor":23.0},{"not_picked":["Blizzard+1","All For One"],"picked":"Barrage","floor":25.0},{"not_picked":["Ball Lightning","Steam+1","Skim"],"picked":"SKIP","floor":29},{"not_picked":["Darkness","Consume+1","Leap"],"picked":"SKIP","floor":30},{"not_picked":["Creative AI","Amplify"],"picked":"Buffer","floor":33},{"not_picked":["Genetic Algorithm+1","Cold Snap","Chaos+1"],"picked":"SKIP","floor":35},{"not_picked":["Beam Cell+1","Go for the Eyes","Coolheaded"],"picked":"SKIP","floor":38},{"not_picked":["Recycle","Steam","Beam Cell+1"],"picked":"SKIP","floor":39},{"not_picked":["FTL","Heatsinks+1"],"picked":"Conserve Battery+1","floor":40}],"player_experience":228448,"relics_obtained":[{"floor":6.0,"key":"Incense Burner"},{"floor":9.0,"key":"Bottled Lightning"},{"floor":12.0,"key":"Shuriken"},{"floor":23.0,"key":"Centennial Puzzle"},{"floor":25.0,"key":"Pantograph"},{"floor":26.0,"key":"Turnip"},{"floor":30,"key":"War Paint"},{"floor":40,"key":"Bag of Marbles"},{"floor":40,"key":"Whetstone"},{"floor":41,"key":"Bottled Flame"}],"event_choices":[{"damage_healed":0.0,"max_hp_gain":0.0,"max_hp_loss":0.0,"gold_gain":0.0,"event_name":"Scrap Ooze","player_choice":"Success","floor":5.0,"gold_loss":0.0,"damage_taken":3.0,"relics_obtained":["Regal Pillow"]},{"damage_healed":0.0,"max_hp_gain":0.0,"max_hp_loss":0.0,"gold_gain":0.0,"event_name":"World of Goop","player_choice":"Left Gold","floor":8.0,"gold_loss":31.0,"damage_taken":0.0},{"damage_healed":0.0,"max_hp_gain":0.0,"max_hp_loss":0.0,"gold_gain":64.0,"event_name":"Golden Wing","player_choice":"Gained Gold","floor":10.0,"gold_loss":0.0,"damage_taken":0.0},{"damage_healed":0.0,"max_hp_gain":0.0,"max_hp_loss":0.0,"gold_gain":0.0,"cards_transformed":["Strike_B","Strike_B"],"event_name":"Drug Dealer","player_choice":"Became Test Subject","floor":19.0,"gold_loss":0.0,"damage_taken":0.0,"cards_obtained":["Multi-Cast","Force Field"]},{"cards_removed":["Strike_B"],"damage_healed":0.0,"max_hp_gain":0.0,"max_hp_loss":0.0,"gold_gain":0.0,"event_name":"Back to Basics","player_choice":"Elegance","floor":22.0,"gold_loss":0.0,"damage_taken":0.0},{"damage_healed":0,"gold_gain":99,"player_choice":"Stole From Cult","damage_taken":0,"max_hp_gain":0,"max_hp_loss":0,"event_name":"Nest","floor":28,"gold_loss":0},{"cards_removed":["Defend_B"],"damage_healed":0,"gold_gain":0,"player_choice":"Purged","damage_taken":0,"max_hp_gain":0,"max_hp_loss":0,"event_name":"Purifier","floor":36,"gold_loss":0}],"is_beta":false,"boss_relics":[{"not_picked":["Coffee Dripper","Ectoplasm"],"picked":"Orrery"},{"not_picked":["Velvet Choker","Eternal Feather"],"picked":"Black Star"}],"items_purged_floors":[31],"is_endless":false,"potions_floor_spawned":[1,2,4,14,16,18,25,29,38],"killed_by":"Reptomancer","ascension_level":2}