{"gold_per_floor":[118,131,143,143,156,156,172,172,172,189,189,189,189,65,65,168,168,178,198,211,228,66,86,86,86],"floor_reached":25,"playtime":1310,"items_purged":["Strike_G","Strike_G"],"score":197,"play_id":"80c6fe37-9e5c-4145-9958-e2beeee610af","local_time":"20190412140118","is_ascension_mode":false,"campfire_choices":[{"data":"Deflect","floor":6,"key":"SMITH"},{"data":"Flying Knee","floor":11,"key":"SMITH"},{"data":"Escape Plan","floor":13,"key":"SMITH"},{"data":"Reflex","floor":15,"key":"SMITH"}],"neow_cost":"NONE","seed_source_timestamp":104822430720612,"circlet_count":0,"master_deck":["Defend_G","Defend_G","Defend_G","Defend_G","Defend_G","Strike_G","Strike_G","Strike_G","Survivor+1","Neutralize","Escape Plan+1","Bouncing Flask+1","Acrobatics","Deflect+1","Prepared","Flying Knee+1","Reflex+1","After Image","Underhanded Strike+1","Slice","Distraction","Footwork","Deflect","Noxious Fumes+1","Bouncing Flask+1"],"relics":["Runic Pyramid","Smiling Mask","Cursed Key"],"potions_floor_usage":[25,25,25],"damage_taken":[{"damage":0,"enemies":"Small Slimes","floor":1,"turns":5},{"damage":0,"enemies":"Cultist","floor":2,"turns":4},{"damage":1,"enemies":"Jaw Worm","floor":3,"turns":5},{"damage":15,"enemies":"Exordium Thugs","floor":5,"turns":6},{"damage":23,"enemies":"Lots of Slimes","floor":7,"turns":4},{"damage":0,"enemies":"Exordium Wildlife","floor":10,"turns":4},{"damage":4,"enemies":"Hexaghost","floor":16,"turns":10},{"damage":0,"enemies":"Chosen","floor":18,"turns":6},{"damage":1,"enemies":"3 Byrds","floor":19,"turns":5},{"damage":20,"enemies":"Snecko","floor":20,"turns":6},{"damage":3,"enemies":"Centurion and Healer","floor":21,"turns":6},{"damage":39,"enemies":"3 Cultists","floor":23,"turns":9},{"damage":7,"enemies":"Chosen and Byrds","floor":25,"turns":1}],"seed_played":"-5027920677670551730","potions_obtained":[{"floor":1,"key":"Weak Potion"},{"floor":3,"key":"Fire Potion"},{"floor":16,"key":"EssenceOfSteel"}],"is_trial":false,"path_per_floor":["M","M","M","?","M","R","M","?","T","M","R","?","R","$","R","B",null,"M","M","M","M","$","M","?","M"],"character_chosen":"THE_SILENT","items_purchased":["Reflex","Footwork","Deflect"],"campfire_rested":0,"item_purchase_floors":[14,22,22],"current_hp_per_floor":[70,70,69,69,54,54,31,31,31,31,31,31,31,31,31,27,70,70,69,49,46,46,7,7,0],"gold":86,"neow_bonus":"BOSS_RELIC","is_prod":false,"is_daily":false,"chose_seed":false,"campfire_upgraded":4,"win_rate":0.0,"timestamp":1555048878,"path_taken":["M","M","M","?","M","R","?","?","T","M","R","?","R","$","R","BOSS","M","M","M","M","$","M","?","?"],"build_version":"2019-01-23","purchased_purges":2,"victory":false,"max_hp_per_floor":[70,70,70,70,70,70,70,70,70,70,70,70,70,70,70,70,70,70,70,70,70,70,70,70,70],"card_choices":[{"not_picked":["Accuracy","Flechettes"],"picked":"Escape Plan","floor":1},{"not_picked":["Skewer","Sucker Punch"],"picked":"Bouncing Flask","floor":2},{"not_picked":["Underhanded Strike","Outmaneuver"],"picked":"Acrobatics","floor":3},{"not_picked":["Slice","Underhanded Strike"],"picked":"Deflect","floor":5},{"not_picked":["Backflip","Outmaneuver"],"picked":"Prepared","floor":7},{"not_picked":["Dagger Spray","Flechettes"],"picked":"Flying Knee","floor":10},{"not_picked":["A Thousand Cuts","Unload"],"picked":"After Image","floor":16},{"not_picked":["All Out Attack","Sucker Punch+1"],"picked":"Underhanded Strike+1","floor":18},{"not_picked":["Poisoned Stab","Accuracy"],"picked":"Slice","floor":19},{"not_picked":["Underhanded Strike","Dodge and Roll+1","Outmaneuver+1"],"picked":"SKIP","floor":20},{"not_picked":["Venomology","Prepared"],"picked":"Distraction","floor":21},{"not_picked":["Prepared","Backstab+1"],"picked":"Noxious Fumes+1","floor":23}],"player_experience":45507,"relics_obtained":[{"floor":9,"key":"Smiling Mask"}],"event_choices":[{"damage_healed":0,"gold_gain":0,"player_choice":"Upgraded","damage_taken":0,"max_hp_gain":0,"max_hp_loss":0,"event_name":"Upgrade Shrine","floor":4,"gold_loss":0,"cards_upgraded":["Bouncing Flask"]},{"damage_healed":0,"gold_gain":0,"player_choice":"Ignored","damage_taken":0,"max_hp_gain":0,"max_hp_loss":0,"event_name":"Liars Game","floor":8,"gold_loss":0},{"damage_healed":0,"gold_gain":0,"player_choice":"Forge","damage_taken":0,"max_hp_gain":0,"max_hp_loss":0,"event_name":"Accursed Blacksmith","floor":12,"gold_loss":0,"cards_upgraded":["Survivor"]},{"damage_healed":0,"gold_gain":0,"player_choice":"Copied","damage_taken":0,"max_hp_gain":0,"max_hp_loss":0,"event_name":"Duplicator","floor":24,"gold_loss":0,"cards_obtained":["Bouncing Flask"]}],"is_beta":false,"boss_relics":[{"not_picked":["Snecko Eye","Velvet Choker"],"picked":"Cursed Key"}],"items_purged_floors":[14,22],"is_endless":false,"potions_floor_spawned":[1,3,16,19,21,23],"killed_by":"Chosen and Byrds","ascension_level":0}