{"gold_per_floor":[119,119,119,20,34,69,82,82,133,146,71,100,120,145,145,241,241,261,261,16,34,34,34,68,80,133,145,145,157,57,57,57,153,153,173,186,11,23,23,39,59,59,83,34,34],"floor_reached":45,"playtime":1620,"items_purged":["Defend_R","Strike_R","Strike_R"],"score":494,"play_id":"b3c91146-5cbd-4621-9b86-4144e41a5207","local_time":"20190420025522","is_ascension_mode":true,"campfire_choices":[{"data":"Seeing Red","floor":8,"key":"SMITH"},{"data":"Shrug It Off","floor":15,"key":"SMITH"},{"data":"Shrug It Off","floor":23,"key":"SMITH"},{"floor":28,"key":"REST"},{"data":"Anger","floor":32,"key":"SMITH"}],"neow_cost":"NONE","seed_source_timestamp":57015016282751,"circlet_count":0,"master_deck":["Strike_R","Strike_R","Defend_R+1","Defend_R+1","Bash","Twin Strike","Shrug It Off+1","Shrug It Off+1","Seeing Red+1","Armaments","Anger+1","Shockwave+1","Heavy Blade","Demon Form","Shrug It Off","Flame Barrier","Cleave","Twin Strike+1","Barricade","Anger+1","Disarm","Spot Weakness+1"],"relics":["Burning Blood","NeowsBlessing","War Paint","Bronze Scales","Red Skull","Juzu Bracelet","Potion Belt","Empty Cage","Bottled Tornado","Thread and Needle","Vajra","Orrery","CultistMask","Dream Catcher"],"potions_floor_usage":[12,16,16,18,33,33,36,36,41,41,41],"damage_taken":[{"damage":0,"enemies":"2 Louse","floor":1,"turns":1},{"damage":0,"enemies":"Jaw Worm","floor":5,"turns":1},{"damage":0,"enemies":"Gremlin Nob","floor":6,"turns":1},{"damage":9,"enemies":"Cultist","floor":7,"turns":3},{"damage":0,"enemies":"Exordium Wildlife","floor":10,"turns":4},{"damage":36,"enemies":"3 Sentries","floor":12,"turns":6},{"damage":7,"enemies":"Gremlin Gang","floor":13,"turns":4},{"damage":53,"enemies":"Slime Boss","floor":16,"turns":13},{"damage":14,"enemies":"2 Thieves","floor":18,"turns":4},{"damage":15,"enemies":"3 Byrds","floor":21,"turns":3},{"damage":20,"enemies":"Colosseum Slavers","floor":22,"turns":5},{"damage":21,"enemies":"Gremlin Leader","floor":24,"turns":6},{"damage":0,"enemies":"Snecko","floor":25,"turns":5},{"damage":17,"enemies":"Snake Plant","floor":27,"turns":3},{"damage":6,"enemies":"Centurion and Healer","floor":29,"turns":5},{"damage":22,"enemies":"Automaton","floor":33,"turns":8},{"damage":0,"enemies":"3 Shapes","floor":35,"turns":6},{"damage":34,"enemies":"Orb Walker","floor":36,"turns":6},{"damage":20,"enemies":"3 Darklings","floor":38,"turns":5},{"damage":0,"enemies":"Maw","floor":40,"turns":7},{"damage":15,"enemies":"Spire Growth","floor":41,"turns":5},{"damage":66,"enemies":"Nemesis","floor":45,"turns":4}],"seed_played":"-2746818820760821685","potions_obtained":[{"floor":1,"key":"Energy Potion"},{"floor":6,"key":"PowerPotion"},{"floor":16,"key":"AttackPotion"},{"floor":21,"key":"SteroidPotion"},{"floor":27,"key":"Block Potion"},{"floor":33,"key":"Block Potion"},{"floor":35,"key":"PowerPotion"},{"floor":36,"key":"SpeedPotion"},{"floor":38,"key":"PowerPotion"}],"is_trial":false,"path_per_floor":["M","?","?","$","M","E","M","R","T","M","$","E","M","T","R","B",null,"M","?","$","M","?","R","E","M","T","M","R","M","$","?","R","B",null,"M","M","$","M","?","M","M","?","T","$","E"],"character_chosen":"IRONCLAD","items_purchased":["Shrug It Off","Poison Potion","Bottled Tornado","Block Potion","Dexterity Potion"],"campfire_rested":1,"item_purchase_floors":[4,4,20,37,44],"current_hp_per_floor":[80,77,82,82,85,85,82,82,82,85,85,55,54,54,54,7,85,77,77,77,68,54,54,39,45,45,34,59,59,59,59,59,43,85,85,57,57,43,43,49,40,40,40,40,0],"gold":34,"neow_bonus":"THREE_ENEMY_KILL","is_prod":false,"is_daily":false,"chose_seed":false,"campfire_upgraded":4,"win_rate":0,"timestamp":1555700122,"path_taken":["M","?","?","$","M","E","M","R","T","M","?","E","M","?","R","BOSS","M","?","$","M","?","R","E","M","T","M","R","M","$","?","R","BOSS","M","M","$","M","?","M","M","?","T","$","E"],"build_version":"2019-01-23","purchased_purges":3,"victory":false,"max_hp_per_floor":[80,80,85,85,85,85,85,85,85,85,85,85,85,85,85,85,85,85,85,85,85,85,85,85,85,85,85,85,85,85,85,85,85,85,85,85,85,85,85,85,85,85,85,85,85],"card_choices":[{"not_picked":["Clothesline","Thunderclap"],"picked":"Twin Strike","floor":1},{"not_picked":["Pummel","Dropkick"],"picked":"Shrug It Off","floor":5},{"not_picked":["Sever Soul","Body Slam"],"picked":"Seeing Red","floor":6},{"not_picked":["Perfected Strike","Pommel Strike"],"picked":"Armaments","floor":7},{"not_picked":["Warcry","Thunderclap"],"picked":"Anger","floor":10},{"not_picked":["Flex","Hemokinesis"],"picked":"Shockwave","floor":12},{"not_picked":["Brutality","Sword Boomerang"],"picked":"Heavy Blade","floor":13},{"not_picked":["Offering","Fiend Fire"],"picked":"Demon Form","floor":16},{"not_picked":["Pommel Strike","Warcry+1"],"picked":"Shrug It Off","floor":18},{"not_picked":["Shockwave","Warcry"],"picked":"Cleave","floor":21},{"not_picked":["Flex","Sword Boomerang","Sever Soul"],"picked":"SKIP","floor":24},{"not_picked":["Clash","Body Slam"],"picked":"Twin Strike+1","floor":25},{"not_picked":["Rupture","Warcry+1","Brutality"],"picked":"SKIP","floor":27},{"not_picked":["Uppercut","Perfected Strike+1","Clash"],"picked":"SKIP","floor":29},{"not_picked":["Juggernaut","Bludgeon"],"picked":"Barricade","floor":33},{"not_picked":["Seeing Red","Twin Strike"],"picked":"Anger+1","floor":34},{"not_picked":["Armaments","Heavy Blade"],"picked":"Disarm","floor":34},{"not_picked":["Pommel Strike","Warcry+1"],"picked":"Spot Weakness+1","floor":35},{"not_picked":["Pommel Strike+1","Sword Boomerang+1","Heavy Blade"],"picked":"SKIP","floor":36},{"not_picked":["Warcry+1","Twin Strike","Corruption+1"],"picked":"SKIP","floor":38},{"not_picked":["Pommel Strike","Armaments+1","Heavy Blade"],"picked":"SKIP","floor":40},{"not_picked":["Ghostly Armor","Havoc+1","Reckless Charge+1"],"picked":"SKIP","floor":41}],"player_experience":88406,"relics_obtained":[{"floor":6,"key":"Bronze Scales"},{"floor":9,"key":"Red Skull"},{"floor":12,"key":"Juzu Bracelet"},{"floor":14,"key":"Potion Belt"},{"floor":24,"key":"Thread and Needle"},{"floor":26,"key":"Vajra"},{"floor":43,"key":"Dream Catcher"}],"event_choices":[{"damage_healed":0,"gold_gain":0,"player_choice":"Success","damage_taken":3,"relics_obtained":["War Paint"],"max_hp_gain":0,"max_hp_loss":0,"event_name":"Scrap Ooze","floor":2,"gold_loss":0},{"damage_healed":0,"gold_gain":0,"player_choice":"Donut","damage_taken":0,"max_hp_gain":5,"max_hp_loss":0,"event_name":"Big Fish","floor":3,"gold_loss":0},{"damage_healed":0,"gold_gain":0,"player_choice":"Read","damage_taken":0,"max_hp_gain":0,"max_hp_loss":0,"event_name":"The Library","floor":19,"gold_loss":0,"cards_obtained":["Flame Barrier"]},{"damage_healed":0,"gold_gain":0,"player_choice":"Fight","damage_taken":0,"max_hp_gain":0,"max_hp_loss":0,"event_name":"Colosseum","floor":22,"gold_loss":0},{"damage_healed":0,"gold_gain":0,"player_choice":"Fled From Nobs","damage_taken":0,"max_hp_gain":0,"max_hp_loss":0,"event_name":"Colosseum","floor":22,"gold_loss":0},{"damage_healed":0,"gold_gain":0,"player_choice":"Forge","damage_taken":0,"max_hp_gain":0,"max_hp_loss":0,"event_name":"Accursed Blacksmith","floor":31,"gold_loss":0,"cards_upgraded":["Shockwave"]},{"damage_healed":0,"gold_gain":0,"player_choice":"Ignored","damage_taken":0,"max_hp_gain":0,"max_hp_loss":0,"event_name":"Mysterious Sphere","floor":39,"gold_loss":0},{"damage_healed":0,"gold_gain":0,"player_choice":"Trade","damage_taken":0,"relics_obtained":["CultistMask"],"max_hp_gain":0,"max_hp_loss":0,"event_name":"FaceTrader","floor":42,"gold_loss":0}],"is_beta":false,"boss_relics":[{"not_picked":["Snecko Eye","Tiny House"],"picked":"Empty Cage"},{"not_picked":["Velvet Choker","Runic Cube"],"picked":"Orrery"}],"items_purged_floors":[11,30,37],"is_endless":false,"potions_floor_spawned":[1,6,10,16,21,22,27,33,35,36,38],"killed_by":"Nemesis","ascension_level":1}