{"gold_per_floor":[315,332,28,44,44,44,78,78,157,157,169,169,180,200,200,303,303,323,343,3,53,71,71,86,86,109,13,25,75,75,86,86,181,181,197,297,311,361,373,373,398,398,468,468,480,498,224,49,49,49],"floor_reached":51,"playtime":4574,"items_purged":["Strike_R","Parasite"],"score":748,"play_id":"052a9e84-73c2-44e6-9df8-6c911992efd8","local_time":"20190105030821","is_ascension_mode":true,"campfire_choices":[{"data":"True Grit","floor":6.0,"key":"SMITH"},{"data":"Reaper","floor":8.0,"key":"SMITH"},{"data":"Cleave","floor":15.0,"key":"SMITH"},{"data":"Limit Break","floor":23.0,"key":"SMITH"},{"data":"Intimidate","floor":25.0,"key":"SMITH"},{"data":"Sword Boomerang","floor":30.0,"key":"SMITH"},{"data":"Pommel Strike","floor":32.0,"key":"SMITH"},{"floor":40,"key":"REST"},{"floor":42,"key":"REST"},{"floor":44,"key":"REST"},{"floor":49,"key":"REST"}],"neow_cost":"NO_GOLD","seed_source_timestamp":0,"circlet_count":0,"master_deck":["Strike_R","Strike_R","Strike_R+1","Strike_R+1","Defend_R+1","Defend_R","Defend_R","Defend_R+1","Bash+1","True Grit+1","Metallicize+1","Iron Wave","Reaper+1","Cleave+1","Headbutt","Limit Break+1","Shrug It Off","Intimidate+1","Rage+1","Uppercut+1","Sword Boomerang+1","Pommel Strike+1","Impervious","Entrench+1","Demon Form","Heavy Blade","Flame Barrier","Body Slam+1","Whirlwind+1","Iron Wave","Feel No Pain","Evolve","Finesse"],"special_seed":0,"relics":["Burning Blood","Old Coin","Bag of Marbles","War Paint","Shuriken","SsserpentHead","Velvet Choker","Prayer Wheel","Whetstone","Ice Cream","Fusion Hammer","Ginger","Orichalcum","Darkstone Periapt","Lantern"],"potions_floor_usage":[36,37,46,50,50,50],"damage_taken":[{"damage":6.0,"enemies":"2 Louse","floor":1.0,"turns":3.0},{"damage":10.0,"enemies":"Small Slimes","floor":2.0,"turns":4.0},{"damage":3.0,"enemies":"Cultist","floor":4.0,"turns":4.0},{"damage":25.0,"enemies":"3 Sentries","floor":7.0,"turns":12.0},{"damage":0.0,"enemies":"Blue Slaver","floor":11.0,"turns":5.0},{"damage":11.0,"enemies":"Looter","floor":13.0,"turns":2.0},{"damage":8.0,"enemies":"3 Louse","floor":14.0,"turns":2.0},{"damage":36.0,"enemies":"The Guardian","floor":16.0,"turns":14.0},{"damage":3.0,"enemies":"Chosen","floor":18.0,"turns":5.0},{"damage":9.0,"enemies":"3 Byrds","floor":19.0,"turns":7.0},{"damage":11.0,"enemies":"Shelled Parasite and Fungi","floor":22.0,"turns":8.0},{"damage":12.0,"enemies":"3 Cultists","floor":24.0,"turns":5.0},{"damage":11.0,"enemies":"Snake Plant","floor":28.0,"turns":4.0},{"damage":12.0,"enemies":"Centurion and Healer","floor":31.0,"turns":6.0},{"damage":67.0,"enemies":"Collector","floor":33.0,"turns":10.0},{"damage":11,"enemies":"3 Shapes","floor":35,"turns":7},{"damage":40,"enemies":"2 Orb Walkers","floor":36,"turns":6},{"damage":3,"enemies":"3 Darklings","floor":37,"turns":7},{"damage":50,"enemies":"Writhing Mass","floor":39,"turns":7},{"damage":51,"enemies":"Nemesis","floor":41,"turns":7},{"damage":7,"enemies":"4 Shapes","floor":45,"turns":7},{"damage":51,"enemies":"Sphere and 2 Shapes","floor":46,"turns":6},{"damage":47,"enemies":"Donu and Deca","floor":50,"turns":8}],"seed_played":"1212057075439745525","potions_obtained":[{"floor":2.0,"key":"LiquidBronze"},{"floor":4.0,"key":"Swift Potion"},{"floor":11.0,"key":"Ancient Potion"},{"floor":16.0,"key":"SkillPotion"},{"floor":22.0,"key":"Explosive Potion"},{"floor":28.0,"key":"BloodPotion"},{"floor":33.0,"key":"SkillPotion"},{"floor":35,"key":"SkillPotion"},{"floor":37,"key":"Ancient Potion"},{"floor":45,"key":"AttackPotion"}],"is_trial":false,"path_per_floor":["M","M","$","M","?","R","E","R","T","?","M","?","M","M","R","B",null,"M","M","$","?","M","R","M","R","T","$","M","?","R","M","R","B",null,"M","?","M","?","M","R","E","R","T","R","M","M","$","$","R","B",null],"character_chosen":"IRONCLAD","items_purchased":["Metallicize","Bag of Marbles","Intimidate","Prayer Wheel","Sword Boomerang","Dexterity Potion","Feel No Pain","Lantern","Evolve","Finesse","PowerPotion"],"campfire_rested":4,"item_purchase_floors":[3,3,20,20,27,27,47,47,48,48,48],"current_hp_per_floor":[80,76,76,79,84,84,65,65,65,48,59,59,54,73,73,50,85,85,85,85,85,80,80,85,85,85,85,85,85,85,79,79,40,85,80,55,79,79,35,60,15,40,40,65,80,35,35,35,59,18],"gold":49,"neow_bonus":"ONE_RARE_RELIC","is_prod":false,"is_daily":false,"chose_seed":false,"campfire_upgraded":7,"win_rate":0,"timestamp":1546682901,"path_taken":["M","M","$","M","?","R","E","R","T","?","M","?","M","M","R","BOSS","M","M","?","?","M","R","M","R","T","$","M","?","R","M","R","BOSS","M","?","M","?","M","R","E","R","T","R","M","M","?","$","R","BOSS"],"build_version":"2019-01-03v4","purchased_purges":2,"victory":true,"max_hp_per_floor":[80,80,80,80,85,85,85,85,85,85,85,85,85,85,85,85,85,85,85,85,85,85,85,85,85,85,85,85,85,85,85,85,85,85,85,85,85,85,85,85,85,85,85,85,85,85,82,82,82,82],"card_choices":[{"not_picked":["Thunderclap","Wild Strike","Corruption"],"picked":"SKIP","floor":1.0},{"not_picked":["Anger","Burning Pact"],"picked":"True Grit","floor":2.0},{"not_picked":["Heavy Blade","Hemokinesis"],"picked":"Iron Wave","floor":4.0},{"not_picked":["Infernal Blade","Sentinel"],"picked":"Reaper","floor":7.0},{"not_picked":["Warcry","Armaments"],"picked":"Cleave","floor":11.0},{"not_picked":["Shrug It Off","Flame Barrier"],"picked":"Headbutt","floor":13.0},{"not_picked":["Dropkick","Perfected Strike","Heavy Blade"],"picked":"SKIP","floor":14.0},{"not_picked":["Demon Form","Exhume"],"picked":"Limit Break","floor":16.0},{"not_picked":["Perfected Strike","Havoc"],"picked":"Shrug It Off","floor":18.0},{"not_picked":["Anger","Corruption","Flex"],"picked":"SKIP","floor":19.0},{"not_picked":["Armaments","Rupture+1"],"picked":"Rage+1","floor":22.0},{"not_picked":["Sentinel+1","Power Through"],"picked":"Uppercut+1","floor":22.0},{"not_picked":["Perfected Strike","Warcry","Power Through"],"picked":"SKIP","floor":24.0},{"not_picked":["Flex+1","Fire Breathing+1","Twin Strike"],"picked":"SKIP","floor":24.0},{"not_picked":["Iron Wave","Clash"],"picked":"Pommel Strike","floor":28.0},{"not_picked":["Anger","Armaments","Dual Wield"],"picked":"SKIP","floor":28.0},{"not_picked":["Cleave","Sword Boomerang"],"picked":"Impervious","floor":31.0},{"not_picked":["Evolve","Wild Strike"],"picked":"Entrench+1","floor":31.0},{"not_picked":["Dark Embrace","Feed"],"picked":"Demon Form","floor":33.0},{"not_picked":["Disarm","Metallicize+1"],"picked":"Heavy Blade","floor":35},{"not_picked":["Dual Wield+1","Anger","Flex+1"],"picked":"SKIP","floor":35},{"not_picked":["Pommel Strike","Sword Boomerang"],"picked":"Flame Barrier","floor":37},{"not_picked":["Thunderclap","Searing Blow+1","Sword Boomerang+1"],"picked":"SKIP","floor":37},{"not_picked":["Shockwave","Bloodletting","Iron Wave+1"],"picked":"SKIP","floor":39},{"not_picked":["Flex+1","True Grit","Perfected Strike"],"picked":"SKIP","floor":39},{"not_picked":["Thunderclap+1","Feed"],"picked":"Body Slam+1","floor":41},{"not_picked":["Searing Blow+1","Dual Wield"],"picked":"Whirlwind+1","floor":45},{"not_picked":["Thunderclap","Rage+1"],"picked":"Iron Wave","floor":45},{"not_picked":["Reckless Charge","Iron Wave","Seeing Red"],"picked":"SKIP","floor":46},{"not_picked":["Infernal Blade+1","Berserk","Wild Strike+1"],"picked":"SKIP","floor":46}],"player_experience":1670649,"relics_obtained":[{"floor":7.0,"key":"War Paint"},{"floor":9.0,"key":"Shuriken"},{"floor":26.0,"key":"Whetstone"},{"floor":36,"key":"Ginger"},{"floor":41,"key":"Orichalcum"},{"floor":43,"key":"Darkstone Periapt"}],"event_choices":[{"damage_healed":0.0,"max_hp_gain":5.0,"max_hp_loss":0.0,"gold_gain":0.0,"event_name":"Big Fish","player_choice":"Donut","floor":5.0,"gold_loss":0.0,"damage_taken":0.0},{"damage_healed":0.0,"max_hp_gain":0.0,"max_hp_loss":0.0,"gold_gain":0.0,"event_name":"Shining Light","player_choice":"Entered Light","floor":10.0,"gold_loss":0.0,"damage_taken":17.0,"cards_upgraded":["Strike_R","Metallicize"]},{"damage_healed":0.0,"max_hp_gain":0.0,"max_hp_loss":0.0,"gold_gain":0.0,"event_name":"FaceTrader","player_choice":"Trade","floor":12.0,"gold_loss":0.0,"damage_taken":0.0,"relics_obtained":["SsserpentHead"]},{"damage_healed":0.0,"max_hp_gain":0.0,"max_hp_loss":0.0,"gold_gain":0.0,"event_name":"Beggar","player_choice":"Ignored","floor":21.0,"gold_loss":0.0,"damage_taken":0.0},{"damage_healed":0.0,"max_hp_gain":0.0,"max_hp_loss":0.0,"gold_gain":0.0,"event_name":"The Mausoleum","player_choice":"Opened","floor":29.0,"gold_loss":0.0,"damage_taken":0.0,"relics_obtained":["Ice Cream"]},{"damage_healed":0,"gold_gain":0,"player_choice":"Fight","damage_taken":0,"max_hp_gain":0,"max_hp_loss":0,"event_name":"Mysterious Sphere","floor":36,"gold_loss":0},{"damage_healed":0,"gold_gain":0,"player_choice":"Ignored","damage_taken":0,"max_hp_gain":0,"max_hp_loss":0,"event_name":"Tomb of Lord Red Mask","floor":38,"gold_loss":0}],"is_beta":false,"boss_relics":[{"not_picked":["Lizard Tail","Snecko Eye"],"picked":"Velvet Choker"},{"not_picked":["Black Blood","Philosopher\u0027s Stone"],"picked":"Fusion Hammer"}],"items_purged_floors":[3,47],"is_endless":false,"potions_floor_spawned":[2,4,11,16,22,28,33,35,37,45],"ascension_level":3}