{"gold_per_floor":[119,69,79,79,98,124,124,136,136,136,152,152,168,187,187,288,288,303,503,109,127,52,52,78,78,78,97,97,114,114,114,114,114],"floor_reached":33,"playtime":2307,"items_purged":["Strike_G"],"score":320,"play_id":"428857a4-7919-49f5-ba0a-3ccdaedbb90c","local_time":"20190106144409","is_ascension_mode":true,"campfire_choices":[{"floor":7.0,"key":"REST"},{"data":"Neutralize","floor":10.0,"key":"SMITH"},{"data":"Skewer","floor":12.0,"key":"SMITH"},{"data":"A Thousand Cuts","floor":15.0,"key":"SMITH"},{"floor":23.0,"key":"REST"},{"floor":25.0,"key":"REST"},{"floor":32,"key":"REST"}],"neow_cost":"NONE","seed_source_timestamp":0,"circlet_count":0,"master_deck":["Defend_G","Defend_G","Defend_G","Defend_G","Defend_G","Strike_G","Strike_G","Survivor","Neutralize+1","Skewer+1","Terror","Outmaneuver","Backflip","Flying Knee","A Thousand Cuts+1","Footwork","Glass Knife","Dodge and Roll","Sucker Punch","Blur","Dodge and Roll+1","Dash"],"special_seed":0,"relics":["Ring of the Snake","NeowsBlessing","Incense Burner","Du-Vu Doll","Black Star","Omamori","ClockworkSouvenir","Ginger","Ninja Scroll","Shuriken","MutagenicStrength"],"potions_floor_usage":[33],"damage_taken":[{"damage":0.0,"enemies":"Jaw Worm","floor":1.0,"turns":1.0},{"damage":0.0,"enemies":"2 Louse","floor":3.0,"turns":1.0},{"damage":0.0,"enemies":"Cultist","floor":5.0,"turns":1.0},{"damage":33.0,"enemies":"Gremlin Nob","floor":6.0,"turns":5.0},{"damage":26.0,"enemies":"Exordium Wildlife","floor":8.0,"turns":8.0},{"damage":0.0,"enemies":"Red Slaver","floor":11.0,"turns":5.0},{"damage":4.0,"enemies":"Large Slime","floor":13.0,"turns":3.0},{"damage":0.0,"enemies":"2 Fungi Beasts","floor":14.0,"turns":3.0},{"damage":7.0,"enemies":"Hexaghost","floor":16.0,"turns":9.0},{"damage":16.0,"enemies":"2 Thieves","floor":18.0,"turns":4.0},{"damage":18.0,"enemies":"3 Byrds","floor":21.0,"turns":5.0},{"damage":34.0,"enemies":"Book of Stabbing","floor":24.0,"turns":7.0},{"damage":5.0,"enemies":"Cultist and Chosen","floor":27.0,"turns":7.0},{"damage":13.0,"enemies":"Centurion and Healer","floor":29.0,"turns":8.0},{"damage":72,"enemies":"Champ","floor":33,"turns":11}],"seed_played":"-7118198628597807800","potions_obtained":[{"floor":1.0,"key":"Strength Potion"},{"floor":11.0,"key":"AttackPotion"},{"floor":13.0,"key":"Explosive Potion"},{"floor":21.0,"key":"Weak Potion"},{"floor":24.0,"key":"SteroidPotion"},{"floor":29.0,"key":"FairyPotion"}],"is_trial":false,"path_per_floor":["M","?","M","?","M","E","R","M","T","R","M","R","M","M","R","B",null,"M","?","$","M","$","R","E","R","T","M","?","M","?","?","R","B"],"character_chosen":"THE_SILENT","items_purchased":["Sucker Punch","Omamori","ClockworkSouvenir"],"campfire_rested":4,"item_purchase_floors":[20,20,20],"current_hp_per_floor":[70,70,70,70,70,37,58,32,32,32,32,32,28,28,28,21,70,54,54,54,36,36,57,23,44,44,39,39,26,26,26,47,0],"gold":114,"neow_bonus":"THREE_ENEMY_KILL","is_prod":false,"is_daily":false,"chose_seed":false,"campfire_upgraded":3,"win_rate":0,"timestamp":1546811049,"path_taken":["M","?","M","?","M","E","R","M","T","R","M","R","?","M","R","BOSS","M","?","$","?","?","R","E","R","T","M","?","M","?","?","R","BOSS"],"build_version":"2019-01-03v4","purchased_purges":1,"victory":false,"max_hp_per_floor":[70,70,70,70,70,70,70,70,70,70,70,70,70,70,70,70,70,70,70,70,70,70,70,70,70,70,70,70,70,70,70,70,70],"card_choices":[{"not_picked":["Backstab","PiercingWail"],"picked":"Skewer","floor":1.0},{"not_picked":["Backstab","Distraction"],"picked":"Terror","floor":3.0},{"not_picked":["Tactician","Slice"],"picked":"Backflip","floor":5.0},{"not_picked":["Masterful Stab","Accuracy"],"picked":"Flying Knee","floor":6.0},{"not_picked":["Deadly Poison","Prepared","Flechettes"],"picked":"SKIP","floor":8.0},{"not_picked":["Dodge and Roll","Slice","Underhanded Strike"],"picked":"SKIP","floor":11.0},{"not_picked":["Quick Slash","Slice"],"picked":"A Thousand Cuts","floor":13.0},{"not_picked":["Dagger Throw","Flying Knee"],"picked":"Footwork","floor":14.0},{"not_picked":["A Thousand Cuts","Unload"],"picked":"Glass Knife","floor":16.0},{"not_picked":["Deadly Poison+1","Finisher"],"picked":"Dodge and Roll","floor":18.0},{"not_picked":["Poisoned Stab","Acrobatics","Deadly Poison"],"picked":"SKIP","floor":21.0},{"not_picked":["Poisoned Stab","Acrobatics","Deadly Poison"],"picked":"SKIP","floor":21.0},{"not_picked":["Flying Knee","Escape Plan+1"],"picked":"Blur","floor":24.0},{"not_picked":["Die Die Die","Acrobatics"],"picked":"Dodge and Roll+1","floor":27.0},{"not_picked":["Poisoned Stab","Dagger Throw"],"picked":"Dash","floor":29.0}],"player_experience":1679755,"relics_obtained":[{"floor":6.0,"key":"Incense Burner"},{"floor":9.0,"key":"Du-Vu Doll"},{"floor":24.0,"key":"Ginger"},{"floor":24.0,"key":"Ninja Scroll"},{"floor":26.0,"key":"Shuriken"}],"event_choices":[{"cards_removed":["Strike_G"],"damage_healed":0.0,"max_hp_gain":0.0,"max_hp_loss":0.0,"gold_gain":0.0,"event_name":"The Cleric","player_choice":"Card Removal","floor":2.0,"gold_loss":50.0,"damage_taken":0.0},{"damage_healed":0.0,"max_hp_gain":0.0,"max_hp_loss":0.0,"gold_gain":0.0,"cards_transformed":["Strike_G"],"event_name":"Transmorgrifier","player_choice":"Transformed","floor":4.0,"gold_loss":0.0,"damage_taken":0.0,"cards_obtained":["Outmaneuver"]},{"damage_healed":0.0,"max_hp_gain":0.0,"max_hp_loss":0.0,"gold_gain":250.0,"event_name":"The Joust","player_choice":"Bet on Owner","floor":19.0,"gold_loss":50.0,"damage_taken":0.0},{"damage_healed":0.0,"max_hp_gain":0.0,"max_hp_loss":0.0,"gold_gain":0.0,"event_name":"Vampires","player_choice":"Ignored","floor":28.0,"gold_loss":0.0,"damage_taken":0.0},{"damage_healed":0.0,"max_hp_gain":0.0,"max_hp_loss":0.0,"gold_gain":0.0,"event_name":"Ghosts","player_choice":"Ignored","floor":30.0,"gold_loss":0.0,"damage_taken":0.0},{"damage_healed":0.0,"max_hp_gain":0.0,"max_hp_loss":0.0,"gold_gain":0.0,"event_name":"Drug Dealer","player_choice":"Inject Mutagens","floor":31.0,"gold_loss":0.0,"damage_taken":0.0,"relics_obtained":["MutagenicStrength"]}],"is_beta":false,"boss_relics":[{"not_picked":["Coffee Dripper","White Beast Statue"],"picked":"Black Star"}],"items_purged_floors":[22],"is_endless":false,"potions_floor_spawned":[1,11,13,21,24,29],"killed_by":"Champ","ascension_level":4}