{"gold_per_floor":[112,112,131,152,77,120,120,133,156,156,116,151,151,20,20,146,146,130,144,198,217,241,241,262,262,262,262,278,278,278,303,303,303],"floor_reached":33,"playtime":4368,"items_purged":["Injury"],"score":338,"play_id":"82ebd28d-1864-4249-94b0-ab478d4c9193","local_time":"20190122005608","is_ascension_mode":true,"campfire_choices":[{"data":"Footwork","floor":7,"key":"SMITH"},{"data":"Neutralize","floor":10,"key":"SMITH"},{"data":"Dagger Spray","floor":13,"key":"SMITH"},{"data":"Calculated Gamble","floor":15,"key":"SMITH"},{"data":"Sucker Punch","floor":23,"key":"SMITH"},{"data":"Burst","floor":27,"key":"SMITH"},{"floor":29,"key":"REST"},{"floor":32,"key":"REST"}],"neow_cost":"NONE","seed_source_timestamp":1252957442685654,"circlet_count":0,"master_deck":["Defend_G","Defend_G","Defend_G","Defend_G","Strike_G","Strike_G","Strike_G","Strike_G","Survivor","Neutralize+1","Backflip","Flying Knee","Footwork+1","Cloak And Dagger","Dagger Spray+1","Calculated Gamble+1","Well Laid Plans","Burst+1","Dodge and Roll","Sucker Punch+1","PiercingWail","Flying Knee","Cloak And Dagger","Tactician"],"relics":["Ring of the Snake","Golden Idol","Potion Belt","Anchor","Centennial Puzzle","White Beast Statue","Bag of Preparation","Lantern","WingedGreaves"],"potions_floor_usage":[12,12,16,18,19,21,22,24,24,28,33,33,33],"damage_taken":[{"damage":3,"enemies":"Jaw Worm","floor":1,"turns":7},{"damage":0,"enemies":"2 Louse","floor":3,"turns":3},{"damage":0,"enemies":"Cultist","floor":4,"turns":5},{"damage":19,"enemies":"3 Sentries","floor":6,"turns":15},{"damage":6,"enemies":"Red Slaver","floor":8,"turns":5},{"damage":0,"enemies":"Lagavulin","floor":12,"turns":5},{"damage":12,"enemies":"The Guardian","floor":16,"turns":17},{"damage":5,"enemies":"2 Thieves","floor":18,"turns":5},{"damage":0,"enemies":"Chosen","floor":19,"turns":8},{"damage":1,"enemies":"Centurion and Healer","floor":21,"turns":10},{"damage":18,"enemies":"Cultist and Chosen","floor":22,"turns":11},{"damage":7,"enemies":"Shelled Parasite and Fungi","floor":24,"turns":10},{"damage":20,"enemies":"Sentry and Sphere","floor":28,"turns":10},{"damage":9,"enemies":"Snake Plant","floor":31,"turns":7},{"damage":72,"enemies":"Automaton","floor":33,"turns":12}],"seed_played":"-2395759717302495272","potions_obtained":[{"floor":4,"key":"EssenceOfSteel"},{"floor":11,"key":"Fire Potion"},{"floor":11,"key":"Poison Potion"},{"floor":11,"key":"SneckoOil"},{"floor":12,"key":"FearPotion"},{"floor":16,"key":"Regen Potion"},{"floor":18,"key":"PowerPotion"},{"floor":19,"key":"AttackPotion"},{"floor":21,"key":"SteroidPotion"},{"floor":22,"key":"SkillPotion"},{"floor":24,"key":"Explosive Potion"},{"floor":28,"key":"Swift Potion"},{"floor":31,"key":"GamblersBrew"}],"is_trial":false,"path_per_floor":["M","?","M","M","$","E","R","M","T","R","?","E","R","$","R","B",null,"M","M","T","M","M","R","M","?","T","R","M","R","?","M","R","B"],"character_chosen":"THE_SILENT","items_purchased":["Well Laid Plans","Block Potion"],"campfire_rested":2,"item_purchase_floors":[14,14],"current_hp_per_floor":[67,67,67,67,67,48,48,42,42,42,42,42,42,42,42,30,70,65,65,65,64,46,46,54,54,54,54,34,55,55,46,67,0],"gold":303,"neow_bonus":"REMOVE_CARD","is_prod":false,"is_daily":false,"chose_seed":false,"campfire_upgraded":6,"win_rate":0,"timestamp":1548143768,"path_taken":["M","?","M","M","$","E","R","M","T","R","?","E","R","$","R","BOSS","M","?","?","M","M","R","M","?","T","R","?","R","?","M","R","BOSS"],"build_version":"2019-01-17v2","purchased_purges":1,"victory":false,"max_hp_per_floor":[70,70,70,70,70,70,70,70,70,70,70,70,70,70,70,70,70,70,70,70,70,70,70,70,70,70,70,70,70,70,70,70,70],"card_choices":[{"not_picked":["Deflect","Reflex"],"picked":"Backflip","floor":1},{"not_picked":["Calculated Gamble","Cloak And Dagger"],"picked":"Flying Knee","floor":3},{"not_picked":["Dagger Spray","Quick Slash"],"picked":"Footwork","floor":4},{"not_picked":["Finisher","Distraction"],"picked":"Cloak And Dagger","floor":6},{"not_picked":["Acrobatics","Slice"],"picked":"Dagger Spray","floor":8},{"not_picked":["Eviscerate","Tactician"],"picked":"Calculated Gamble","floor":12},{"not_picked":["Doppelganger","A Thousand Cuts"],"picked":"Burst","floor":16},{"not_picked":["Deflect+1","Prepared"],"picked":"Dodge and Roll","floor":18},{"not_picked":["Poisoned Stab","Distraction+1","Deadly Poison"],"picked":"SKIP","floor":19},{"not_picked":["Quick Slash","Choke","Underhanded Strike"],"picked":"SKIP","floor":21},{"not_picked":["Eviscerate+1","Finisher"],"picked":"Sucker Punch","floor":22},{"not_picked":["Escape Plan+1","Dagger Spray"],"picked":"PiercingWail","floor":24},{"not_picked":["Dagger Spray","PiercingWail"],"picked":"Flying Knee","floor":28},{"not_picked":["A Thousand Cuts","Accuracy"],"picked":"Tactician","floor":31}],"player_experience":1724975,"relics_obtained":[{"floor":6,"key":"Potion Belt"},{"floor":9,"key":"Anchor"},{"floor":12,"key":"Centennial Puzzle"},{"floor":20,"key":"Bag of Preparation"},{"floor":26,"key":"WingedGreaves"}],"event_choices":[{"damage_healed":0,"gold_gain":0,"player_choice":"Take Wound","damage_taken":0,"relics_obtained":["Golden Idol"],"max_hp_gain":0,"max_hp_loss":0,"event_name":"Golden Idol","floor":2,"gold_loss":0,"cards_obtained":["Injury"]},{"damage_healed":0,"gold_gain":0,"player_choice":"Bought 3 Potions","damage_taken":0,"max_hp_gain":0,"max_hp_loss":0,"event_name":"The Woman in Blue","floor":11,"gold_loss":0},{"damage_healed":0,"gold_gain":0,"player_choice":"Gave Potion","damage_taken":0,"relics_obtained":["Lantern"],"max_hp_gain":0,"max_hp_loss":0,"event_name":"WeMeetAgain","floor":25,"gold_loss":0},{"damage_healed":0,"gold_gain":0,"cards_transformed":["Defend_G"],"player_choice":"Transformed","damage_taken":0,"max_hp_gain":0,"max_hp_loss":0,"event_name":"Transmorgrifier","floor":30,"gold_loss":0,"cards_obtained":["Cloak And Dagger"]}],"is_beta":false,"boss_relics":[{"not_picked":["Lizard Tail","Astrolabe"],"picked":"White Beast Statue"}],"items_purged_floors":[5],"is_endless":false,"potions_floor_spawned":[4,12,16,18,19,21,22,24,28,31],"killed_by":"Automaton","ascension_level":4}