{"gold_per_floor":[114,132,147,166,176,176,192,192,218,293,293,322,322,322,322,418,418,437,448,448,13,24,38,55,55],"floor_reached":25,"playtime":1902,"items_purged":[],"score":248,"play_id":"375a1cfd-0efb-42d8-bf36-5f28d51ab3d6","local_time":"20181204084333","is_ascension_mode":true,"campfire_choices":[{"data":"Zap","floor":6.0,"key":"SMITH"},{"data":"Barrage","floor":8.0,"key":"SMITH"},{"data":"Self Repair","floor":11.0,"key":"SMITH"},{"data":"Dualcast","floor":13.0,"key":"SMITH"},{"floor":15.0,"key":"REST"}],"neow_cost":"TEN_PERCENT_HP_LOSS","seed_source_timestamp":1348883410274,"circlet_count":0,"master_deck":["Strike_B","Strike_B","Strike_B","Strike_B","Defend_B","Defend_B","Defend_B","Defend_B","Zap+1","Dualcast+1","Coolheaded","Hologram","Steam","Self Repair+1","Barrage+1","Sunder","Parasite","Echo Form","Conserve Battery","Aggregate+1","Consume","Leap","Skim","Double Energy","Leap"],"special_seed":0,"relics":["Cracked Core","Unceasing Top","Vajra","Peace Pipe","Inserter","Juzu Bracelet","Emotion Chip"],"potions_floor_usage":[16,22,23,25],"damage_taken":[{"damage":7.0,"enemies":"Small Slimes","floor":1.0,"turns":3.0},{"damage":5.0,"enemies":"Jaw Worm","floor":2.0,"turns":4.0},{"damage":1.0,"enemies":"2 Louse","floor":3.0,"turns":4.0},{"damage":0.0,"enemies":"2 Fungi Beasts","floor":4.0,"turns":5.0},{"damage":8.0,"enemies":"Blue Slaver","floor":5.0,"turns":4.0},{"damage":8.0,"enemies":"3 Louse","floor":7.0,"turns":3.0},{"damage":30.0,"enemies":"3 Sentries","floor":12.0,"turns":7.0},{"damage":8,"enemies":"Slime Boss","floor":16,"turns":9},{"damage":6,"enemies":"Chosen","floor":18,"turns":5},{"damage":16,"enemies":"Spheric Guardian","floor":19,"turns":4},{"damage":15,"enemies":"Chosen and Byrds","floor":22,"turns":7},{"damage":8,"enemies":"Shelled Parasite and Fungi","floor":23,"turns":5},{"damage":21,"enemies":"Cultist and Chosen","floor":24,"turns":8},{"damage":58,"enemies":"Book of Stabbing","floor":25,"turns":5}],"seed_played":"-3354484799935350941","potions_obtained":[{"floor":2.0,"key":"Weak Potion"},{"floor":5.0,"key":"Weak Potion"},{"floor":19,"key":"SkillPotion"},{"floor":24,"key":"Regen Potion"}],"is_trial":false,"path_per_floor":["M","M","M","M","M","R","M","R","T","?","R","E","R","?","R","B",null,"M","M","?","$","M","M","M","E"],"character_chosen":"DEFECT","items_purchased":["Emotion Chip","Consume","Leap"],"campfire_rested":1,"item_purchase_floors":[21,21,21],"current_hp_per_floor":[61,56,55,55,54,54,53,53,53,42,42,22,22,39,59,61,68,68,62,62,62,47,49,38,0],"gold":55,"neow_bonus":"ONE_RARE_RELIC","is_prod":false,"is_daily":false,"chose_seed":false,"campfire_upgraded":4,"win_rate":0,"timestamp":1543941813,"path_taken":["M","M","M","M","M","R","M","R","T","?","R","E","R","?","R","BOSS","M","M","?","$","M","M","M","E"],"build_version":"2018-11-15","purchased_purges":0,"victory":false,"max_hp_per_floor":[68,68,68,68,68,68,68,68,68,68,68,68,68,68,68,68,68,68,68,68,68,68,68,68,68],"card_choices":[{"not_picked":["Barrage","Ball Lightning"],"picked":"Coolheaded","floor":1.0},{"not_picked":["Gash","Redo"],"picked":"Hologram","floor":2.0},{"not_picked":["Rebound","Consume"],"picked":"Steam","floor":3.0},{"not_picked":["Turbo","Compile Driver"],"picked":"Self Repair","floor":4.0},{"not_picked":["Gash","Thunder Strike","Redo"],"picked":"SKIP","floor":5.0},{"not_picked":["Beam Cell","Storm"],"picked":"Barrage","floor":7.0},{"not_picked":["Reinforced Body","Ball Lightning"],"picked":"Sunder","floor":12.0},{"not_picked":["All For One","Meteor Strike"],"picked":"Echo Form","floor":16},{"not_picked":["Sweeping Beam","Barrage"],"picked":"Conserve Battery","floor":18},{"not_picked":["Redo","Steam"],"picked":"Aggregate+1","floor":19},{"not_picked":["Steam+1","Conserve Battery"],"picked":"Skim","floor":22},{"not_picked":["Steam","Sweeping Beam"],"picked":"Double Energy","floor":23},{"not_picked":["Beam Cell","Steam"],"picked":"Leap","floor":24}],"player_experience":361708,"relics_obtained":[{"floor":9.0,"key":"Vajra"},{"floor":12.0,"key":"Peace Pipe"}],"event_choices":[{"damage_healed":0.0,"max_hp_gain":0.0,"max_hp_loss":0.0,"gold_gain":75.0,"event_name":"World of Goop","player_choice":"Gather Gold","floor":10.0,"gold_loss":0.0,"damage_taken":11.0},{"damage_healed":17.0,"max_hp_gain":0.0,"max_hp_loss":0.0,"gold_gain":0.0,"event_name":"Mushrooms","player_choice":"Healed and dodged fight","floor":14.0,"gold_loss":0.0,"damage_taken":0.0,"cards_obtained":["Parasite"]},{"damage_healed":0,"gold_gain":0,"player_choice":"Opened","damage_taken":0,"relics_obtained":["Juzu Bracelet"],"max_hp_gain":0,"max_hp_loss":0,"event_name":"The Mausoleum","floor":20,"gold_loss":0}],"is_beta":false,"boss_relics":[{"not_picked":["Snecko Eye","Cursed Key"],"picked":"Inserter"}],"items_purged_floors":[],"is_endless":false,"potions_floor_spawned":[2,5,19,24],"killed_by":"Book of Stabbing","ascension_level":4}