{"gold_per_floor":[112,112,112,139,139,139,159,5,5,32,32,44,57,74,74,171,171,188,188,175,195,213,213,226,253,303,378,396,18,18,18,18,119,119,129,141,141],"floor_reached":37,"playtime":7348,"items_purged":["Pain","Defend_G"],"score":533,"play_id":"ad054b8b-850b-449f-8fcf-1891ae059eb9","local_time":"20190402170750","is_ascension_mode":true,"campfire_choices":[{"data":"Neutralize","floor":6.0,"key":"SMITH"},{"data":"Footwork","floor":15.0,"key":"SMITH"},{"data":"Terror","floor":23.0,"key":"SMITH"},{"data":"Skewer","floor":30.0,"key":"SMITH"},{"data":"Phantasmal Killer","floor":32.0,"key":"SMITH"}],"neow_cost":"NONE","seed_source_timestamp":0,"circlet_count":0,"master_deck":["Defend_G","Defend_G","Defend_G","Defend_G+1","Survivor","Neutralize+1","Footwork+1","Skewer+1","Blade Dance","Sucker Punch","PiercingWail","Backflip+1","Phantasmal Killer+1","Dodge and Roll+1","Bite","Bite","Bite","Bite","Bite","Terror+1","PiercingWail","Slice+1","Prepared+1","Slice","Acrobatics","Well Laid Plans","Backflip","Storm of Steel","Infinite Blades"],"special_seed":0,"relics":["Ring of the Snake","Juzu Bracelet","Strawberry","WarpedTongs","Darkstone Periapt","Shuriken","WristBlade","Kunai","Ancient Tea Set","War Paint","Sozu"],"potions_floor_usage":[37],"damage_taken":[{"damage":3.0,"enemies":"Small Slimes","floor":1.0,"turns":4.0},{"damage":3.0,"enemies":"Jaw Worm","floor":7.0,"turns":4.0},{"damage":22.0,"enemies":"Lagavulin","floor":10.0,"turns":8.0},{"damage":2.0,"enemies":"Cultist","floor":12.0,"turns":4.0},{"damage":0.0,"enemies":"3 Louse","floor":13.0,"turns":1.0},{"damage":12.0,"enemies":"Exordium Thugs","floor":14.0,"turns":5.0},{"damage":6.0,"enemies":"Hexaghost","floor":16.0,"turns":10.0},{"damage":16.0,"enemies":"Spheric Guardian","floor":18.0,"turns":7.0},{"damage":30.0,"enemies":"2 Thieves","floor":20.0,"turns":4.0},{"damage":0.0,"enemies":"Snecko","floor":21.0,"turns":5.0},{"damage":6.0,"enemies":"Snake Plant","floor":22.0,"turns":7.0},{"damage":2.0,"enemies":"Centurion and Healer","floor":24.0,"turns":6.0},{"damage":16.0,"enemies":"Slavers","floor":25.0,"turns":8.0},{"damage":11.0,"enemies":"Cultist and Chosen","floor":28.0,"turns":8.0},{"damage":7.0,"enemies":"Colosseum Slavers","floor":31.0,"turns":4.0},{"damage":69.0,"enemies":"Champ","floor":33.0,"turns":14.0},{"damage":0,"enemies":"3 Shapes","floor":35,"turns":6},{"damage":28,"enemies":"3 Darklings","floor":36,"turns":6},{"damage":51,"enemies":"2 Orb Walkers","floor":37,"turns":5}],"seed_played":"5505030229578793655","potions_obtained":[{"floor":1.0,"key":"Explosive Potion"},{"floor":12.0,"key":"Weak Potion"},{"floor":14.0,"key":"LiquidBronze"},{"floor":20.0,"key":"EntropicBrew"},{"floor":21.0,"key":"Block Potion"},{"floor":28.0,"key":"GhostInAJar"},{"floor":33.0,"key":"Ancient Potion"}],"is_trial":false,"path_per_floor":["M","?","?","T","?","R","M","$","T","E","$","M","M","M","R","B",null,"M","?","M","M","M","R","M","E","T","?","M","$","R","?","R","B",null,"M","M","?"],"character_chosen":"THE_SILENT","items_purchased":["Skewer","War Paint","Well Laid Plans","Backflip"],"campfire_rested":0,"item_purchase_floors":[8,29,29,29],"current_hp_per_floor":[60,35,58,65,65,65,62,62,62,40,40,38,38,26,26,20,63,47,47,28,36,48,48,53,53,53,48,50,50,50,51,51,11,43,53,37,0],"gold":141,"neow_bonus":"RANDOM_COMMON_RELIC","is_prod":false,"is_daily":false,"chose_seed":false,"campfire_upgraded":5,"win_rate":0,"timestamp":1554246470,"path_taken":["M","?","?","?","?","R","M","$","T","E","$","M","M","M","R","BOSS","M","?","M","M","M","R","M","E","T","?","M","$","R","?","R","BOSS","M","M","?"],"build_version":"2019-01-23","purchased_purges":2,"victory":false,"max_hp_per_floor":[70,70,70,77,77,77,77,77,77,77,77,77,77,77,77,77,77,77,53,53,53,53,53,53,53,53,53,53,53,53,53,53,53,53,53,53,53],"card_choices":[{"not_picked":["Outmaneuver","Infinite Blades","Dodge and Roll"],"picked":"SKIP","floor":1.0},{"not_picked":["PiercingWail","Blade Dance"],"picked":"Footwork","floor":7.0},{"not_picked":["Glass Knife","Prepared"],"picked":"Blade Dance","floor":10.0},{"not_picked":["Bouncing Flask","Slice"],"picked":"Sucker Punch","floor":12.0},{"not_picked":["Prepared","Blade Dance"],"picked":"PiercingWail","floor":13.0},{"not_picked":["Flechettes","Slice"],"picked":"Backflip","floor":14.0},{"not_picked":["Corpse Explosion","Bullet Time"],"picked":"Phantasmal Killer","floor":16.0},{"not_picked":["Acrobatics","Concentrate"],"picked":"Dodge and Roll+1","floor":18.0},{"not_picked":["Deadly Poison+1","Bane+1"],"picked":"Terror","floor":20.0},{"not_picked":["Eviscerate","Underhanded Strike"],"picked":"PiercingWail","floor":21.0},{"not_picked":["Escape Plan","Flechettes"],"picked":"Slice+1","floor":22.0},{"not_picked":["Dagger Throw","Flying Knee"],"picked":"Prepared+1","floor":24.0},{"not_picked":["Corpse Explosion","Sucker Punch"],"picked":"Slice","floor":25.0},{"not_picked":["Choke","All Out Attack+1"],"picked":"Acrobatics","floor":28.0},{"not_picked":["Glass Knife","Die Die Die"],"picked":"Storm of Steel","floor":33.0},{"not_picked":["Choke","Tactician"],"picked":"Infinite Blades","floor":35},{"not_picked":["Masterful Stab+1","Sucker Punch+1","Endless Agony+1"],"picked":"SKIP","floor":36}],"player_experience":1943829,"relics_obtained":[{"floor":4.0,"key":"Strawberry"},{"floor":9.0,"key":"Darkstone Periapt"},{"floor":10.0,"key":"Shuriken"},{"floor":25.0,"key":"Kunai"},{"floor":26.0,"key":"Ancient Tea Set"}],"event_choices":[{"damage_healed":0.0,"max_hp_gain":0.0,"max_hp_loss":0.0,"gold_gain":0.0,"event_name":"Scrap Ooze","player_choice":"Fled","floor":2.0,"gold_loss":0.0,"damage_taken":25.0},{"damage_healed":23.0,"max_hp_gain":0.0,"max_hp_loss":0.0,"gold_gain":0.0,"event_name":"Big Fish","player_choice":"Banana","floor":3.0,"gold_loss":0.0,"damage_taken":0.0},{"damage_healed":0.0,"max_hp_gain":0.0,"max_hp_loss":0.0,"gold_gain":0.0,"event_name":"Accursed Blacksmith","player_choice":"Rummage","floor":5.0,"gold_loss":0.0,"damage_taken":0.0,"relics_obtained":["WarpedTongs"],"cards_obtained":["Pain"]},{"damage_healed":0.0,"max_hp_gain":0.0,"max_hp_loss":24.0,"gold_gain":0.0,"event_name":"Vampires","player_choice":"Became a vampire","floor":19.0,"gold_loss":0.0,"damage_taken":0.0,"cards_obtained":["Bite","Bite","Bite","Bite","Bite"]},{"damage_healed":0.0,"max_hp_gain":0.0,"max_hp_loss":0.0,"gold_gain":75.0,"event_name":"FaceTrader","player_choice":"Touch","floor":27.0,"gold_loss":0.0,"damage_taken":5.0},{"damage_healed":0.0,"max_hp_gain":0.0,"max_hp_loss":0.0,"gold_gain":0.0,"event_name":"Colosseum","player_choice":"Fight","floor":31.0,"gold_loss":0.0,"damage_taken":0.0},{"damage_healed":0.0,"max_hp_gain":0.0,"max_hp_loss":0.0,"gold_gain":0.0,"event_name":"Colosseum","player_choice":"Fled From Nobs","floor":31.0,"gold_loss":0.0,"damage_taken":0.0},{"damage_healed":0,"gold_gain":0,"player_choice":"Fight","damage_taken":0,"max_hp_gain":0,"max_hp_loss":0,"event_name":"Mysterious Sphere","floor":37,"gold_loss":0}],"is_beta":false,"boss_relics":[{"not_picked":["Runic Pyramid","Ectoplasm"],"picked":"WristBlade"},{"not_picked":["Orrery","Runic Dome"],"picked":"Sozu"}],"items_purged_floors":[8,29],"is_endless":false,"potions_floor_spawned":[1,12,14,20,21,28,33,35],"killed_by":"2 Orb Walkers","ascension_level":6}