{"gold_per_floor":[119,130,130,146,146,146,167,190,216,216,256,256,270,32,32,160,160,143,68,68,88,107,22,37,37,90,54,54,65,82,101,101,101],"floor_reached":33,"playtime":10445,"items_purged":[],"score":339,"play_id":"a85d4cc8-8cfb-413e-a56a-d1ae62fd8a23","local_time":"20190725022701","is_ascension_mode":true,"campfire_choices":[{"data":"Neutralize","floor":6,"key":"SMITH"},{"data":"Skewer","floor":10,"key":"SMITH"},{"data":"Leg Sweep","floor":12,"key":"SMITH"},{"floor":15,"key":"REST"},{"floor":28,"key":"REST"},{"floor":32,"key":"REST"}],"neow_cost":"NONE","seed_source_timestamp":5303799373262645,"circlet_count":0,"master_deck":["Strike_G","Strike_G","Strike_G","Strike_G","Defend_G","Defend_G","Defend_G","Defend_G","Survivor","Neutralize+1","Skewer+1","Dodge and Roll","Leg Sweep+1","Outmaneuver","Tools of the Trade","Footwork","Caltrops","Quick Slash+1","Outmaneuver","Acrobatics","Sucker Punch+1","Well Laid Plans","PiercingWail+1"],"relics":["Ring of the Snake","Oddly Smooth Stone","Bloody Idol","Blood Vial","Bag of Marbles","Molten Egg 2","Orrery","Strawberry","Regal Pillow"],"potions_floor_usage":[11,16,16,18,24,29,30,30,33,33],"damage_taken":[{"damage":1,"enemies":"Jaw Worm","floor":1,"turns":6},{"damage":2,"enemies":"Small Slimes","floor":2,"turns":6},{"damage":6,"enemies":"Cultist","floor":4,"turns":3},{"damage":0,"enemies":"Red Slaver","floor":7,"turns":5},{"damage":0,"enemies":"3 Louse","floor":8,"turns":5},{"damage":18,"enemies":"Gremlin Nob","floor":11,"turns":4},{"damage":11,"enemies":"Looter","floor":13,"turns":2},{"damage":33,"enemies":"Slime Boss","floor":16,"turns":18},{"damage":3,"enemies":"2 Thieves","floor":18,"turns":4},{"damage":12,"enemies":"Spheric Guardian","floor":21,"turns":6},{"damage":24,"enemies":"Cultist and Chosen","floor":22,"turns":10},{"damage":21,"enemies":"Centurion and Healer","floor":24,"turns":14},{"damage":6,"enemies":"Snake Plant","floor":29,"turns":5},{"damage":13,"enemies":"3 Cultists","floor":30,"turns":7},{"damage":30,"enemies":"Cultist and Chosen","floor":31,"turns":10},{"damage":84,"enemies":"Automaton","floor":33,"turns":12}],"seed_played":"-2180332191816290559","potions_obtained":[{"floor":7,"key":"AttackPotion"},{"floor":8,"key":"GhostInAJar"},{"floor":13,"key":"Fire Potion"},{"floor":16,"key":"Energy Potion"},{"floor":22,"key":"Weak Potion"},{"floor":24,"key":"Dexterity Potion"},{"floor":25,"key":"Block Potion"},{"floor":25,"key":"Energy Potion"},{"floor":29,"key":"Strength Potion"},{"floor":31,"key":"Explosive Potion"}],"is_trial":false,"path_per_floor":["M","M","?","M","?","R","M","M","T","R","E","R","M","$","R","B",null,"M","?","?","M","M","?","M","?","T","$","R","M","M","M","R","B"],"character_chosen":"THE_SILENT","items_purchased":["Molten Egg 2","Well Laid Plans"],"campfire_rested":3,"item_purchase_floors":[14,27],"current_hp_per_floor":[62,60,60,54,54,54,54,54,54,54,38,38,29,29,48,17,53,52,52,52,47,30,37,23,23,28,28,64,65,59,36,72,0],"gold":101,"neow_bonus":"RANDOM_COMMON_RELIC","is_prod":false,"is_daily":false,"chose_seed":false,"campfire_upgraded":3,"win_rate":0,"timestamp":1564043221,"path_taken":["M","M","?","M","?","R","?","M","T","R","E","R","M","?","R","BOSS","M","?","?","M","M","?","M","?","T","$","R","M","?","?","R","BOSS"],"build_version":"2019-07-17","purchased_purges":0,"victory":false,"max_hp_per_floor":[70,70,65,65,65,65,65,65,65,65,65,65,65,65,65,65,65,65,65,65,65,65,72,72,72,72,72,72,72,72,72,72,72],"card_choices":[{"not_picked":["Dagger Spray","Dagger Throw","Prepared"],"picked":"SKIP","floor":1},{"not_picked":["Blade Dance","Deadly Poison"],"picked":"Skewer","floor":2},{"not_picked":["Blade Dance","Skewer"],"picked":"Dodge and Roll","floor":4},{"not_picked":["Crippling Poison","Acrobatics"],"picked":"Leg Sweep","floor":7},{"not_picked":["Bane","Reflex","All Out Attack"],"picked":"SKIP","floor":8},{"not_picked":["Underhanded Strike","Escape Plan"],"picked":"Outmaneuver","floor":11},{"not_picked":["Eviscerate","Infinite Blades","Leg Sweep"],"picked":"SKIP","floor":13},{"not_picked":["Malaise","Bullet Time"],"picked":"Tools of the Trade","floor":16},{"not_picked":["Quick Slash+1","Tactician"],"picked":"Footwork","floor":17},{"not_picked":["Endless Agony+1","Prepared"],"picked":"Caltrops","floor":17},{"not_picked":["Finisher+1","Bane+1"],"picked":"Quick Slash+1","floor":17},{"not_picked":["Prepared","Blade Dance"],"picked":"Outmaneuver","floor":17},{"not_picked":["Bane+1","Slice+1","Quick Slash+1"],"picked":"SKIP","floor":18},{"not_picked":["All Out Attack+1","Infinite Blades+1"],"picked":"Acrobatics","floor":21},{"not_picked":["Leg Sweep","Prepared","Slice+1"],"picked":"SKIP","floor":22},{"not_picked":["Catalyst","Distraction"],"picked":"Sucker Punch+1","floor":24},{"not_picked":["Reflex","Bouncing Flask","Leg Sweep+1"],"picked":"SKIP","floor":29},{"not_picked":["Envenom","Bane+1","Sucker Punch+1"],"picked":"SKIP","floor":30},{"not_picked":["Deflect","Masterful Stab+1"],"picked":"PiercingWail+1","floor":31}],"player_experience":1986553,"relics_obtained":[{"floor":9,"key":"Blood Vial"},{"floor":11,"key":"Bag of Marbles"},{"floor":26,"key":"Regal Pillow"}],"event_choices":[{"damage_healed":0,"gold_gain":0,"player_choice":"Lose Max HP","damage_taken":0,"relics_obtained":["Golden Idol"],"max_hp_gain":0,"max_hp_loss":5,"event_name":"Golden Idol","floor":3,"gold_loss":0},{"cards_removed":["Strike_G"],"damage_healed":0,"gold_gain":0,"player_choice":"Offered Basic","damage_taken":0,"max_hp_gain":0,"max_hp_loss":0,"event_name":"Bonfire Elementals","floor":5,"gold_loss":0},{"cards_removed":["Defend_G"],"damage_healed":0,"gold_gain":0,"player_choice":"Gave Gold","damage_taken":0,"max_hp_gain":0,"max_hp_loss":0,"event_name":"Beggar","floor":19,"gold_loss":75},{"damage_healed":0,"gold_gain":0,"player_choice":"Gave Idol","damage_taken":0,"relics_obtained":["Bloody Idol"],"max_hp_gain":0,"max_hp_loss":0,"event_name":"Forgotten Altar","floor":20,"relics_lost":["Golden Idol"],"gold_loss":0},{"damage_healed":0,"gold_gain":0,"player_choice":"Obtained Relic","damage_taken":0,"relics_obtained":["Strawberry"],"max_hp_gain":0,"max_hp_loss":0,"event_name":"Addict","floor":23,"gold_loss":85},{"damage_healed":0,"gold_gain":0,"player_choice":"Got Potions","damage_taken":0,"max_hp_gain":0,"max_hp_loss":0,"event_name":"Lab","floor":25,"gold_loss":0}],"is_beta":false,"boss_relics":[{"not_picked":["Pandora\u0027s Box","Runic Dome"],"picked":"Orrery"}],"items_purged_floors":[],"is_endless":false,"potions_floor_spawned":[7,8,13,16,22,24,29,31],"killed_by":"Automaton","ascension_level":7}