{"gold_per_floor":[114,114,125,136,154,154,154,169,169,169,131,149,77,77,77,178,178,158,170,170,186,200,200,218,218,218,146,146,163,179,104,104,104],"floor_reached":33,"playtime":1360,"items_purged":["Strike_G"],"score":241,"play_id":"dc5d5489-ebf9-4ed4-be99-d29709c24939","local_time":"20190808160856","is_ascension_mode":false,"campfire_choices":[{"data":"Acrobatics","floor":6,"key":"SMITH"},{"data":"Prepared","floor":10,"key":"SMITH"},{"data":"Footwork","floor":15,"key":"SMITH"},{"floor":23,"key":"REST"},{"data":"Reflex","floor":25,"key":"SMITH"},{"floor":32,"key":"REST"}],"neow_cost":"NONE","seed_source_timestamp":296714200710312,"circlet_count":0,"master_deck":["Strike_G","Strike_G","Strike_G","Strike_G","Defend_G","Defend_G","Defend_G","Defend_G","Defend_G","Survivor","Neutralize","Dagger Spray+1","Acrobatics+1","Slice","Deflect","Prepared+1","Footwork+1","Slice","Escape Plan","A Thousand Cuts+1","Outmaneuver","Reflex+1","Dagger Spray","Backstab"],"relics":["Ring of the Snake","Letter Opener","Mummified Hand","Busted Crown","Bottled Flame"],"potions_floor_usage":[16,19,24,33],"damage_taken":[{"damage":1,"enemies":"Small Slimes","floor":1,"turns":4},{"damage":0,"enemies":"Cultist","floor":3,"turns":4},{"damage":6,"enemies":"2 Louse","floor":4,"turns":2},{"damage":8,"enemies":"Lots of Slimes","floor":5,"turns":4},{"damage":0,"enemies":"Red Slaver","floor":8,"turns":5},{"damage":3,"enemies":"Blue Slaver","floor":12,"turns":4},{"damage":21,"enemies":"The Guardian","floor":16,"turns":17},{"damage":10,"enemies":"2 Thieves","floor":18,"turns":4},{"damage":2,"enemies":"Shell Parasite","floor":19,"turns":6},{"damage":11,"enemies":"Snake Plant","floor":21,"turns":4},{"damage":19,"enemies":"Snecko","floor":22,"turns":5},{"damage":5,"enemies":"Cultist and Chosen","floor":24,"turns":4},{"damage":15,"enemies":"Chosen and Byrds","floor":29,"turns":7},{"damage":8,"enemies":"Sentry and Sphere","floor":30,"turns":4},{"damage":41,"enemies":"Automaton","floor":33,"turns":10}],"seed_played":"-3204494209761005029","potions_obtained":[{"floor":3,"key":"PowerPotion"},{"floor":5,"key":"EntropicBrew"},{"floor":18,"key":"Weak Potion"},{"floor":21,"key":"AttackPotion"},{"floor":30,"key":"Dexterity Potion"}],"is_trial":false,"path_per_floor":["M","?","M","M","M","R","?","M","T","R","$","M","$","$","R","B",null,"M","M","?","M","M","R","M","R","T","$","?","M","M","$","R","B"],"character_chosen":"THE_SILENT","items_purchased":["Footwork","Escape Plan","Backstab"],"campfire_rested":2,"item_purchase_floors":[11,13,27],"current_hp_per_floor":[76,76,76,70,62,62,62,62,62,62,62,59,59,59,59,38,77,67,65,65,54,35,58,53,53,53,53,53,38,30,30,53,12],"gold":104,"neow_bonus":"TEN_PERCENT_HP_BONUS","is_prod":false,"is_daily":false,"chose_seed":false,"campfire_upgraded":4,"win_rate":0,"timestamp":1565251736,"path_taken":["M","?","M","M","M","R","?","?","T","R","$","M","?","$","R","BOSS","M","M","?","M","?","R","M","R","T","?","?","M","M","$","R","BOSS"],"build_version":"2019-07-17","purchased_purges":1,"victory":false,"max_hp_per_floor":[77,77,77,77,77,77,77,77,77,77,77,77,77,77,77,77,77,77,77,77,77,77,77,77,77,77,77,77,77,77,77,77,77],"card_choices":[{"not_picked":["Poisoned Stab","PiercingWail"],"picked":"Dagger Spray","floor":1},{"not_picked":["PiercingWail","Deadly Poison"],"picked":"Acrobatics","floor":3},{"not_picked":["Sucker Punch","Dagger Spray"],"picked":"Slice","floor":4},{"not_picked":["Leg Sweep","Prepared"],"picked":"Deflect","floor":5},{"not_picked":["Slice","Venomology"],"picked":"Prepared","floor":8},{"not_picked":["Poisoned Stab","Blade Dance"],"picked":"Slice","floor":12},{"not_picked":["Envenom","Grand Finale"],"picked":"A Thousand Cuts","floor":16},{"not_picked":[],"picked":"Outmaneuver","floor":18},{"not_picked":[],"picked":"Reflex","floor":19},{"not_picked":["Dagger Throw+1"],"picked":"SKIP","floor":21},{"not_picked":["PiercingWail"],"picked":"SKIP","floor":22},{"not_picked":[],"picked":"Dagger Spray","floor":24},{"not_picked":["Dagger Throw"],"picked":"SKIP","floor":29},{"not_picked":["Underhanded Strike+1"],"picked":"SKIP","floor":30}],"player_experience":140589,"relics_obtained":[{"floor":9,"key":"Mummified Hand"},{"floor":26,"key":"Bottled Flame"}],"event_choices":[{"damage_healed":0,"gold_gain":0,"player_choice":"Grow","damage_taken":0,"max_hp_gain":0,"max_hp_loss":0,"event_name":"Living Wall","floor":2,"gold_loss":0,"cards_upgraded":["Dagger Spray"]},{"damage_healed":0,"gold_gain":0,"player_choice":"Gave Potion","damage_taken":0,"relics_obtained":["Letter Opener"],"max_hp_gain":0,"max_hp_loss":0,"event_name":"WeMeetAgain","floor":7,"gold_loss":0},{"damage_healed":0,"gold_gain":0,"player_choice":"Forge","damage_taken":0,"max_hp_gain":0,"max_hp_loss":0,"event_name":"Accursed Blacksmith","floor":20,"gold_loss":0,"cards_upgraded":["A Thousand Cuts"]},{"damage_healed":0,"gold_gain":0,"player_choice":"Ignored","damage_taken":0,"max_hp_gain":0,"max_hp_loss":0,"event_name":"The Mausoleum","floor":28,"gold_loss":0}],"is_beta":false,"boss_relics":[{"not_picked":["Coffee Dripper","Lizard Tail"],"picked":"Busted Crown"}],"items_purged_floors":[31],"is_endless":false,"potions_floor_spawned":[3,5,18,21,30],"killed_by":"Automaton","ascension_level":0}