{"gold_per_floor":[10,20,33,33,58,58,71,71,141,141,141,166,10,50,50,176,176,189,203,30,50,64,64,84,84,84,102,102,117,117,130,130,261,261,286,286,306,327,348,348,348,348,348,371,95,95],"floor_reached":46,"playtime":3772,"items_purged":["Injury","Strike_G","Regret"],"score":646,"play_id":"24e4cebc-c36e-4e0f-9844-894cf418f3f7","local_time":"20190809000945","is_ascension_mode":true,"campfire_choices":[{"data":"Corpse Explosion","floor":6.0,"key":"SMITH"},{"data":"Predator","floor":8.0,"key":"SMITH"},{"data":"Neutralize","floor":11.0,"key":"SMITH"},{"data":"Dash","floor":15.0,"key":"SMITH"},{"floor":23.0,"key":"REST"},{"floor":25.0,"key":"REST"},{"data":"Sucker Punch","floor":28.0,"key":"SMITH"},{"data":"Glass Knife","floor":30.0,"key":"SMITH"},{"data":"Wraith Form v2","floor":32.0,"key":"SMITH"},{"floor":40,"key":"REST"}],"neow_cost":"NO_GOLD","seed_source_timestamp":0,"circlet_count":0,"master_deck":["Strike_G","Strike_G","Strike_G","Strike_G","Defend_G","Defend_G","Defend_G","Defend_G","Defend_G","Survivor","Neutralize+1","Corpse Explosion+1","Predator+1","Dodge and Roll","Acrobatics","Wraith Form v2+1","Backflip","Dash+1","Glass Knife+1","Catalyst+1","Backflip","Sucker Punch+1","Deflect+1","PiercingWail","Skewer+1","Prepared+1","Tools of the Trade","Dodge and Roll+1","Blur+1","Burst","Acrobatics","Writhe","Flash of Steel","Secret Technique","Escape Plan"],"special_seed":0,"relics":["Ring of the Snake","Golden Idol","Pantograph","The Specimen","Cursed Key","Art of War","Sozu","Anchor"],"potions_floor_usage":[],"damage_taken":[{"damage":10.0,"enemies":"Jaw Worm","floor":1.0,"turns":7.0},{"damage":0.0,"enemies":"Small Slimes","floor":2.0,"turns":3.0},{"damage":0.0,"enemies":"Cultist","floor":3.0,"turns":4.0},{"damage":0.0,"enemies":"Blue Slaver","floor":5.0,"turns":6.0},{"damage":1.0,"enemies":"2 Fungi Beasts","floor":7.0,"turns":3.0},{"damage":1.0,"enemies":"Large Slime","floor":12.0,"turns":4.0},{"damage":16.0,"enemies":"Lagavulin","floor":14.0,"turns":5.0},{"damage":31.0,"enemies":"The Guardian","floor":16.0,"turns":12.0},{"damage":18.0,"enemies":"2 Thieves","floor":18.0,"turns":3.0},{"damage":10.0,"enemies":"Shell Parasite","floor":19.0,"turns":4.0},{"damage":2.0,"enemies":"Cultist and Chosen","floor":21.0,"turns":4.0},{"damage":11.0,"enemies":"Sentry and Sphere","floor":22.0,"turns":7.0},{"damage":8.0,"enemies":"Snecko","floor":24.0,"turns":4.0},{"damage":4.0,"enemies":"Cultist and Chosen","floor":27.0,"turns":4.0},{"damage":0.0,"enemies":"3 Cultists","floor":29.0,"turns":3.0},{"damage":2.0,"enemies":"Centurion and Healer","floor":31.0,"turns":5.0},{"damage":69.0,"enemies":"Automaton","floor":33.0,"turns":16.0},{"damage":3,"enemies":"3 Shapes","floor":35,"turns":3},{"damage":12,"enemies":"3 Darklings","floor":37,"turns":4},{"damage":0,"enemies":"Jaw Worm Horde","floor":38,"turns":4},{"damage":42,"enemies":"Sphere and 2 Shapes","floor":39,"turns":7},{"damage":29,"enemies":"Maw","floor":44,"turns":8},{"damage":13,"enemies":"3 Darklings","floor":46,"turns":2}],"seed_played":"-5432573202844819967","potions_obtained":[{"floor":2.0,"key":"FearPotion"},{"floor":7.0,"key":"FearPotion"},{"floor":10.0,"key":"Regen Potion"},{"floor":12.0,"key":"Ancient Potion"},{"floor":14.0,"key":"PowerPotion"},{"floor":19.0,"key":"Ancient Potion"},{"floor":27.0,"key":"Dexterity Potion"},{"floor":31.0,"key":"EntropicBrew"}],"is_trial":false,"path_per_floor":["M","M","M","?","M","R","M","R","T","?","R","M","$","E","R","B",null,"M","M","$","M","M","R","M","R","T","M","R","M","R","M","R","B",null,"M","?","M","M","M","R","?","?","T","M","$","M"],"character_chosen":"THE_SILENT","items_purchased":["Dash","Backflip","Sucker Punch","Anchor"],"campfire_rested":3,"item_purchase_floors":[13,20,20,45],"current_hp_per_floor":[53,53,53,53,53,53,52,52,52,52,52,65,65,49,49,39,62,44,34,34,32,21,42,34,55,55,51,51,51,51,49,49,1,53,50,50,38,38,7,28,46,41,41,12,12,0],"gold":95,"neow_bonus":"THREE_RARE_CARDS","is_prod":false,"is_daily":false,"chose_seed":false,"campfire_upgraded":7,"win_rate":0,"timestamp":1565330985,"path_taken":["M","M","M","?","M","R","M","R","T","?","R","M","$","E","R","BOSS","M","M","$","M","?","R","M","R","T","M","R","M","R","M","R","BOSS","M","?","M","M","M","R","?","?","T","M","$","?"],"build_version":"2019-07-17","purchased_purges":3,"victory":false,"max_hp_per_floor":[70,70,70,70,70,70,70,70,70,70,70,70,70,70,70,70,70,70,70,70,70,70,70,70,70,70,70,70,70,70,70,70,70,70,70,70,70,70,70,70,70,70,70,70,70,70],"card_choices":[{"not_picked":["Phantasmal Killer","After Image"],"picked":"Corpse Explosion","floor":0.0},{"not_picked":["Bane","Acrobatics"],"picked":"Predator","floor":1.0},{"not_picked":["Poisoned Stab","Eviscerate"],"picked":"Dodge and Roll","floor":2.0},{"not_picked":["Flying Knee","Cloak And Dagger","Heel Hook"],"picked":"SKIP","floor":3.0},{"not_picked":["Dagger Spray","Blade Dance"],"picked":"Acrobatics","floor":5.0},{"not_picked":["Expertise","Cloak And Dagger"],"picked":"Wraith Form v2","floor":7.0},{"not_picked":["Deflect","Dodge and Roll"],"picked":"Backflip","floor":12.0},{"not_picked":["Cloak And Dagger","Blade Dance","Concentrate"],"picked":"SKIP","floor":14.0},{"not_picked":["Phantasmal Killer","Unload"],"picked":"Glass Knife","floor":16.0},{"not_picked":["Deadly Poison","Bouncing Flask"],"picked":"Catalyst+1","floor":18.0},{"not_picked":["Underhanded Strike+1","All Out Attack+1","Catalyst+1"],"picked":"SKIP","floor":19.0},{"not_picked":["Slice","Blade Dance","Distraction"],"picked":"SKIP","floor":21.0},{"not_picked":["Outmaneuver","Poisoned Stab","Die Die Die"],"picked":"SKIP","floor":22.0},{"not_picked":["Underhanded Strike","Dagger Throw"],"picked":"Deflect+1","floor":24.0},{"not_picked":["Dodge and Roll","Finisher"],"picked":"PiercingWail","floor":27.0},{"not_picked":["Infinite Blades+1","Choke+1"],"picked":"Skewer+1","floor":29.0},{"not_picked":["Sucker Punch","Accuracy+1"],"picked":"Prepared+1","floor":31.0},{"not_picked":["Phantasmal Killer","Corpse Explosion"],"picked":"Tools of the Trade","floor":33.0},{"not_picked":["Concentrate+1","Bane"],"picked":"Dodge and Roll+1","floor":35},{"not_picked":["Calculated Gamble","Underhanded Strike"],"picked":"Blur+1","floor":37},{"not_picked":["Deadly Poison+1","Concentrate"],"picked":"Burst","floor":38},{"not_picked":["Dagger Spray+1","Blade Dance"],"picked":"Acrobatics","floor":39},{"not_picked":["The Bomb","Purity"],"picked":"Flash of Steel","floor":42},{"not_picked":["Blind","Good Instincts"],"picked":"Secret Technique","floor":42},{"not_picked":["Dagger Throw+1","Bouncing Flask"],"picked":"Escape Plan","floor":44}],"player_experience":2166207,"relics_obtained":[{"floor":9.0,"key":"Pantograph"},{"floor":14.0,"key":"The Specimen"},{"floor":26.0,"key":"Art of War"}],"event_choices":[{"damage_healed":0.0,"max_hp_gain":0.0,"max_hp_loss":0.0,"gold_gain":0.0,"event_name":"Golden Idol","player_choice":"Take Wound","floor":4.0,"gold_loss":0.0,"damage_taken":0.0,"relics_obtained":["Golden Idol"],"cards_obtained":["Injury"]},{"damage_healed":0.0,"max_hp_gain":0.0,"max_hp_loss":0.0,"gold_gain":0.0,"event_name":"Lab","player_choice":"Got Potions","floor":10.0,"gold_loss":0.0,"damage_taken":0.0},{"damage_healed":0,"gold_gain":0,"player_choice":"Ignored","damage_taken":0,"max_hp_gain":0,"max_hp_loss":0,"event_name":"Tomb of Lord Red Mask","floor":36,"gold_loss":0},{"damage_healed":18,"gold_gain":0,"player_choice":"Writhe","damage_taken":0,"max_hp_gain":0,"max_hp_loss":0,"event_name":"Winding Halls","floor":41,"gold_loss":0,"cards_obtained":["Writhe"]},{"damage_healed":0,"gold_gain":0,"player_choice":"Memory 2","damage_taken":5,"max_hp_gain":0,"max_hp_loss":0,"event_name":"SensoryStone","floor":42,"gold_loss":0}],"is_beta":false,"boss_relics":[{"not_picked":["Coffee Dripper","Tiny House"],"picked":"Cursed Key"},{"not_picked":["Astrolabe","Lizard Tail"],"picked":"Sozu"}],"items_purged_floors":[13,20,45],"is_endless":false,"potions_floor_spawned":[2,7,12,14,19,27,31,38,39],"killed_by":"3 Darklings","ascension_level":9}