{"gold_per_floor":[114,114,114,133,208,234,234,254,254,254,269,287,287,327,327,422,422,446,470,0,13,13,13,13,28,28,28,28,47,47,67,67,67],"floor_reached":33,"playtime":1594,"items_purged":[],"score":479,"play_id":"73013a4e-33df-4ed3-9f7e-477b61f96b14","local_time":"20190824011725","is_ascension_mode":true,"campfire_choices":[{"data":"Zap","floor":7,"key":"SMITH"},{"floor":13,"key":"REST"},{"floor":15,"key":"REST"},{"data":"Glacier","floor":23,"key":"SMITH"},{"data":"Reinforced Body","floor":27,"key":"SMITH"},{"floor":32,"key":"REST"}],"neow_cost":"NONE","seed_source_timestamp":49674568486985,"circlet_count":0,"master_deck":["AscendersBane","Strike_B","Defend_B","Defend_B","Defend_B","Defend_B","Zap+1","Dualcast+1","Gash","Reinforced Body+1","All For One","Glacier+1","Chaos","Ball Lightning","Echo Form","Defragment+1","Self Repair+1","Chaos+1","Defragment+1","Defragment","Writhe"],"relics":["Cracked Core","NeowsBlessing","Mummified Hand","Meat on the Bone","Golden Idol","Orichalcum","Astrolabe","Oddly Smooth Stone","Singing Bowl"],"potions_floor_usage":[12,14,19],"damage_taken":[{"damage":0,"enemies":"2 Louse","floor":1,"turns":1},{"damage":0,"enemies":"Jaw Worm","floor":4,"turns":1},{"damage":0,"enemies":"Lagavulin","floor":6,"turns":1},{"damage":0,"enemies":"Small Slimes","floor":8,"turns":2},{"damage":11,"enemies":"Exordium Thugs","floor":11,"turns":3},{"damage":2,"enemies":"Exordium Wildlife","floor":12,"turns":5},{"damage":18,"enemies":"Gremlin Nob","floor":14,"turns":3},{"damage":8,"enemies":"The Guardian","floor":16,"turns":13},{"damage":0,"enemies":"Shell Parasite","floor":18,"turns":5},{"damage":8,"enemies":"3 Byrds","floor":19,"turns":5},{"damage":7,"enemies":"Snecko","floor":21,"turns":5},{"damage":19,"enemies":"Cultist and Chosen","floor":25,"turns":6},{"damage":7,"enemies":"Shelled Parasite and Fungi","floor":29,"turns":7},{"damage":17,"enemies":"Snake Plant","floor":31,"turns":4},{"damage":113,"enemies":"Automaton","floor":33,"turns":12}],"seed_played":"7699613562512766149","potions_obtained":[{"floor":4,"key":"FocusPotion"},{"floor":6,"key":"AttackPotion"},{"floor":12,"key":"Swift Potion"},{"floor":18,"key":"FearPotion"},{"floor":31,"key":"SneckoOil"}],"is_trial":false,"path_per_floor":["M","?","?","M","?","E","R","M","T","?","M","M","R","E","R","B",null,"M","M","?","M","$","R","?","M","T","R","?","M","$","M","R","B"],"character_chosen":"DEFECT","items_purchased":[],"campfire_rested":3,"item_purchase_floors":[],"current_hp_per_floor":[64,64,69,69,58,58,58,58,58,39,40,50,72,54,76,68,74,76,68,68,71,71,71,71,62,62,62,62,67,67,52,76,0],"gold":67,"neow_bonus":"THREE_ENEMY_KILL","is_prod":false,"is_daily":false,"chose_seed":false,"campfire_upgraded":3,"win_rate":0,"timestamp":1566605845,"path_taken":["M","?","?","M","?","E","R","M","T","?","M","?","R","E","R","BOSS","M","M","?","M","$","R","?","M","T","R","?","M","$","?","R","BOSS"],"build_version":"2019-07-17","purchased_purges":0,"victory":false,"max_hp_per_floor":[71,71,76,76,76,76,76,76,76,76,76,76,76,76,76,76,76,76,76,76,76,76,76,76,76,76,76,76,78,78,80,80,80],"card_choices":[{"not_picked":["Turbo","Beam Cell"],"picked":"Gash","floor":1},{"not_picked":["Ball Lightning","White Noise"],"picked":"Reinforced Body","floor":4},{"not_picked":["Sweeping Beam","Tempest"],"picked":"All For One","floor":6},{"not_picked":["Stack","Cold Snap"],"picked":"Glacier","floor":8},{"not_picked":["Turbo","Stack"],"picked":"Chaos","floor":11},{"not_picked":["Go for the Eyes","Compile Driver"],"picked":"Ball Lightning","floor":12},{"not_picked":["Hello World","Barrage","Thunder Strike"],"picked":"SKIP","floor":14},{"not_picked":["Meteor Strike","Amplify"],"picked":"Echo Form","floor":16},{"not_picked":["Sweeping Beam","Recycle","Barrage"],"picked":"SKIP","floor":18},{"not_picked":["Lockon","Double Energy"],"picked":"Defragment+1","floor":19},{"not_picked":["Fusion","Consume","Genetic Algorithm"],"picked":"SKIP","floor":21},{"not_picked":["Double Energy","Rebound"],"picked":"Defragment","floor":25},{"not_picked":["Compile Driver","Hello World","Force Field"],"picked":"Singing Bowl","floor":29},{"not_picked":["Chaos","Ball Lightning","Blizzard"],"picked":"Singing Bowl","floor":31}],"player_experience":558097,"relics_obtained":[{"floor":6,"key":"Mummified Hand"},{"floor":9,"key":"Meat on the Bone"},{"floor":14,"key":"Orichalcum"},{"floor":26,"key":"Oddly Smooth Stone"}],"event_choices":[{"damage_healed":0,"gold_gain":0,"player_choice":"Grow","damage_taken":0,"max_hp_gain":0,"max_hp_loss":0,"event_name":"Living Wall","floor":2,"gold_loss":0,"cards_upgraded":["Dualcast"]},{"damage_healed":0,"gold_gain":0,"player_choice":"Donut","damage_taken":0,"max_hp_gain":5,"max_hp_loss":0,"event_name":"Big Fish","floor":3,"gold_loss":0},{"damage_healed":0,"gold_gain":75,"player_choice":"Gather Gold","damage_taken":11,"max_hp_gain":0,"max_hp_loss":0,"event_name":"World of Goop","floor":5,"gold_loss":0},{"damage_healed":0,"gold_gain":0,"player_choice":"Take Damage","damage_taken":19,"relics_obtained":["Golden Idol"],"max_hp_gain":0,"max_hp_loss":0,"event_name":"Golden Idol","floor":10,"gold_loss":0},{"damage_healed":0,"gold_gain":0,"player_choice":"Paid Fearfully","damage_taken":0,"max_hp_gain":0,"max_hp_loss":0,"event_name":"Masked Bandits","floor":20,"gold_loss":470},{"damage_healed":0,"gold_gain":0,"player_choice":"Opened","damage_taken":0,"relics_obtained":["Singing Bowl"],"max_hp_gain":0,"max_hp_loss":0,"event_name":"The Mausoleum","floor":28,"gold_loss":0,"cards_obtained":["Writhe"]}],"is_beta":false,"boss_relics":[{"not_picked":["Eternal Feather","Ectoplasm"],"picked":"Astrolabe"}],"items_purged_floors":[],"is_endless":false,"potions_floor_spawned":[4,6,12,18,31],"killed_by":"Automaton","ascension_level":14}