{"gold_per_floor":[114,131,306,325,18,31,31,131,155,165,165,179,207,217,217,217],"floor_reached":16,"playtime":426,"items_purged":["Doubt"],"score":104,"play_id":"def4591d-1be5-41c0-a736-19f2debfde1c","local_time":"20190825092829","is_ascension_mode":false,"campfire_choices":[{"floor":7,"key":"RECALL"},{"data":"Anger","floor":11,"key":"SMITH"},{"floor":15,"key":"REST"}],"neow_cost":"NONE","seed_source_timestamp":411379100784441,"circlet_count":0,"master_deck":["Strike_R","Strike_R","Strike_R","Strike_R","Strike_R","Defend_R","Defend_R","Defend_R","Defend_R","Bash","Anger+1","Shrug It Off","Flex","Flame Barrier"],"relics":["Burning Blood","NeowsBlessing","TheAbacus","Potion Belt"],"potions_floor_usage":[16,16],"damage_taken":[{"damage":0,"enemies":"Jaw Worm","floor":1,"turns":1},{"damage":0,"enemies":"2 Louse","floor":2,"turns":1},{"damage":0,"enemies":"Cultist","floor":4,"turns":1},{"damage":9,"enemies":"3 Louse","floor":6,"turns":4},{"damage":5,"enemies":"Looter","floor":10,"turns":3},{"damage":3,"enemies":"Large Slime","floor":12,"turns":7},{"damage":44,"enemies":"Lagavulin","floor":13,"turns":8},{"damage":22,"enemies":"Exordium Wildlife","floor":14,"turns":6},{"damage":52,"enemies":"Hexaghost","floor":16,"turns":11}],"seed_played":"9207194279654905222","potions_obtained":[{"floor":2,"key":"Strength Potion"},{"floor":6,"key":"SpeedPotion"},{"floor":10,"key":"SkillPotion"}],"is_trial":false,"path_per_floor":["M","M","?","M","$","M","R","?","T","M","R","M","E","M","R","B"],"character_chosen":"IRONCLAD","items_purchased":["TheAbacus","Shrug It Off"],"campfire_rested":1,"item_purchase_floors":[5,5],"current_hp_per_floor":[80,80,80,80,80,77,77,77,77,78,78,80,42,26,50,0],"gold":217,"neow_bonus":"THREE_ENEMY_KILL","is_prod":false,"is_daily":false,"chose_seed":false,"campfire_upgraded":1,"win_rate":0,"timestamp":1566696509,"path_taken":["M","M","?","M","$","M","R","?","T","?","R","M","E","M","R","BOSS"],"build_version":"2019-07-17","purchased_purges":1,"victory":false,"max_hp_per_floor":[80,80,80,80,80,80,80,80,80,80,80,80,80,80,80,80],"card_choices":[{"not_picked":["Inflame","Carnage"],"picked":"Anger","floor":1},{"not_picked":["Sword Boomerang","Warcry","Twin Strike"],"picked":"SKIP","floor":2},{"not_picked":["Thunderclap","Body Slam","Sword Boomerang"],"picked":"SKIP","floor":4},{"not_picked":["Body Slam","Feel No Pain","Anger"],"picked":"SKIP","floor":6},{"not_picked":["Searing Blow","Thunderclap","True Grit"],"picked":"SKIP","floor":10},{"not_picked":["Cleave","Thunderclap"],"picked":"Flex","floor":12},{"not_picked":["Infernal Blade","Thunderclap"],"picked":"Flame Barrier","floor":13},{"not_picked":["Shrug It Off","Body Slam","Clothesline"],"picked":"SKIP","floor":14}],"player_experience":254461,"relics_obtained":[{"floor":13,"key":"Potion Belt"}],"event_choices":[{"damage_healed":0,"gold_gain":175,"player_choice":"AGREE","damage_taken":0,"max_hp_gain":0,"max_hp_loss":0,"event_name":"Liars Game","floor":3,"gold_loss":0,"cards_obtained":["Doubt"]},{"damage_healed":0,"gold_gain":100,"player_choice":"Pray","damage_taken":0,"max_hp_gain":0,"max_hp_loss":0,"event_name":"Golden Shrine","floor":8,"gold_loss":0}],"is_beta":false,"boss_relics":[],"items_purged_floors":[5],"is_endless":false,"potions_floor_spawned":[2,6,10],"killed_by":"Hexaghost","ascension_level":0}