{"gold_per_floor":[15,29,43,63,63,63,74,93,118,136,151,165,184,212,212,310,310,325,250,261,261,277,277,296,296,296,296,296,35,68,68,68,68],"floor_reached":33,"playtime":10241,"items_purged":[],"score":323,"play_id":"817c2927-e9c9-4f46-a5bd-4922aa5ee26e","local_time":"20181217230724","is_ascension_mode":false,"campfire_choices":[{"data":"Zap","floor":6.0,"key":"SMITH"},{"data":"Go for the Eyes","floor":15,"key":"SMITH"},{"data":"Biased Cognition","floor":23,"key":"SMITH"},{"data":"Coolheaded","floor":27,"key":"SMITH"},{"floor":32,"key":"REST"}],"neow_cost":"NO_GOLD","seed_source_timestamp":0,"circlet_count":0,"master_deck":["Strike_B+1","Strike_B+1","Strike_B+1","Strike_B+1","Defend_B+1","Defend_B+1","Zap+1","Dualcast","Biased Cognition+1","Coolheaded+1","Go for the Eyes+1","Conserve Battery","Sweeping Beam","Steam","Leap","Skim","Hyperbeam","Cold Snap+1","Gash+1","Beam Cell","Gash"],"special_seed":0,"relics":["FrozenCore","Orichalcum","Art of War","Bottled Flame","PreservedInsect"],"potions_floor_usage":[16,16,16,22,30],"damage_taken":[{"damage":1.0,"enemies":"Jaw Worm","floor":1.0,"turns":3.0},{"damage":0.0,"enemies":"Cultist","floor":2.0,"turns":2.0},{"damage":0.0,"enemies":"2 Louse","floor":3.0,"turns":4.0},{"damage":0.0,"enemies":"Looter","floor":4.0,"turns":4.0},{"damage":0.0,"enemies":"3 Louse","floor":7.0,"turns":3.0},{"damage":0.0,"enemies":"2 Fungi Beasts","floor":8.0,"turns":3.0},{"damage":7.0,"enemies":"Exordium Thugs","floor":10.0,"turns":3.0},{"damage":0.0,"enemies":"Large Slime","floor":11.0,"turns":4.0},{"damage":0.0,"enemies":"2 Fungi Beasts","floor":12.0,"turns":2.0},{"damage":2.0,"enemies":"Gremlin Gang","floor":13.0,"turns":4.0},{"damage":17.0,"enemies":"3 Sentries","floor":14.0,"turns":11.0},{"damage":0,"enemies":"The Guardian","floor":16,"turns":12},{"damage":4,"enemies":"Spheric Guardian","floor":18,"turns":9},{"damage":0,"enemies":"Shell Parasite","floor":20,"turns":8},{"damage":4,"enemies":"Chosen and Byrds","floor":22,"turns":8},{"damage":4,"enemies":"3 Cultists","floor":24,"turns":5},{"damage":33,"enemies":"Gremlin Leader","floor":30,"turns":9},{"damage":62,"enemies":"Automaton","floor":33,"turns":10}],"seed_played":"-4675223886816115429","potions_obtained":[{"floor":2.0,"key":"AttackPotion"},{"floor":3.0,"key":"FearPotion"},{"floor":4.0,"key":"LiquidBronze"},{"floor":8.0,"key":"EssenceOfSteel"},{"floor":14.0,"key":"PowerPotion"},{"floor":16,"key":"GamblersBrew"},{"floor":18,"key":"PowerPotion"},{"floor":22,"key":"Fire Potion"}],"is_trial":false,"path_per_floor":["M","M","M","M","?","R","M","M","T","M","M","M","M","E","R","B",null,"M","?","M","?","M","R","M","?","T","R","?","$","E","?","R","B"],"character_chosen":"DEFECT","items_purchased":["Bottled Flame"],"campfire_rested":1,"item_purchase_floors":[29],"current_hp_per_floor":[74,74,74,74,74,74,74,74,74,67,67,67,65,48,48,48,75,71,71,71,71,67,67,63,63,63,63,63,63,30,30,52,0],"gold":68,"neow_bonus":"THREE_RARE_CARDS","is_prod":false,"is_daily":false,"chose_seed":false,"campfire_upgraded":4,"win_rate":0,"timestamp":1545113244,"path_taken":["M","M","M","M","?","R","M","M","T","M","?","M","M","E","R","BOSS","M","?","M","?","M","R","M","?","T","R","?","$","E","?","R","BOSS"],"build_version":"2018-12-13","purchased_purges":0,"victory":false,"max_hp_per_floor":[75,75,75,75,75,75,75,75,75,75,75,75,75,75,75,75,75,75,75,75,75,75,75,75,75,75,75,75,75,75,75,75,75],"card_choices":[{"not_picked":["Amplify","Hyperbeam"],"picked":"Biased Cognition","floor":0.0},{"not_picked":["Force Field","Genetic Algorithm"],"picked":"Coolheaded","floor":1.0},{"not_picked":["Sweeping Beam","FTL"],"picked":"Go for the Eyes","floor":2.0},{"not_picked":["Sunder","Rebound","Tempest"],"picked":"SKIP","floor":3.0},{"not_picked":["Sweeping Beam","Chaos"],"picked":"Conserve Battery","floor":4.0},{"not_picked":["Compile Driver","Rip and Tear"],"picked":"Sweeping Beam","floor":7.0},{"not_picked":["Turbo","Tempest","Storm"],"picked":"SKIP","floor":8.0},{"not_picked":["Stack","Beam Cell"],"picked":"Steam","floor":10.0},{"not_picked":["Lockon","Rebound","Heatsinks"],"picked":"SKIP","floor":11.0},{"not_picked":["Beam Cell","Doom and Gloom"],"picked":"Leap","floor":12.0},{"not_picked":["Force Field","Reprogram","Undo"],"picked":"SKIP","floor":13.0},{"not_picked":["Ball Lightning","Sweeping Beam"],"picked":"Skim","floor":14.0},{"not_picked":["Meteor Strike","Buffer"],"picked":"Hyperbeam","floor":16},{"not_picked":["Beam Cell+1","Coolheaded+1"],"picked":"Cold Snap+1","floor":18},{"not_picked":["Turbo","Stack+1"],"picked":"Gash+1","floor":20},{"not_picked":["Steam","Ball Lightning","Creative AI"],"picked":"SKIP","floor":22},{"not_picked":["Reinforced Body","Loop"],"picked":"Beam Cell","floor":24},{"not_picked":["Doom and Gloom","Tempest","Beam Cell"],"picked":"SKIP","floor":30}],"player_experience":1499323,"relics_obtained":[{"floor":14.0,"key":"Orichalcum"},{"floor":26,"key":"Art of War"},{"floor":30,"key":"PreservedInsect"}],"event_choices":[{"cards_removed":["Defend_B"],"damage_healed":0.0,"max_hp_gain":0.0,"max_hp_loss":0.0,"gold_gain":0.0,"event_name":"Bonfire Elementals","player_choice":"Offered Basic","floor":5.0,"gold_loss":0.0,"damage_taken":0.0},{"cards_removed":["Defend_B"],"damage_healed":0,"gold_gain":0,"player_choice":"Gave Gold","damage_taken":0,"max_hp_gain":0,"max_hp_loss":0,"event_name":"Beggar","floor":19,"gold_loss":75},{"damage_healed":0,"gold_gain":0,"player_choice":"Simplicity","damage_taken":0,"max_hp_gain":0,"max_hp_loss":0,"event_name":"Back to Basics","floor":21,"gold_loss":0,"cards_upgraded":["Strike_B","Strike_B","Strike_B","Strike_B","Defend_B","Defend_B"]},{"damage_healed":0,"gold_gain":0,"player_choice":"Ignored","damage_taken":0,"max_hp_gain":0,"max_hp_loss":0,"event_name":"Vampires","floor":25,"gold_loss":0},{"damage_healed":0,"gold_gain":0,"player_choice":"Read","damage_taken":0,"max_hp_gain":0,"max_hp_loss":0,"event_name":"The Library","floor":28,"gold_loss":0,"cards_obtained":["Gash"]}],"is_beta":false,"boss_relics":[{"not_picked":["Lizard Tail","Philosopher\u0027s Stone"],"picked":"FrozenCore"}],"items_purged_floors":[],"is_endless":false,"potions_floor_spawned":[2,3,4,8,14,16,18,22],"killed_by":"Automaton","ascension_level":0}