{"gold_per_floor":[112,125,54,54,54,54,69,69,96,114,64,17,17,29,29,124,124,142,21,35,35,51,51,70,70],"floor_reached":25,"playtime":776,"items_purged":["Strike_G"],"score":193,"play_id":"ce7dbb2a-ff3a-422e-8af2-ce68a62dcf00","local_time":"20190412141444","is_ascension_mode":false,"campfire_choices":[{"data":"Footwork","floor":6,"key":"SMITH"},{"data":"Distraction","floor":8,"key":"SMITH"},{"data":"Noxious Fumes","floor":13,"key":"SMITH"},{"data":"Poisoned Stab","floor":15,"key":"SMITH"},{"data":"Reflex","floor":23,"key":"SMITH"}],"neow_cost":"NONE","seed_source_timestamp":106163045459406,"circlet_count":0,"master_deck":["Defend_G","Defend_G","Defend_G","Defend_G","Defend_G","Strike_G+1","Strike_G","Strike_G","Survivor","Neutralize+1","Deadly Poison","Deadly Poison","Footwork+1","Distraction+1","Noxious Fumes+1","Poisoned Stab+1","Backstab","Corpse Explosion","Crippling Poison+1","Backflip","Prepared","Reflex+1"],"relics":["Ring of the Snake","NeowsBlessing","Anchor","Sozu"],"potions_floor_usage":[16],"damage_taken":[{"damage":0,"enemies":"Small Slimes","floor":1,"turns":1},{"damage":0,"enemies":"Cultist","floor":2,"turns":1},{"damage":0,"enemies":"2 Louse","floor":7,"turns":1},{"damage":10,"enemies":"Exordium Thugs","floor":10,"turns":6},{"damage":0,"enemies":"3 Louse","floor":14,"turns":4},{"damage":20,"enemies":"Hexaghost","floor":16,"turns":9},{"damage":16,"enemies":"3 Byrds","floor":18,"turns":5},{"damage":8,"enemies":"Spheric Guardian","floor":20,"turns":4},{"damage":25,"enemies":"3 Cultists","floor":22,"turns":5},{"damage":16,"enemies":"Sentry and Sphere","floor":24,"turns":4},{"damage":37,"enemies":"Slavers","floor":25,"turns":3}],"seed_played":"4680671284749366855","potions_obtained":[{"floor":7,"key":"SneckoOil"},{"floor":10,"key":"SpeedPotion"}],"is_trial":false,"path_per_floor":["M","M","$","?","?","R","M","R","T","M","?","$","R","M","R","B",null,"M","$","M","?","M","R","M","E"],"character_chosen":"THE_SILENT","items_purchased":["Footwork","Poisoned Stab","Backflip"],"campfire_rested":0,"item_purchase_floors":[3,12,19],"current_hp_per_floor":[70,70,70,56,56,56,56,56,56,46,46,46,46,46,46,26,70,54,54,46,70,45,45,29,0],"gold":70,"neow_bonus":"THREE_ENEMY_KILL","is_prod":false,"is_daily":false,"chose_seed":false,"campfire_upgraded":5,"win_rate":0.0,"timestamp":1555049684,"path_taken":["M","M","$","?","?","R","?","R","T","M","?","?","R","M","R","BOSS","M","$","M","?","M","R","M","E"],"build_version":"2019-01-23","purchased_purges":1,"victory":false,"max_hp_per_floor":[70,70,70,70,70,70,70,70,70,70,70,70,70,70,70,70,70,70,70,70,70,70,70,70,70],"card_choices":[{"not_picked":["Dagger Throw","Terror"],"picked":"Deadly Poison","floor":1},{"not_picked":["Blur","Deadly Poison","Infinite Blades"],"picked":"SKIP","floor":2},{"not_picked":["Blur","Infinite Blades"],"picked":"Deadly Poison","floor":2},{"not_picked":["Underhanded Strike","Deflect"],"picked":"Distraction","floor":7},{"not_picked":["Backflip","Crippling Poison"],"picked":"Noxious Fumes","floor":10},{"not_picked":["Choke","Sucker Punch"],"picked":"Backstab","floor":14},{"not_picked":["Wraith Form v2","Unload"],"picked":"Corpse Explosion","floor":16},{"not_picked":["PiercingWail","Dagger Throw+1"],"picked":"Crippling Poison+1","floor":18},{"not_picked":["Cloak And Dagger","All Out Attack"],"picked":"Prepared","floor":20},{"not_picked":["Dagger Throw","Slice"],"picked":"Reflex","floor":22},{"not_picked":["Blur","Cloak And Dagger","Quick Slash"],"picked":"SKIP","floor":24}],"player_experience":46825,"relics_obtained":[{"floor":9,"key":"Anchor"}],"event_choices":[{"damage_healed":0,"gold_gain":0,"player_choice":"Entered Light","damage_taken":14,"max_hp_gain":0,"max_hp_loss":0,"event_name":"Shining Light","floor":4,"gold_loss":0,"cards_upgraded":["Strike_G","Neutralize"]},{"damage_healed":0,"gold_gain":0,"player_choice":"Ignored","damage_taken":0,"max_hp_gain":0,"max_hp_loss":0,"event_name":"NoteForYourself","floor":5,"gold_loss":0},{"cards_removed":["Strike_G"],"damage_healed":0,"gold_gain":0,"player_choice":"Card Removal","damage_taken":0,"max_hp_gain":0,"max_hp_loss":0,"event_name":"The Cleric","floor":11,"gold_loss":50},{"damage_healed":24,"gold_gain":0,"player_choice":"Full Heal","damage_taken":0,"max_hp_gain":0,"max_hp_loss":0,"event_name":"Wheel of Change","floor":21,"gold_loss":0}],"is_beta":false,"boss_relics":[{"not_picked":["Snecko Eye","Ring of the Serpent"],"picked":"Sozu"}],"items_purged_floors":[19],"is_endless":false,"potions_floor_spawned":[7,10,20],"killed_by":"Slavers","ascension_level":0}