{"gold_per_floor":[112,37,55,9,23,36,36,36,36,49,66,66,384,396,396,499,499,509,520,470,486,113,113,113,113,113,141,141,95,95,95,95,199,199,219,63,13,32,45,45,60,60,107,125,138,138,148,148,148,148],"floor_reached":51,"playtime":3294,"items_purged":["Underhanded Strike","Blade Dance","Dagger Spray","PiercingWail+1","Tactician+1"],"score":936,"play_id":"1d6ee510-8108-4c89-be3d-af89ba716055","local_time":"20190412211050","daily_mods":["Draft","Vintage"],"is_ascension_mode":false,"campfire_choices":[{"data":"Tactician","floor":7,"key":"SMITH"},{"data":"Tactician","floor":12,"key":"SMITH"},{"data":"Prepared","floor":15,"key":"SMITH"},{"data":"Concentrate","floor":23,"key":"SMITH"},{"data":"Well Laid Plans","floor":25,"key":"SMITH"},{"data":"Deflect","floor":28,"key":"SMITH"},{"data":"Acrobatics","floor":30,"key":"SMITH"},{"data":"Deflect","floor":32,"key":"SMITH"},{"data":"Deflect","floor":40,"key":"SMITH"},{"data":"Deflect","floor":42,"key":"SMITH"},{"data":"Escape Plan","floor":46,"key":"SMITH"},{"data":"Backflip","floor":49,"key":"SMITH"}],"neow_cost":"","seed_source_timestamp":124315757941984,"circlet_count":0,"master_deck":["Escape Plan+1","Noxious Fumes+1","Deflect+1","Backflip+1","Prepared+1","Deflect+1","Distraction+1","Tactician+1","Well Laid Plans+1","Deflect+1","Concentrate+1","Acrobatics+1","Quick Slash+1","A Thousand Cuts+1","Footwork+1","Deflect+1"],"relics":["Unceasing Top","Ornamental Fan","Molten Egg 2","War Paint","Lantern","Frozen Egg 2","Dream Catcher","Smiling Mask","Old Coin","Boot","Sozu","Letter Opener","Snake Skull","Matryoshka","Pantograph","Sundial","Question Card","Dodecahedron","Black Star","Kunai","Art of War","Pear","Happy Flower","Oddly Smooth Stone","Meat on the Bone","Tough Bandages","Shuriken","Mummified Hand"],"potions_floor_usage":[13,13],"damage_taken":[{"damage":0,"enemies":"Cultist","floor":1,"turns":3},{"damage":0,"enemies":"Small Slimes","floor":3,"turns":3},{"damage":0,"enemies":"2 Louse","floor":5,"turns":4},{"damage":8,"enemies":"Exordium Wildlife","floor":6,"turns":4},{"damage":0,"enemies":"Looter","floor":10,"turns":3},{"damage":1,"enemies":"Exordium Thugs","floor":11,"turns":4},{"damage":19,"enemies":"Gremlin Gang","floor":13,"turns":4},{"damage":0,"enemies":"Blue Slaver","floor":14,"turns":3},{"damage":0,"enemies":"Hexaghost","floor":16,"turns":5},{"damage":13,"enemies":"Spheric Guardian","floor":18,"turns":5},{"damage":8,"enemies":"2 Thieves","floor":19,"turns":3},{"damage":0,"enemies":"Cultist and Chosen","floor":21,"turns":1},{"damage":10,"enemies":"Gremlin Leader","floor":27,"turns":6},{"damage":0,"enemies":"Collector","floor":33,"turns":6},{"damage":0,"enemies":"3 Shapes","floor":35,"turns":1},{"damage":0,"enemies":"Orb Walker","floor":38,"turns":3},{"damage":0,"enemies":"Maw","floor":39,"turns":6},{"damage":0,"enemies":"Sphere and 2 Shapes","floor":41,"turns":1},{"damage":0,"enemies":"Spire Growth","floor":44,"turns":3},{"damage":0,"enemies":"Maw","floor":45,"turns":3},{"damage":0,"enemies":"Transient","floor":47,"turns":5},{"damage":0,"enemies":"Awakened One","floor":50,"turns":6}],"seed_played":"-7432244801690204996","potions_obtained":[{"floor":3,"key":"Energy Potion"},{"floor":11,"key":"Poison Potion"},{"floor":13,"key":"FairyPotion"}],"is_trial":true,"path_per_floor":["M","$","M","$","M","M","R","?","T","M","M","R","M","M","R","B",null,"M","M","$","M","$","R","?","R","T","E","R","$","R","$","R","B",null,"M","$","$","M","M","R","M","R","T","M","M","R","M","$","R","B",null],"character_chosen":"THE_SILENT","items_purchased":["Deflect","Concentrate","Pantograph","Quick Slash+1","Footwork+1","Deflect"],"campfire_rested":0,"item_purchase_floors":[4,22,22,29,36,36],"current_hp_per_floor":[70,70,70,70,70,62,62,62,62,62,61,61,42,42,42,42,70,57,49,49,49,49,49,49,49,49,39,39,39,39,39,39,64,70,70,70,70,70,80,80,80,80,80,80,80,80,80,80,80,80],"gold":148,"neow_bonus":"","is_prod":false,"is_daily":false,"chose_seed":false,"campfire_upgraded":12,"win_rate":0,"timestamp":1555074650,"path_taken":["M","$","M","$","M","M","R","?","T","?","M","R","M","M","R","BOSS","M","M","$","M","$","R","?","R","T","E","R","?","R","$","R","BOSS","M","?","$","M","M","R","M","R","T","M","M","R","M","$","R","BOSS"],"build_version":"2019-01-23","purchased_purges":5,"victory":true,"max_hp_per_floor":[70,70,70,70,70,70,70,70,70,70,70,70,70,70,70,70,70,70,70,70,70,70,70,70,70,70,70,70,70,70,70,70,70,70,70,70,70,70,80,80,80,80,80,80,80,80,80,80,80,80],"card_choices":[{"not_picked":["Dagger Throw","Underhanded Strike"],"picked":"Escape Plan","floor":0},{"not_picked":["Blade Dance","Deadly Poison"],"picked":"Noxious Fumes","floor":0},{"not_picked":["Blade Dance","Catalyst"],"picked":"Tactician","floor":0},{"not_picked":["Flying Knee","Blade Dance"],"picked":"Deflect","floor":0},{"not_picked":["Blade Dance","Sucker Punch"],"picked":"Deadly Poison","floor":0},{"not_picked":["Sucker Punch","Cloak And Dagger"],"picked":"Backflip","floor":0},{"not_picked":["Cloak And Dagger","All Out Attack"],"picked":"Prepared","floor":0},{"not_picked":["Poisoned Stab","Blade Dance"],"picked":"Deflect","floor":0},{"not_picked":["Dash","Riddle With Holes"],"picked":"Blade Dance","floor":0},{"not_picked":["Dagger Throw","Outmaneuver"],"picked":"Distraction","floor":0},{"not_picked":["Poisoned Stab","Dagger Spray"],"picked":"Tactician","floor":0},{"not_picked":["Bane","Poisoned Stab"],"picked":"Well Laid Plans","floor":0},{"not_picked":["PiercingWail","Cloak And Dagger"],"picked":"Underhanded Strike","floor":0},{"not_picked":["Dodge and Roll","Heel Hook"],"picked":"PiercingWail","floor":0},{"not_picked":["Predator","Bane"],"picked":"Dagger Spray","floor":0},{"not_picked":["After Image+1","Expertise","Outmaneuver"],"picked":"Acrobatics","floor":27},{"not_picked":["Malaise","After Image+1","Die Die Die+1"],"picked":"A Thousand Cuts+1","floor":33}],"player_experience":59479,"relics_obtained":[{"floor":1,"key":"Ornamental Fan"},{"floor":3,"key":"Molten Egg 2"},{"floor":5,"key":"War Paint"},{"floor":6,"key":"Lantern"},{"floor":9,"key":"Frozen Egg 2"},{"floor":10,"key":"Dream Catcher"},{"floor":11,"key":"Smiling Mask"},{"floor":13,"key":"Old Coin"},{"floor":14,"key":"Boot"},{"floor":18,"key":"Letter Opener"},{"floor":19,"key":"Snake Skull"},{"floor":21,"key":"Matryoshka"},{"floor":26,"key":"Sundial"},{"floor":26,"key":"Question Card"},{"floor":27,"key":"Dodecahedron"},{"floor":35,"key":"Kunai"},{"floor":38,"key":"Art of War"},{"floor":39,"key":"Pear"},{"floor":41,"key":"Happy Flower"},{"floor":43,"key":"Oddly Smooth Stone"},{"floor":43,"key":"Meat on the Bone"},{"floor":44,"key":"Tough Bandages"},{"floor":45,"key":"Shuriken"},{"floor":47,"key":"Mummified Hand"}],"event_choices":[{"damage_healed":0,"gold_gain":0,"player_choice":"Upgraded","damage_taken":0,"max_hp_gain":0,"max_hp_loss":0,"event_name":"Upgrade Shrine","floor":8,"gold_loss":0,"cards_upgraded":["Noxious Fumes"]},{"cards_removed":["Deadly Poison"],"damage_healed":0,"gold_gain":0,"player_choice":"Card Removal","damage_taken":0,"max_hp_gain":0,"max_hp_loss":0,"event_name":"Wheel of Change","floor":24,"gold_loss":0}],"is_beta":false,"boss_relics":[{"not_picked":["Eternal Feather","White Beast Statue"],"picked":"Sozu"},{"not_picked":["HoveringKite","Calling Bell"],"picked":"Black Star"}],"items_purged_floors":[2,20,22,36,37],"is_endless":false,"potions_floor_spawned":[3,5,11,13,21,27,33,41,47],"ascension_level":0}