{"path_per_floor":["M","M","M","?","$","E","R","?","T","R","M","M","M","M","R","B",null,"M","?","M","T","?","R","M","M","T","?","M","R","M","M","R","B",null,"M","$"],"character_chosen":"THE_SILENT","items_purchased":["Noxious Fumes","Outmaneuver","PiercingWail","Flying Knee"],"gold_per_floor":[10,28,38,113,7,40,40,40,40,40,53,73,88,105,105,206,206,223,138,151,175,175,175,186,204,204,204,220,220,239,253,253,353,353,367,196],"floor_reached":37,"campfire_rested":2,"playtime":2495,"current_hp_per_floor":[84,84,81,70,70,53,53,53,53,53,53,45,40,40,40,32,84,84,84,57,57,84,84,68,41,41,41,32,57,53,44,69,34,84,55,55],"items_purged":["Strike_G"],"gold":196,"play_id":"fcc9361d-2c80-4ba0-bf44-ff7b600f6ae9","is_prod":false,"is_daily":false,"campfire_rituals":0,"campfire_upgraded":4,"is_hardmode":false,"path_taken":["M","M","M","?","$","E","R","?","T","R","M","M","M","?","R","BOSS","M","?","M","?","?","R","M","M","T","?","M","R","M","M","R","BOSS","M","$","M"],"build_version":"2018-01-18-PROD4","purchased_purges":1,"victory":false,"master_deck":["Defend_G","Defend_G","Defend_G","Defend_G","Defend_G","Strike_G","Strike_G","Strike_G","Strike_G","Survivor","Neutralize","Quick Slash","Slice","Prepared","Noxious Fumes","Outmaneuver","Blur","Dagger Spray","Heel Hook","Dash","Well Laid Plans","Tools of the Trade","Backflip","Dash","Deadly Poison","Caltrops","Acrobatics","Backflip","Underhanded Strike","Poisoned Stab","Leg Sweep","Writhe","Slice","Heel Hook","PiercingWail","Tactician","Deflect","PiercingWail","Flying Knee"],"max_hp_per_floor":[84,84,84,84,84,84,84,84,84,84,84,84,84,84,84,84,84,84,84,84,84,84,84,84,84,84,84,84,84,84,84,84,84,84,84,84],"relics":["Ring of the Snake","Mango","Unceasing Top","Lantern","Orrery","Bird Faced Urn","War Paint","Ginger","Juzu Bracelet","Sozu"],"campfire_meditates":0,"card_choices":[{"not_picked":["Bouncing Flask","Deadly Poison"],"picked":"Quick Slash"},{"not_picked":["Bouncing Flask","PiercingWail"],"picked":"Slice"},{"not_picked":["PiercingWail","Dodge and Roll"],"picked":"Prepared"},{"not_picked":["Acrobatics","Well Laid Plans"],"picked":"Blur"},{"not_picked":["Quick Slash","Bane"],"picked":"Dagger Spray"},{"not_picked":["Flechettes","Eviscerate"],"picked":"Heel Hook"},{"not_picked":["Deflect","Bane"],"picked":"Dash"},{"not_picked":["Endless Agony","Flechettes"],"picked":"Well Laid Plans"},{"not_picked":["Envenom","A Thousand Cuts"],"picked":"Tools of the Trade"},{"not_picked":["Terror","Underhanded Strike"],"picked":"Backflip"},{"not_picked":["Deadly Poison","Catalyst"],"picked":"Dash"},{"not_picked":["Dash","Bane"],"picked":"Deadly Poison"},{"not_picked":["Bane","Backflip"],"picked":"Caltrops"},{"not_picked":["Slice","Endless Agony"],"picked":"Acrobatics"},{"not_picked":["Flechettes","Night Terror"],"picked":"Backflip"},{"not_picked":["Backflip","Finisher"],"picked":"Underhanded Strike"},{"not_picked":["Choke","PiercingWail"],"picked":"Poisoned Stab"},{"not_picked":["Catalyst","Deadly Poison"],"picked":"Leg Sweep"},{"not_picked":["Quick Slash","Dagger Throw"],"picked":"Slice"},{"not_picked":["Masterful Stab","Dagger Throw"],"picked":"Heel Hook"},{"not_picked":["Finisher","Skewer"],"picked":"PiercingWail"},{"not_picked":["Doppelganger","Corpse Explosion"],"picked":"Tactician"},{"not_picked":["Acrobatics","Leg Sweep"],"picked":"Deflect"}],"player_experience":51186,"potions_floor_usage":[6,16,18,25,30,33],"damage_taken":[{"damage":0,"enemies":"Jaw Worm","floor":1,"turns":6},{"damage":0,"enemies":"Small Slimes","floor":2,"turns":4},{"damage":3,"enemies":"2 Louse","floor":3,"turns":3},{"damage":17,"enemies":"3 Sentries","floor":6,"turns":7},{"damage":0,"enemies":"2 Fungi Beasts","floor":11,"turns":3},{"damage":8,"enemies":"Red Slaver","floor":12,"turns":4},{"damage":5,"enemies":"Large Slime","floor":13,"turns":7},{"damage":0,"enemies":"2 Fungi Beasts","floor":14,"turns":3},{"damage":23,"enemies":"Hexaghost","floor":16,"turns":12},{"damage":0,"enemies":"3 Byrds","floor":18,"turns":4},{"damage":31,"enemies":"Spheric Guardian","floor":20,"turns":7},{"damage":18,"enemies":"Snake Plant","floor":24,"turns":5},{"damage":33,"enemies":"Sentry and Sphere","floor":25,"turns":6},{"damage":17,"enemies":"Centurion and Healer","floor":28,"turns":10},{"damage":10,"enemies":"Snecko","floor":30,"turns":7},{"damage":15,"enemies":"Snake Plant","floor":31,"turns":6},{"damage":43,"enemies":"Champ","floor":33,"turns":15},{"damage":37,"enemies":"3 Darklings","floor":35,"turns":6}],"event_choices":[{"event_name":"World of Goop","player_choice":"Gather Gold","floor":4,"damage_taken":0},{"event_name":"Liars Game","player_choice":"disagreed","floor":8,"damage_taken":0},{"event_name":"Addict","player_choice":"Obtained Relic","floor":19,"damage_taken":0},{"event_name":"The Library","player_choice":"Heal","floor":22,"damage_taken":0},{"event_name":"The Mausoleum","player_choice":"Yes","floor":27,"damage_taken":0}],"boss_relics":[{"not_picked":["Astrolabe","Cursed Key"],"picked":"Orrery"},{"not_picked":["Eternal Feather","Question Card"],"picked":"Sozu"}],"potions_floor_spawned":[1,3,11,20,28,31],"seed_played":"8109331256958131814","killed_by":"3 Shapes","is_trial":false}