{"gold_per_floor":[110,123,123,139,314,314,344,344,371,70,20,20,20,35,35,130,130,144,154,253,264,279,279],"floor_reached":23,"playtime":990,"items_purged":["Doubt"],"score":193,"play_id":"81b6ad8b-d48b-4ea4-91ea-ed3151e6d377","local_time":"20190108190325","is_ascension_mode":false,"campfire_choices":[{"data":"1","floor":6,"key":"LIFT"},{"data":"2","floor":12,"key":"LIFT"},{"data":"3","floor":15,"key":"LIFT"}],"neow_cost":"CURSE","seed_source_timestamp":1528271508472,"circlet_count":0,"master_deck":["Defend_G","Defend_G","Defend_G","Defend_G","Defend_G","Strike_G","Strike_G","Strike_G","Strike_G","Strike_G","Survivor","Neutralize","Noxious Fumes","Blade Dance","Envenom","Infinite Blades","Deflect","Corpse Explosion","Sucker Punch","Calculated Gamble+1","Terror+1","Outmaneuver+1"],"relics":["Ring of the Snake","Girya","Potion Belt","Dream Catcher","Ancient Tea Set","Snake Skull","Philosopher\u0027s Stone"],"potions_floor_usage":[7,7,21,21,22,23],"damage_taken":[{"damage":5,"enemies":"Jaw Worm","floor":1,"turns":7},{"damage":1,"enemies":"2 Louse","floor":2,"turns":4},{"damage":4,"enemies":"Small Slimes","floor":4,"turns":4},{"damage":8,"enemies":"3 Sentries","floor":7,"turns":6},{"damage":0,"enemies":"2 Fungi Beasts","floor":13,"turns":3},{"damage":0,"enemies":"Large Slime","floor":14,"turns":4},{"damage":15,"enemies":"Hexaghost","floor":16,"turns":6},{"damage":1,"enemies":"Chosen","floor":18,"turns":4},{"damage":20,"enemies":"Shell Parasite","floor":19,"turns":5},{"damage":21,"enemies":"Centurion and Healer","floor":21,"turns":5},{"damage":13,"enemies":"Snake Plant","floor":22,"turns":4},{"damage":15,"enemies":"Book of Stabbing","floor":23,"turns":2}],"seed_played":"714450650594908776","potions_obtained":[{"floor":2,"key":"AttackPotion"},{"floor":4,"key":"Poison Potion"},{"floor":16,"key":"FearPotion"},{"floor":19,"key":"SkillPotion"},{"floor":21,"key":"EssenceOfSteel"},{"floor":22,"key":"Poison Potion"}],"is_trial":false,"path_per_floor":["M","M","?","M","?","R","E","?","T","$","?","R","M","M","R","B",null,"M","M","?","M","M","E"],"character_chosen":"THE_SILENT","items_purchased":["Snake Skull","Infinite Blades"],"campfire_rested":0,"item_purchase_floors":[10,10],"current_hp_per_floor":[65,64,57,53,53,53,45,45,45,45,45,45,45,45,45,30,70,69,49,49,28,15,0],"gold":279,"neow_bonus":"ONE_RARE_RELIC","is_prod":false,"is_daily":false,"chose_seed":false,"campfire_upgraded":0,"win_rate":0,"timestamp":1546961605,"path_taken":["M","M","?","M","?","R","E","?","T","$","?","R","M","M","R","BOSS","M","M","?","M","M","E"],"build_version":"2019-01-03v4","purchased_purges":1,"victory":false,"max_hp_per_floor":[70,70,70,70,70,70,70,70,70,70,70,70,70,70,70,70,70,70,70,70,70,70,70],"card_choices":[{"not_picked":["Caltrops","Acrobatics"],"picked":"Noxious Fumes","floor":1},{"not_picked":["Backstab","Slice"],"picked":"Blade Dance","floor":2},{"not_picked":["Acrobatics","Reflex","Dodge and Roll"],"picked":"SKIP","floor":4},{"not_picked":["PiercingWail","Underhanded Strike"],"picked":"Envenom","floor":7},{"not_picked":["Deadly Poison","Dodge and Roll"],"picked":"Deflect","floor":13},{"not_picked":["Dagger Throw","Dagger Spray","Endless Agony"],"picked":"SKIP","floor":14},{"not_picked":["Glass Knife","Unload"],"picked":"Corpse Explosion","floor":16},{"not_picked":["Reflex","Poisoned Stab"],"picked":"Sucker Punch","floor":18},{"not_picked":["PiercingWail+1","Flying Knee"],"picked":"Calculated Gamble+1","floor":19},{"not_picked":["Catalyst+1","Underhanded Strike"],"picked":"Terror+1","floor":21},{"not_picked":["Grand Finale","Dodge and Roll+1"],"picked":"Outmaneuver+1","floor":22}],"player_experience":315190,"relics_obtained":[{"floor":7,"key":"Potion Belt"},{"floor":9,"key":"Ancient Tea Set"}],"event_choices":[{"cards_removed":["Shame"],"damage_healed":0,"gold_gain":0,"player_choice":"Card Removal","damage_taken":7,"max_hp_gain":0,"max_hp_loss":0,"event_name":"Golden Wing","floor":3,"gold_loss":0},{"damage_healed":0,"gold_gain":175,"player_choice":"AGREE","damage_taken":0,"max_hp_gain":0,"max_hp_loss":0,"event_name":"Liars Game","floor":5,"gold_loss":0,"cards_obtained":["Doubt"]},{"damage_healed":0,"gold_gain":0,"player_choice":"Box","damage_taken":0,"relics_obtained":["Dream Catcher"],"max_hp_gain":0,"max_hp_loss":0,"event_name":"Big Fish","floor":8,"gold_loss":0,"cards_obtained":["Regret"]},{"cards_removed":["Regret"],"damage_healed":0,"gold_gain":0,"player_choice":"Card Removal","damage_taken":0,"max_hp_gain":0,"max_hp_loss":0,"event_name":"The Cleric","floor":11,"gold_loss":50},{"damage_healed":0,"gold_gain":99,"player_choice":"Stole From Cult","damage_taken":0,"max_hp_gain":0,"max_hp_loss":0,"event_name":"Nest","floor":20,"gold_loss":0}],"is_beta":true,"boss_relics":[{"not_picked":["Eternal Feather","Astrolabe"],"picked":"Philosopher\u0027s Stone"}],"items_purged_floors":[10],"is_endless":false,"potions_floor_spawned":[2,4,16,19,21,22],"killed_by":"Book of Stabbing","ascension_level":0}