{"gold_per_floor":[113,32,49,67,67,98,110,140,178,202,18,45,55,68,68,170,170,170,170,170,170,21,21,21,21,21,21,21,21,21,21,21,21,21,21,21,21,21,21,21,21,21,21,21,21,21,21,21,21,21],"floor_reached":51,"playtime":3181,"items_purged":[],"score":782,"play_id":"3a3cb88b-cc73-4cac-bb16-ca08f602c33a","local_time":"20190725214804","is_ascension_mode":false,"campfire_choices":[{"data":"Armaments","floor":7,"key":"SMITH"},{"floor":15,"key":"REST"},{"data":"Defend_R","floor":24,"key":"PURGE"},{"data":"Strike_R","floor":30,"key":"PURGE"},{"data":"Strike_R","floor":32,"key":"PURGE"},{"floor":41,"key":"REST"},{"data":"Fiend Fire","floor":44,"key":"PURGE"},{"data":"Flame Barrier","floor":47,"key":"SMITH"},{"floor":49,"key":"REST"}],"neow_cost":"PERCENT_DAMAGE","seed_source_timestamp":3104738805861700,"circlet_count":0,"master_deck":["Bash","Armaments+1","Brutality","Flame Barrier+1","Seeing Red","Battle Trance","Heavy Blade","Disarm","Offering","Second Wind","The Bomb","Clothesline","Ghostly Armor","Clothesline","Demon Form","Iron Wave+1","Necronomicurse","Spot Weakness","Reaper","Shrug It Off","Heavy Blade","Limit Break+1","Feed+1","Second Wind+1","Anger+1","Heavy Blade+1","Seeing Red","Armaments+1","Offering+1"],"relics":["Burning Blood","MawBank","Dream Catcher","Happy Flower","Ectoplasm","Necronomicon","Peace Pipe","The Courier","Art of War","Astrolabe","Blood Vial","Calipers","Toxic Egg 2","Regal Pillow"],"potions_floor_usage":[6,14,16,21,23,28,33,33,35,38,40,42],"damage_taken":[{"damage":1,"enemies":"2 Louse","floor":1,"turns":3},{"damage":5,"enemies":"Cultist","floor":3,"turns":4},{"damage":2,"enemies":"Small Slimes","floor":4,"turns":4},{"damage":19,"enemies":"Gremlin Nob","floor":6,"turns":4},{"damage":5,"enemies":"2 Fungi Beasts","floor":8,"turns":5},{"damage":12,"enemies":"Exordium Wildlife","floor":10,"turns":5},{"damage":15,"enemies":"3 Sentries","floor":12,"turns":4},{"damage":15,"enemies":"3 Louse","floor":13,"turns":3},{"damage":20,"enemies":"Gremlin Gang","floor":14,"turns":4},{"damage":14,"enemies":"Slime Boss","floor":16,"turns":6},{"damage":22,"enemies":"3 Byrds","floor":18,"turns":4},{"damage":9,"enemies":"Chosen","floor":21,"turns":4},{"damage":7,"enemies":"Book of Stabbing","floor":23,"turns":4},{"damage":11,"enemies":"Snecko","floor":25,"turns":5},{"damage":45,"enemies":"Gremlin Leader","floor":28,"turns":7},{"damage":10,"enemies":"Snake Plant","floor":31,"turns":4},{"damage":37,"enemies":"Champ","floor":33,"turns":8},{"damage":29,"enemies":"3 Darklings","floor":35,"turns":4},{"damage":17,"enemies":"Orb Walker","floor":37,"turns":3},{"damage":18,"enemies":"Writhing Mass","floor":38,"turns":3},{"damage":27,"enemies":"Spire Growth","floor":39,"turns":5},{"damage":48,"enemies":"Nemesis","floor":40,"turns":5},{"damage":41,"enemies":"4 Shapes","floor":42,"turns":5},{"damage":78,"enemies":"Reptomancer","floor":48,"turns":5},{"damage":65,"enemies":"Awakened One","floor":50,"turns":10}],"seed_played":"631253867261888638","potions_obtained":[{"floor":1,"key":"Weak Potion"},{"floor":4,"key":"Regen Potion"},{"floor":5,"key":"SmokeBomb"},{"floor":5,"key":"SneckoOil"},{"floor":5,"key":"Fire Potion"},{"floor":13,"key":"LiquidBronze"},{"floor":14,"key":"Ancient Potion"},{"floor":16,"key":"Regen Potion"},{"floor":21,"key":"Energy Potion"},{"floor":23,"key":"SkillPotion"},{"floor":31,"key":"Energy Potion"},{"floor":33,"key":"GamblersBrew"},{"floor":39,"key":"Regen Potion"},{"floor":40,"key":"SteroidPotion"}],"is_trial":false,"path_per_floor":["M","$","M","M","?","E","R","M","T","M","$","E","M","M","R","B",null,"M","?","?","M","$","E","R","M","T","$","E","$","R","M","R","B",null,"M","?","M","M","M","E","R","M","T","R","?","$","R","E","R","B",null],"character_chosen":"IRONCLAD","items_purchased":["Seeing Red","The Bomb","Reaper"],"campfire_rested":3,"item_purchase_floors":[2,11,22],"current_hp_per_floor":[61,61,62,66,66,53,53,54,54,48,48,39,30,16,40,32,80,64,64,48,57,57,80,80,75,75,75,62,62,62,63,63,43,80,57,57,60,61,42,16,40,43,43,43,43,43,43,14,53,30],"gold":21,"neow_bonus":"TRANSFORM_TWO_CARDS","is_prod":false,"is_daily":false,"chose_seed":false,"campfire_upgraded":2,"win_rate":0.0,"timestamp":1564116484,"path_taken":["M","$","M","M","?","E","R","M","T","?","$","E","M","M","R","BOSS","M","?","?","M","$","E","R","M","T","?","E","$","R","M","R","BOSS","M","?","M","?","M","E","R","M","T","R","?","$","R","E","R","BOSS"],"build_version":"2019-07-17","purchased_purges":0,"victory":true,"max_hp_per_floor":[80,80,80,80,80,80,80,80,80,80,80,80,80,80,80,80,80,80,80,80,80,80,80,80,80,80,80,80,80,80,80,80,80,80,80,80,80,80,80,80,80,80,80,80,80,80,80,80,80,80],"card_choices":[{"not_picked":["Perfected Strike","Shrug It Off"],"picked":"Flame Barrier","floor":1},{"not_picked":["Second Wind","Pommel Strike"],"picked":"Battle Trance","floor":3},{"not_picked":["Anger","Blood for Blood"],"picked":"Heavy Blade","floor":4},{"not_picked":["Combust","Metallicize"],"picked":"Disarm","floor":6},{"not_picked":["Sword Boomerang","Pommel Strike"],"picked":"Offering","floor":8},{"not_picked":["Armaments","Sword Boomerang"],"picked":"Second Wind","floor":10},{"not_picked":["Twin Strike","Pommel Strike"],"picked":"Fiend Fire","floor":12},{"not_picked":["Hemokinesis","Cleave"],"picked":"Clothesline","floor":13},{"not_picked":["Sword Boomerang","Clash"],"picked":"Ghostly Armor","floor":14},{"not_picked":["Power Through","Perfected Strike"],"picked":"Clothesline","floor":15},{"not_picked":["Juggernaut","Double Tap"],"picked":"Demon Form","floor":16},{"not_picked":["Inflame","Cleave"],"picked":"Iron Wave+1","floor":18},{"not_picked":["True Grit","Warcry"],"picked":"Spot Weakness","floor":21},{"not_picked":["Perfected Strike","Seeing Red"],"picked":"Shrug It Off","floor":23},{"not_picked":["Perfected Strike","Anger"],"picked":"Heavy Blade","floor":25},{"not_picked":["Warcry+1","Anger","True Grit"],"picked":"SKIP","floor":28},{"not_picked":["Fire Breathing","True Grit","Rupture+1"],"picked":"SKIP","floor":31},{"not_picked":["Brutality","Double Tap"],"picked":"Limit Break","floor":33},{"not_picked":["Anger+1","Thunderclap+1"],"picked":"Heavy Blade+1","floor":35},{"not_picked":["Sword Boomerang+1","Perfected Strike+1","Pommel Strike"],"picked":"SKIP","floor":37},{"not_picked":["Power Through","True Grit","Whirlwind+1"],"picked":"SKIP","floor":39},{"not_picked":["Corruption+1","Clash+1"],"picked":"Seeing Red","floor":40},{"not_picked":["Warcry","Heavy Blade"],"picked":"Armaments+1","floor":42},{"not_picked":["Heavy Blade+1","Carnage+1"],"picked":"Offering+1","floor":48}],"player_experience":84059,"relics_obtained":[{"floor":6,"key":"MawBank"},{"floor":9,"key":"Dream Catcher"},{"floor":12,"key":"Happy Flower"},{"floor":20,"key":"Necronomicon"},{"floor":23,"key":"Peace Pipe"},{"floor":26,"key":"The Courier"},{"floor":28,"key":"Art of War"},{"floor":36,"key":"Blood Vial"},{"floor":40,"key":"Calipers"},{"floor":43,"key":"Toxic Egg 2"},{"floor":48,"key":"Regal Pillow"}],"event_choices":[{"damage_healed":0,"gold_gain":0,"player_choice":"Got Potions","damage_taken":0,"max_hp_gain":0,"max_hp_loss":0,"event_name":"Lab","floor":5,"gold_loss":0},{"cards_removed":["Strike_R"],"damage_healed":0,"gold_gain":0,"player_choice":"Elegance","damage_taken":0,"max_hp_gain":0,"max_hp_loss":0,"event_name":"Back to Basics","floor":19,"gold_loss":0},{"damage_healed":0,"gold_gain":0,"player_choice":"Obtained Book","damage_taken":16,"max_hp_gain":0,"max_hp_loss":0,"event_name":"Cursed Tome","floor":20,"gold_loss":0},{"damage_healed":0,"gold_gain":0,"player_choice":"Relic","damage_taken":0,"max_hp_gain":0,"max_hp_loss":0,"event_name":"Wheel of Change","floor":36,"gold_loss":0},{"damage_healed":0,"gold_gain":0,"player_choice":"Upgraded","damage_taken":0,"max_hp_gain":0,"max_hp_loss":0,"event_name":"Upgrade Shrine","floor":45,"gold_loss":0,"cards_upgraded":["Limit Break"]}],"is_beta":false,"boss_relics":[{"not_picked":["Busted Crown","Runic Dome"],"picked":"Ectoplasm"},{"not_picked":["Cursed Key","Coffee Dripper"],"picked":"Astrolabe"}],"items_purged_floors":[],"is_endless":false,"potions_floor_spawned":[1,4,13,14,16,21,23,31,33,39,40],"ascension_level":0}