{"gold_per_floor":[110,35,47,60,74,99,99,99,99,127,144,157,184,184,184,184],"floor_reached":16,"playtime":939,"items_purged":["Strike_G"],"score":197,"play_id":"4e52e35a-6c19-4f07-af9c-4ff80fcdab95","local_time":"20190731000958","is_ascension_mode":false,"campfire_choices":[{"data":"Neutralize","floor":7,"key":"SMITH"},{"data":"Backflip","floor":15,"key":"SMITH"}],"neow_cost":"NONE","seed_source_timestamp":684581583690500,"circlet_count":0,"master_deck":["Strike_G","Strike_G","Strike_G","Defend_G","Defend_G","Defend_G","Defend_G","Defend_G","Survivor","Neutralize+1","Backflip","Deflect","Backflip+1"],"relics":["Ring of the Snake","HushsDoor","Leech","Darkstone Periapt","PokeGo","TheBean","Strawberry"],"potions_floor_usage":[],"damage_taken":[{"damage":0,"enemies":"Cultist","floor":1,"turns":1},{"damage":0,"enemies":"2 Louse","floor":3,"turns":3},{"damage":2,"enemies":"Small Slimes","floor":4,"turns":5},{"damage":0,"enemies":"Looter","floor":5,"turns":4},{"damage":15,"enemies":"3 Sentries","floor":6,"turns":9},{"damage":30,"enemies":"Lagavulin","floor":10,"turns":9},{"damage":0,"enemies":"Lots of Slimes","floor":11,"turns":5},{"damage":0,"enemies":"Blue Slaver","floor":12,"turns":2},{"damage":0,"enemies":"3 Sentries","floor":13,"turns":5}],"seed_played":"-7158588304189435556","potions_obtained":[{"floor":1,"key":"SmokeBomb"},{"floor":6,"key":"SpeedPotion"},{"floor":11,"key":"Regen Potion"}],"is_trial":false,"path_per_floor":["M","$","M","M","M","E","R","$","T","E","M","M","E","?","R","B"],"character_chosen":"THE_SILENT","items_purchased":[],"campfire_rested":0,"item_purchase_floors":[],"current_hp_per_floor":[77,77,77,75,77,67,67,67,67,43,47,49,61,54,54,8],"gold":184,"neow_bonus":"TEN_PERCENT_HP_BONUS","is_prod":false,"is_daily":false,"chose_seed":false,"campfire_upgraded":2,"win_rate":0,"timestamp":1564513798,"path_taken":["M","$","M","M","M","E","R","?","T","E","M","M","E","?","R","BOSS"],"build_version":"2019-07-17","purchased_purges":1,"victory":false,"max_hp_per_floor":[77,77,77,77,77,77,77,77,77,77,77,77,84,84,84,84],"card_choices":[{"not_picked":[],"picked":"ChaosCard","floor":0},{"not_picked":["Slice","Poisoned Stab","Underhanded Strike"],"picked":"SKIP","floor":1},{"not_picked":["Flying Knee","Underhanded Strike","Distraction"],"picked":"SKIP","floor":3},{"not_picked":["Acrobatics","Flying Knee","Blade Dance"],"picked":"SKIP","floor":4},{"not_picked":["Bane","Flechettes","Crippling Poison"],"picked":"SKIP","floor":5},{"not_picked":["Skewer","Predator","Dagger Throw"],"picked":"SKIP","floor":6},{"not_picked":["Slice","Concentrate"],"picked":"Backflip","floor":10},{"not_picked":["Doppelganger","Terror"],"picked":"Deflect","floor":11},{"not_picked":["Riddle With Holes","Bane"],"picked":"Backflip","floor":12},{"not_picked":["All Out Attack","PiercingWail","Eviscerate"],"picked":"SKIP","floor":13}],"player_experience":170796,"relics_obtained":[{"floor":6,"key":"Darkstone Periapt"},{"floor":9,"key":"PokeGo"},{"floor":10,"key":"TheBean"},{"floor":13,"key":"Strawberry"}],"event_choices":[{"cards_removed":["Strike_G"],"damage_healed":0,"gold_gain":0,"player_choice":"Card Removal","damage_taken":7,"max_hp_gain":0,"max_hp_loss":0,"event_name":"Golden Wing","floor":14,"gold_loss":0}],"is_beta":false,"boss_relics":[],"items_purged_floors":[2],"is_endless":false,"potions_floor_spawned":[1,6,11,13],"killed_by":"The Guardian","ascension_level":0}