{"gold_per_floor":[116,34,34,44,44,44,78,93,93,93,93,109,109,34,34,138,138,150,65,65,78,11,11,11,25,25,25,43,61,61,80,80,184,184,202,102,116,129,50,50,50,50,50,50,60,60],"floor_reached":46,"playtime":2194,"items_purged":["Strike_G","Blade Dance+1"],"score":515,"play_id":"3fbe68a0-22a6-4fe8-a1f8-31c2d6a8426c","local_time":"20190721020314","is_ascension_mode":true,"campfire_choices":[{"data":"Noxious Fumes","floor":6,"key":"SMITH"},{"floor":10,"key":"REST"},{"data":"Deadly Poison","floor":15,"key":"SMITH"},{"data":"Footwork","floor":23,"key":"SMITH"},{"floor":27,"key":"REST"},{"data":"Noxious Fumes","floor":32,"key":"SMITH"}],"neow_cost":"NONE","seed_source_timestamp":831041355358000,"circlet_count":0,"master_deck":["Defend_G+1","Defend_G","Defend_G","Defend_G+1","Defend_G+1","Survivor","Neutralize","Noxious Fumes+1","Deadly Poison+1","Backflip","Blur","After Image","Dodge and Roll","Footwork+1","Deflect","Noxious Fumes+1","Backflip+1","Noxious Fumes+1","Deflect"],"special_seed":0,"relics":["Ring of the Snake","PreservedInsect","War Paint","Mercury Hourglass","Philosopher\u0027s Stone","Dream Catcher","Matryoshka","Empty Cage","Ancient Tea Set","Darkstone Periapt"],"potions_floor_usage":[21,40,46,46],"damage_taken":[{"damage":1.0,"enemies":"Jaw Worm","floor":1.0,"turns":7.0},{"damage":4,"enemies":"Small Slimes","floor":4,"turns":3},{"damage":30,"enemies":"Gremlin Nob","floor":7,"turns":4},{"damage":0,"enemies":"Cultist","floor":8,"turns":4},{"damage":16,"enemies":"Exordium Wildlife","floor":12,"turns":4},{"damage":31,"enemies":"Slime Boss","floor":16,"turns":12},{"damage":1,"enemies":"Chosen","floor":18,"turns":6},{"damage":28,"enemies":"2 Thieves","floor":21,"turns":4},{"damage":2,"enemies":"Snecko","floor":25,"turns":6},{"damage":0,"enemies":"Centurion and Healer","floor":28,"turns":8},{"damage":0,"enemies":"Chosen and Byrds","floor":29,"turns":6},{"damage":4,"enemies":"Snake Plant","floor":31,"turns":8},{"damage":21,"enemies":"Collector","floor":33,"turns":11},{"damage":25,"enemies":"3 Darklings","floor":35,"turns":5},{"damage":0,"enemies":"Orb Walker","floor":37,"turns":6},{"damage":0,"enemies":"Maw","floor":38,"turns":10},{"damage":0,"enemies":"Reptomancer","floor":40,"turns":2},{"damage":49,"enemies":"4 Shapes","floor":45,"turns":5},{"damage":13,"enemies":"Sphere and 2 Shapes","floor":46,"turns":3}],"seed_played":"-7023276461677887468","potions_obtained":[{"floor":4,"key":"Swift Potion"},{"floor":12,"key":"Dexterity Potion"},{"floor":16,"key":"FearPotion"},{"floor":29,"key":"Weak Potion"},{"floor":33,"key":"SmokeBomb"}],"is_trial":false,"path_per_floor":["M","$","?","M","T","R","E","M","T","R","?","M","?","$","R","B",null,"M","?","?","M","$","R","?","M","T","R","M","M","?","M","R","B",null,"M","$","M","M","$","E","$","?","T","?","M","M"],"character_chosen":"THE_SILENT","items_purchased":["Noxious Fumes","Footwork","Noxious Fumes"],"campfire_rested":2,"item_purchase_floors":[2,22,39],"current_hp_per_floor":[76,76,61,57,57,57,27,27,27,50,75,59,59,59,59,28,77,76,76,62,34,34,34,34,32,32,56,56,56,56,52,52,31,82,57,57,57,57,57,57,57,57,57,57,8,0],"gold":60,"neow_bonus":"TEN_PERCENT_HP_BONUS","is_prod":false,"is_daily":false,"chose_seed":false,"campfire_upgraded":4,"win_rate":0,"timestamp":1563656594,"path_taken":["M","$","?","M","?","R","E","?","T","R","?","M","?","$","R","BOSS","M","?","?","M","$","R","?","M","T","R","M","M","?","?","R","BOSS","M","$","?","M","$","E","$","?","T","?","M","M"],"build_version":"2019-07-17","purchased_purges":2,"victory":false,"max_hp_per_floor":[77,77,77,77,77,77,77,77,77,77,77,77,77,77,77,77,77,77,77,82,82,82,82,82,82,82,82,82,82,82,82,82,82,82,82,82,82,82,82,82,82,78,78,78,78,78],"card_choices":[{"not_picked":["Deadly Poison","Masterful Stab"],"picked":"Blade Dance","floor":1.0},{"not_picked":["Dodge and Roll","Heel Hook"],"picked":"Deadly Poison","floor":4},{"not_picked":["Riddle With Holes","Finisher","Caltrops"],"picked":"SKIP","floor":7},{"not_picked":["Deadly Poison","Blade Dance"],"picked":"Backflip","floor":8},{"not_picked":["Flying Knee","Calculated Gamble"],"picked":"Blur","floor":12},{"not_picked":["Malaise","Doppelganger"],"picked":"After Image","floor":16},{"not_picked":["Acrobatics","PiercingWail"],"picked":"Dodge and Roll","floor":18},{"not_picked":["Sucker Punch","Bane","PiercingWail"],"picked":"SKIP","floor":21},{"not_picked":["Choke+1","Dodge and Roll+1"],"picked":"Deflect","floor":25},{"not_picked":["Accuracy","Crippling Poison","Outmaneuver"],"picked":"SKIP","floor":28},{"not_picked":["Choke","Quick Slash","Masterful Stab"],"picked":"SKIP","floor":29},{"not_picked":["Outmaneuver+1","Deadly Poison"],"picked":"Noxious Fumes","floor":31},{"not_picked":["PiercingWail","Acrobatics+1"],"picked":"Backflip+1","floor":35},{"not_picked":["Setup","Masterful Stab+1","Poisoned Stab"],"picked":"SKIP","floor":37},{"not_picked":["Masterful Stab","Blade Dance","Poisoned Stab"],"picked":"SKIP","floor":38},{"not_picked":["Bane","Poisoned Stab+1"],"picked":"Deflect","floor":45}],"player_experience":146898,"relics_obtained":[{"floor":5,"key":"PreservedInsect"},{"floor":7,"key":"War Paint"},{"floor":9,"key":"Mercury Hourglass"},{"floor":26,"key":"Matryoshka"},{"floor":43,"key":"Ancient Tea Set"},{"floor":43,"key":"Darkstone Periapt"}],"event_choices":[{"damage_healed":0,"gold_gain":0,"player_choice":"Entered Light","damage_taken":15,"max_hp_gain":0,"max_hp_loss":0,"event_name":"Shining Light","floor":3,"gold_loss":0,"cards_upgraded":["Defend_G","Blade Dance"]},{"damage_healed":25,"gold_gain":0,"player_choice":"Banana","damage_taken":0,"max_hp_gain":0,"max_hp_loss":0,"event_name":"Big Fish","floor":11,"gold_loss":0},{"cards_removed":["Strike_G"],"damage_healed":0,"gold_gain":0,"player_choice":"Purged","damage_taken":0,"max_hp_gain":0,"max_hp_loss":0,"event_name":"Purifier","floor":13,"gold_loss":0},{"damage_healed":0,"gold_gain":0,"player_choice":"Obtained Relic","damage_taken":0,"relics_obtained":["Dream Catcher"],"max_hp_gain":0,"max_hp_loss":0,"event_name":"Addict","floor":19,"gold_loss":85},{"damage_healed":0,"gold_gain":0,"player_choice":"Shed Blood","damage_taken":19,"max_hp_gain":5,"max_hp_loss":0,"event_name":"Forgotten Altar","floor":20,"gold_loss":0},{"cards_removed":["Strike_G"],"damage_healed":0,"gold_gain":0,"player_choice":"Elegance","damage_taken":0,"max_hp_gain":0,"max_hp_loss":0,"event_name":"Back to Basics","floor":24,"gold_loss":0},{"damage_healed":0,"gold_gain":0,"player_choice":"Ignored","damage_taken":0,"max_hp_gain":0,"max_hp_loss":0,"event_name":"Cursed Tome","floor":30,"gold_loss":0},{"damage_healed":0,"gold_gain":0,"player_choice":"Max HP","damage_taken":0,"max_hp_gain":0,"max_hp_loss":4,"event_name":"Winding Halls","floor":42,"gold_loss":0},{"damage_healed":0,"gold_gain":0,"player_choice":"Upgraded","damage_taken":0,"max_hp_gain":0,"max_hp_loss":0,"event_name":"Upgrade Shrine","floor":44,"gold_loss":0,"cards_upgraded":["Noxious Fumes"]}],"is_beta":false,"boss_relics":[{"not_picked":["Snecko Eye","Ectoplasm"],"picked":"Philosopher\u0027s Stone"},{"not_picked":["Busted Crown","Pandora\u0027s Box"],"picked":"Empty Cage"}],"items_purged_floors":[14,36],"is_endless":false,"potions_floor_spawned":[4,12,16,18,29,31,33,35,37],"killed_by":"Sphere and 2 Shapes","ascension_level":3}