{"gold_per_floor":[118,134,145,161,180,180,193,158,207,207,218,218,236,236,236,335,335,346,398,410,427,427],"floor_reached":22,"playtime":1594,"items_purged":[],"score":182,"play_id":"3baa0018-d3cd-4338-a7ae-48e87eca8f19","local_time":"20190629210111","is_ascension_mode":false,"campfire_choices":[{"floor":6,"key":"REST"},{"data":"Electrodynamics","floor":10,"key":"SMITH"},{"floor":12,"key":"REST"},{"data":"Capacitor","floor":15,"key":"SMITH"}],"neow_cost":"NONE","seed_source_timestamp":188188012661400,"circlet_count":0,"master_deck":["Strike_B","Strike_B","Strike_B","Strike_B","Defend_B","Defend_B","Defend_B","Defend_B","Zap","Dualcast","Capacitor+1","Darkness","Barrage","Skim","Leap","Electrodynamics+1","Leap","Conserve Battery","Amplify","Redo","Ball Lightning","Auto Shields+1"],"relics":["Cracked Core","PreservedInsect","Black Star","Bronze Scales"],"potions_floor_usage":[],"damage_taken":[{"damage":6,"enemies":"Jaw Worm","floor":1,"turns":4},{"damage":1,"enemies":"Cultist","floor":2,"turns":4},{"damage":8,"enemies":"2 Louse","floor":3,"turns":5},{"damage":16,"enemies":"Blue Slaver","floor":4,"turns":4},{"damage":14,"enemies":"Exordium Thugs","floor":5,"turns":5},{"damage":15,"enemies":"2 Fungi Beasts","floor":7,"turns":5},{"damage":19,"enemies":"Exordium Wildlife","floor":11,"turns":4},{"damage":26,"enemies":"3 Louse","floor":13,"turns":3},{"damage":43,"enemies":"Hexaghost","floor":16,"turns":12},{"damage":24,"enemies":"2 Thieves","floor":18,"turns":3},{"damage":10,"enemies":"Spheric Guardian","floor":20,"turns":3},{"damage":30,"enemies":"Snake Plant","floor":21,"turns":4},{"damage":20,"enemies":"Masked Bandits","floor":22,"turns":2}],"seed_played":"7023267915047678923","potions_obtained":[{"floor":1,"key":"Dexterity Potion"},{"floor":7,"key":"Dexterity Potion"},{"floor":11,"key":"AttackPotion"},{"floor":16,"key":"Regen Potion"}],"is_trial":false,"path_per_floor":["M","M","M","M","M","R","M","?","T","R","M","R","M","?","R","B",null,"M","T","M","M","?"],"character_chosen":"DEFECT","items_purchased":[],"campfire_rested":2,"item_purchase_floors":[],"current_hp_per_floor":[76,75,67,51,37,61,46,66,66,66,47,71,45,45,45,2,82,58,58,48,18,0],"gold":427,"neow_bonus":"TEN_PERCENT_HP_BONUS","is_prod":false,"is_daily":false,"chose_seed":false,"campfire_upgraded":2,"win_rate":0.0,"timestamp":1561824071,"path_taken":["M","M","M","M","M","R","M","?","T","R","M","R","M","?","R","BOSS","M","?","M","M","?"],"build_version":"2019-01-23","purchased_purges":0,"victory":false,"max_hp_per_floor":[82,82,82,82,82,82,82,82,82,82,82,82,82,82,82,82,82,82,82,82,82,82],"card_choices":[{"not_picked":["Streamline","Ball Lightning"],"picked":"Capacitor","floor":1},{"not_picked":["Steam","Storm"],"picked":"Darkness","floor":2},{"not_picked":["Darkness","Steam"],"picked":"Barrage","floor":3},{"not_picked":["Melter","Leap"],"picked":"Skim","floor":4},{"not_picked":["Compile Driver","Stack"],"picked":"Leap","floor":5},{"not_picked":["Recycle","Blizzard"],"picked":"Electrodynamics","floor":7},{"not_picked":["Turbo","Doom and Gloom"],"picked":"Leap","floor":11},{"not_picked":["Go for the Eyes","Barrage"],"picked":"Conserve Battery","floor":13},{"not_picked":["Reboot","All For One"],"picked":"Amplify","floor":16},{"not_picked":["Stack","Sweeping Beam+1"],"picked":"Redo","floor":18},{"not_picked":["Stack","Rebound"],"picked":"Ball Lightning","floor":20},{"not_picked":["FTL","Barrage"],"picked":"Auto Shields+1","floor":21}],"player_experience":55440,"relics_obtained":[{"floor":9,"key":"PreservedInsect"},{"floor":19,"key":"Bronze Scales"}],"event_choices":[{"damage_healed":20,"gold_gain":0,"player_choice":"Healed","damage_taken":0,"max_hp_gain":0,"max_hp_loss":0,"event_name":"The Cleric","floor":8,"gold_loss":35},{"damage_healed":0,"gold_gain":0,"player_choice":"Ignored","damage_taken":0,"max_hp_gain":0,"max_hp_loss":0,"event_name":"NoteForYourself","floor":14,"gold_loss":0},{"damage_healed":0,"gold_gain":0,"player_choice":"Fought Bandits","damage_taken":0,"max_hp_gain":0,"max_hp_loss":0,"event_name":"Masked Bandits","floor":22,"gold_loss":0}],"is_beta":false,"boss_relics":[{"not_picked":["Velvet Choker","Runic Dome"],"picked":"Black Star"}],"items_purged_floors":[],"is_endless":false,"potions_floor_spawned":[1,7,11,16],"killed_by":"Masked Bandits","ascension_level":0}