{"gold_per_floor":[114,125,137,44,62,88,38,38,38,38,70,81,106,118,118,118],"floor_reached":16,"playtime":675,"items_purged":[],"score":178,"play_id":"edc307ce-b343-4c7f-966d-35af7e2c275f","local_time":"20181112225305","is_ascension_mode":true,"campfire_choices":[{"data":"Deflect","floor":8,"key":"SMITH"},{"data":"Accuracy","floor":10,"key":"SMITH"},{"floor":15,"key":"REST"}],"neow_cost":"NONE","seed_source_timestamp":1816729735035,"circlet_count":0,"master_deck":["Defend_G","Defend_G","Defend_G","Defend_G","Strike_G","Strike_G","Strike_G","Strike_G","Strike_G","Survivor","Neutralize","Poisoned Stab","Blade Dance","Outmaneuver","Accuracy+1","Cloak And Dagger","Quick Slash","Deflect+1","Terror","Deadly Poison","Blade Dance","Slice","Blade Dance","Blade Dance"],"relics":["Ring of the Snake","Pear","Prayer Wheel","Nunchaku","Anchor"],"potions_floor_usage":[6,12,13],"damage_taken":[{"damage":6,"enemies":"Cultist","floor":1,"turns":5},{"damage":3,"enemies":"2 Louse","floor":2,"turns":2},{"damage":0,"enemies":"Small Slimes","floor":3,"turns":3},{"damage":5,"enemies":"Gremlin Gang","floor":5,"turns":7},{"damage":1,"enemies":"Gremlin Nob","floor":6,"turns":3},{"damage":38,"enemies":"Lagavulin","floor":11,"turns":6},{"damage":3,"enemies":"Exordium Wildlife","floor":12,"turns":4},{"damage":20,"enemies":"3 Sentries","floor":13,"turns":7},{"damage":8,"enemies":"3 Louse","floor":14,"turns":3},{"damage":36,"enemies":"Slime Boss","floor":16,"turns":9}],"seed_played":"-3250936067480420729","potions_obtained":[{"floor":3,"key":"Swift Potion"},{"floor":11,"key":"Swift Potion"},{"floor":12,"key":"Dexterity Potion"}],"is_trial":false,"path_per_floor":["M","M","M","$","M","E","?","R","T","R","E","M","E","M","R","B"],"character_chosen":"THE_SILENT","items_purchased":["Accuracy","Cloak And Dagger"],"campfire_rested":1,"item_purchase_floors":[4,4],"current_hp_per_floor":[71,68,68,68,63,72,72,72,72,72,34,31,11,3,29,0],"gold":118,"neow_bonus":"TEN_PERCENT_HP_BONUS","is_prod":false,"is_daily":false,"chose_seed":false,"campfire_upgraded":2,"win_rate":0,"timestamp":1542050585,"path_taken":["M","?","?","$","M","E","?","R","T","R","E","M","E","M","R","BOSS"],"build_version":"2018-11-08","purchased_purges":0,"victory":false,"max_hp_per_floor":[77,77,77,77,77,87,87,87,87,87,87,87,87,87,87,87],"card_choices":[{"not_picked":["PiercingWail","Deflect"],"picked":"Poisoned Stab","floor":1},{"not_picked":["Flechettes","Prepared"],"picked":"Blade Dance","floor":2},{"not_picked":["Acrobatics","PiercingWail"],"picked":"Outmaneuver","floor":3},{"not_picked":["Concentrate","Finisher"],"picked":"Quick Slash","floor":5},{"not_picked":["Dagger Throw","Tactician"],"picked":"Deflect","floor":6},{"not_picked":["Choke","Wraith Form v2"],"picked":"Terror","floor":11},{"not_picked":["Dagger Throw","Choke"],"picked":"Deadly Poison","floor":12},{"not_picked":["Flying Knee","Acrobatics"],"picked":"Blade Dance","floor":12},{"not_picked":["Well Laid Plans","Dash"],"picked":"Slice","floor":13},{"not_picked":["Escape Plan","Poisoned Stab"],"picked":"Blade Dance","floor":14},{"not_picked":["Deadly Poison","Grand Finale"],"picked":"Blade Dance","floor":14}],"player_experience":151247,"relics_obtained":[{"floor":6,"key":"Pear"},{"floor":9,"key":"Prayer Wheel"},{"floor":11,"key":"Nunchaku"},{"floor":13,"key":"Anchor"}],"event_choices":[{"cards_removed":["Defend_G"],"damage_healed":0,"gold_gain":0,"player_choice":"Card Removal","damage_taken":0,"max_hp_gain":0,"max_hp_loss":0,"event_name":"The Cleric","floor":7,"gold_loss":50}],"is_beta":true,"boss_relics":[],"items_purged_floors":[],"is_endless":false,"potions_floor_spawned":[3,11,12],"killed_by":"Slime Boss","ascension_level":1}