{"gold_per_floor":[113,123,48,98,118,144,154,154,179,214,232,232,265,280,280,356,356,374,374,43,54,66,66,98,115,190,115,30,42,54],"floor_reached":30,"playtime":2244,"items_purged":["Strike_B"],"score":608,"play_id":"33db3c43-5703-415e-bf16-49159f01210b","local_time":"20190726232918","is_ascension_mode":true,"campfire_choices":[{"data":"Barrage","floor":12.0,"key":"SMITH"},{"floor":15.0,"key":"REST"},{"floor":23.0,"key":"REST"},{"floor":29,"key":"REST"}],"neow_cost":"NONE","seed_source_timestamp":0,"circlet_count":0,"master_deck":["AscendersBane","Strike_B","Strike_B","Defend_B","Defend_B","Defend_B","Defend_B","Zap+1","Dualcast","Cold Snap","Sweeping Beam","FTL","Gash","Barrage+1","Steam","Hyperbeam","Coolheaded","Core Surge","Gash","RitualDagger","Loop","Ball Lightning","Beam Cell","Hologram"],"special_seed":0,"relics":["Cracked Core","Juzu Bracelet","DataDisk","Happy Flower","Bag of Preparation","Runic Pyramid","Kunai","Strawberry","Singing Bowl","MawBank"],"potions_floor_usage":[24],"damage_taken":[{"damage":0.0,"enemies":"Cultist","floor":1.0,"turns":3.0},{"damage":2.0,"enemies":"2 Louse","floor":2.0,"turns":3.0},{"damage":0.0,"enemies":"Jaw Worm","floor":5.0,"turns":4.0},{"damage":14.0,"enemies":"3 Sentries","floor":6.0,"turns":6.0},{"damage":7.0,"enemies":"Blue Slaver","floor":7.0,"turns":3.0},{"damage":14.0,"enemies":"Lagavulin","floor":10.0,"turns":6.0},{"damage":0.0,"enemies":"Large Slime","floor":11.0,"turns":4.0},{"damage":18.0,"enemies":"3 Sentries","floor":13.0,"turns":7.0},{"damage":0.0,"enemies":"Looter","floor":14.0,"turns":2.0},{"damage":0.0,"enemies":"The Guardian","floor":16.0,"turns":14.0},{"damage":0.0,"enemies":"Chosen","floor":18.0,"turns":4.0},{"damage":17.0,"enemies":"3 Byrds","floor":21.0,"turns":4.0},{"damage":23.0,"enemies":"Centurion and Healer","floor":22.0,"turns":6.0},{"damage":26,"enemies":"Book of Stabbing","floor":24,"turns":5},{"damage":14,"enemies":"Snake Plant","floor":25,"turns":4},{"damage":51,"enemies":"Slavers","floor":30,"turns":3}],"seed_played":"-8145366497129982875","potions_obtained":[{"floor":1.0,"key":"SteroidPotion"},{"floor":5.0,"key":"SmokeBomb"},{"floor":10.0,"key":"Dexterity Potion"},{"floor":14.0,"key":"GamblersBrew"},{"floor":18.0,"key":"Weak Potion"}],"is_trial":false,"path_per_floor":["M","M","$","?","M","E","M","?","T","E","M","R","E","M","R","B",null,"M","?","$","M","M","R","E","M","T","?","?","R","E"],"character_chosen":"DEFECT","items_purchased":["Kunai","Loop"],"campfire_rested":3,"item_purchase_floors":[20,20],"current_hp_per_floor":[64,62,62,62,62,48,41,46,46,32,32,32,14,14,36,36,66,66,60,60,43,20,42,23,9,9,9,9,33,0],"gold":54,"neow_bonus":"UPGRADE_CARD","is_prod":false,"is_daily":false,"chose_seed":false,"campfire_upgraded":1,"win_rate":0,"timestamp":1564208958,"path_taken":["M","?","$","?","M","E","M","?","T","E","M","R","E","M","R","BOSS","M","?","$","M","M","R","E","M","T","?","?","R","E"],"build_version":"2019-07-17","purchased_purges":1,"victory":false,"max_hp_per_floor":[71,71,71,71,71,71,71,76,76,76,76,76,76,76,76,76,76,76,76,76,76,76,76,83,83,83,83,83,83,83],"card_choices":[{"not_picked":["Tempest","Conserve Battery","Beam Cell"],"picked":"SKIP","floor":1.0},{"not_picked":["White Noise","Storm"],"picked":"Cold Snap","floor":2.0},{"not_picked":["Tempest","Gash"],"picked":"Sweeping Beam","floor":5.0},{"not_picked":["BootSequence","Beam Cell"],"picked":"FTL","floor":6.0},{"not_picked":["White Noise","Stack"],"picked":"Gash","floor":7.0},{"not_picked":["Turbo","Stack"],"picked":"Barrage","floor":10.0},{"not_picked":["Hologram","Consume"],"picked":"Steam","floor":11.0},{"not_picked":["Stack","Hello World"],"picked":"Hyperbeam","floor":13.0},{"not_picked":["Double Energy","Barrage"],"picked":"Coolheaded","floor":14.0},{"not_picked":["Biased Cognition","Electrodynamics"],"picked":"Core Surge","floor":16.0},{"not_picked":["Reprogram","Cold Snap"],"picked":"Gash","floor":18.0},{"not_picked":["Chaos","Conserve Battery"],"picked":"Ball Lightning","floor":21.0},{"not_picked":["Conserve Battery","Gash"],"picked":"Beam Cell","floor":22.0},{"not_picked":["Static Discharge","Auto Shields","Melter"],"picked":"SKIP","floor":24},{"not_picked":["Redo","Melter"],"picked":"Hologram","floor":25}],"player_experience":573347,"relics_obtained":[{"floor":6.0,"key":"Juzu Bracelet"},{"floor":9.0,"key":"DataDisk"},{"floor":10.0,"key":"Happy Flower"},{"floor":13.0,"key":"Bag of Preparation"},{"floor":24,"key":"Strawberry"},{"floor":26,"key":"Singing Bowl"}],"event_choices":[{"damage_healed":0.0,"max_hp_gain":0.0,"max_hp_loss":0.0,"gold_gain":50.0,"event_name":"Golden Shrine","player_choice":"Pray","floor":4.0,"gold_loss":0.0,"damage_taken":0.0},{"damage_healed":0.0,"max_hp_gain":5.0,"max_hp_loss":0.0,"gold_gain":0.0,"event_name":"Big Fish","player_choice":"Donut","floor":8.0,"gold_loss":0.0,"damage_taken":0.0},{"damage_healed":0.0,"max_hp_gain":0.0,"max_hp_loss":0.0,"gold_gain":0.0,"event_name":"Nest","player_choice":"Joined the Cult","floor":19.0,"gold_loss":0.0,"damage_taken":6.0,"cards_obtained":["RitualDagger"]},{"cards_removed":["Strike_B"],"damage_healed":0,"gold_gain":0,"player_choice":"Gave Gold","damage_taken":0,"max_hp_gain":0,"max_hp_loss":0,"event_name":"Beggar","floor":27,"gold_loss":75},{"damage_healed":0,"gold_gain":0,"player_choice":"Obtained Relic","damage_taken":0,"relics_obtained":["MawBank"],"max_hp_gain":0,"max_hp_loss":0,"event_name":"Addict","floor":28,"gold_loss":85}],"is_beta":false,"boss_relics":[{"not_picked":["Fusion Hammer","Orrery"],"picked":"Runic Pyramid"}],"items_purged_floors":[3],"is_endless":false,"potions_floor_spawned":[1,5,10,14,18,21],"killed_by":"Slavers","ascension_level":18}