{"gold_per_floor":[114,133,133,58,71,100,100,115,141,154,10,10,10,28,28,123,123,141,159,171,71,87,87,115,115,191,191],"floor_reached":27,"playtime":880,"items_purged":["Strike_B","Strike_B+1"],"score":259,"play_id":"facceec3-eb94-45b7-869b-98bbd300ac76","local_time":"20190707221140","is_ascension_mode":true,"campfire_choices":[{"data":"Scrape","floor":7,"key":"SMITH"},{"data":"Gash","floor":12,"key":"SMITH"},{"floor":15,"key":"REST"},{"data":"Gash","floor":23,"key":"SMITH"}],"neow_cost":"NONE","seed_source_timestamp":884340874625100,"circlet_count":0,"master_deck":["Defend_B","Defend_B","Defend_B","Defend_B","Zap","Dualcast","Gash+1","Scrape+1","Conserve Battery","Gash+1","Conserve Battery","Gash+1","Conserve Battery+1"],"relics":["Cracked Core","NeowsBlessing","Bag of Marbles","Whetstone","Lantern","Anchor","Empty Cage","Happy Flower","Sundial"],"potions_floor_usage":[16,16,16,22,24],"damage_taken":[{"damage":0,"enemies":"2 Louse","floor":1,"turns":1},{"damage":0,"enemies":"Cultist","floor":2,"turns":1},{"damage":0,"enemies":"Jaw Worm","floor":5,"turns":1},{"damage":29,"enemies":"Lagavulin","floor":6,"turns":6},{"damage":0,"enemies":"2 Fungi Beasts","floor":8,"turns":4},{"damage":4,"enemies":"Lots of Slimes","floor":10,"turns":3},{"damage":0,"enemies":"Large Slime","floor":14,"turns":4},{"damage":32,"enemies":"Hexaghost","floor":16,"turns":8},{"damage":2,"enemies":"Shell Parasite","floor":18,"turns":3},{"damage":0,"enemies":"3 Byrds","floor":19,"turns":4},{"damage":13,"enemies":"Snecko","floor":20,"turns":4},{"damage":7,"enemies":"Shelled Parasite and Fungi","floor":22,"turns":4},{"damage":35,"enemies":"Book of Stabbing","floor":24,"turns":6},{"damage":31,"enemies":"Chosen and Byrds","floor":27,"turns":4}],"seed_played":"-6300024859099357339","potions_obtained":[{"floor":1,"key":"PowerPotion"},{"floor":5,"key":"EntropicBrew"},{"floor":6,"key":"LiquidBronze"},{"floor":18,"key":"EssenceOfSteel"}],"is_trial":false,"path_per_floor":["M","M","?","$","M","E","R","M","T","M","$","R","?","M","R","B",null,"M","M","M","$","M","R","E","$","T","M"],"character_chosen":"DEFECT","items_purchased":["Lantern"],"campfire_rested":1,"item_purchase_floors":[11],"current_hp_per_floor":[75,75,75,75,75,46,46,46,46,42,42,42,42,42,64,32,75,73,73,60,60,53,53,18,18,18,0],"gold":191,"neow_bonus":"THREE_ENEMY_KILL","is_prod":false,"is_daily":false,"chose_seed":false,"campfire_upgraded":3,"win_rate":0,"timestamp":1562519500,"path_taken":["M","M","?","$","?","E","R","M","T","M","$","R","?","M","R","BOSS","M","M","?","$","M","R","E","$","T","M"],"build_version":"2019-07-05","purchased_purges":2,"victory":false,"max_hp_per_floor":[75,75,75,75,75,75,75,75,75,75,75,75,75,75,75,75,75,75,75,75,75,75,75,75,75,75,75],"card_choices":[{"not_picked":["Steam Power","Compile Driver"],"picked":"Gash","floor":1},{"not_picked":["Genetic Algorithm","Double Energy"],"picked":"Scrape","floor":2},{"not_picked":["Recycle","Steam"],"picked":"Conserve Battery","floor":5},{"not_picked":["Ball Lightning","Streamline","Compile Driver"],"picked":"SKIP","floor":6},{"not_picked":["Rainbow","FTL"],"picked":"Gash","floor":8},{"not_picked":["Leap","Redo"],"picked":"Conserve Battery","floor":10},{"not_picked":["Steam","Steam Power"],"picked":"Gash","floor":14},{"not_picked":["Static Discharge","Streamline+1","Doom and Gloom"],"picked":"SKIP","floor":18},{"not_picked":["Aggregate","Rebound","Redo"],"picked":"SKIP","floor":19},{"not_picked":["Doom and Gloom+1","Recycle","White Noise"],"picked":"SKIP","floor":20},{"not_picked":["Turbo","Streamline+1"],"picked":"Conserve Battery+1","floor":22},{"not_picked":["Compile Driver","Ball Lightning+1","Lockon"],"picked":"SKIP","floor":24}],"player_experience":102998,"relics_obtained":[{"floor":6,"key":"Bag of Marbles"},{"floor":9,"key":"Whetstone"},{"floor":13,"key":"Anchor"},{"floor":24,"key":"Happy Flower"},{"floor":26,"key":"Sundial"}],"event_choices":[{"damage_healed":0,"gold_gain":0,"player_choice":"Bought 0 Potions","damage_taken":0,"max_hp_gain":0,"max_hp_loss":0,"event_name":"The Woman in Blue","floor":3,"gold_loss":0},{"damage_healed":0,"gold_gain":0,"player_choice":"Relic","damage_taken":0,"max_hp_gain":0,"max_hp_loss":0,"event_name":"Wheel of Change","floor":13,"gold_loss":0}],"is_beta":false,"boss_relics":[{"not_picked":["White Beast Statue","Lizard Tail"],"picked":"Empty Cage"}],"items_purged_floors":[4,21],"is_endless":false,"potions_floor_spawned":[1,5,6,18,20],"killed_by":"Chosen and Byrds","ascension_level":2}