{"gold_per_floor":[113,124,2,22,97,149,183,193,219,231,18,50,50,74,74,171,171,186,186],"floor_reached":19,"playtime":1927,"items_purged":["Defend_B"],"score":184,"play_id":"16b72c13-05db-46ee-9eb7-6a6122a3259b","local_time":"20190108035725","is_ascension_mode":true,"campfire_choices":[{"floor":10,"key":"REST"},{"data":"Redo","floor":13,"key":"SMITH"},{"data":"Loop","floor":15,"key":"SMITH"}],"neow_cost":"PERCENT_DAMAGE","seed_source_timestamp":15596898789895,"circlet_count":0,"master_deck":["Strike_B+1","Strike_B","Strike_B+1","Strike_B","Defend_B","Defend_B","Defend_B","Zap","Dualcast","Leap","Double Energy","Loop+1","Conserve Battery","Conserve Battery","Chaos","Skim","Redo+1","Creative AI","Sweeping Beam"],"relics":["Cracked Core","Happy Flower","FossilizedHelix","MawBank","Vajra","Boot","Whetstone","Runic Pyramid"],"potions_floor_usage":[12,19],"damage_taken":[{"damage":7,"enemies":"Jaw Worm","floor":1,"turns":4},{"damage":0,"enemies":"Cultist","floor":2,"turns":4},{"damage":7,"enemies":"2 Louse","floor":4,"turns":2},{"damage":17,"enemies":"Lagavulin","floor":7,"turns":8},{"damage":0,"enemies":"Large Slime","floor":8,"turns":4},{"damage":15,"enemies":"3 Sentries","floor":12,"turns":6},{"damage":24,"enemies":"Hexaghost","floor":16,"turns":9},{"damage":0,"enemies":"Chosen","floor":18,"turns":5},{"damage":38,"enemies":"Colosseum Slavers","floor":19,"turns":5},{"damage":66,"enemies":"Colosseum Nobs","floor":19,"turns":4}],"seed_played":"-2971593618035890349","potions_obtained":[{"floor":7,"key":"Regen Potion"},{"floor":12,"key":"Poison Potion"},{"floor":16,"key":"Ancient Potion"}],"is_trial":false,"path_per_floor":["M","M","$","M","?","T","E","M","T","R","$","E","R","T","R","B",null,"M","?"],"character_chosen":"DEFECT","items_purchased":["Loop","Conserve Battery","Vajra"],"campfire_rested":1,"item_purchase_floors":[3,3,11],"current_hp_per_floor":[61,61,61,54,43,43,26,26,26,52,52,52,52,52,52,28,89,89,0],"gold":186,"neow_bonus":"TWENTY_PERCENT_HP_BONUS","is_prod":false,"is_daily":false,"chose_seed":false,"campfire_upgraded":2,"win_rate":0,"timestamp":1546907245,"path_taken":["M","M","$","M","?","?","E","?","T","R","$","E","R","?","R","BOSS","M","?"],"build_version":"2019-01-03v4","purchased_purges":1,"victory":false,"max_hp_per_floor":[89,89,89,89,89,89,89,89,89,89,89,89,89,89,89,89,89,89,89],"card_choices":[{"not_picked":["Hologram","Scrape"],"picked":"Leap","floor":1},{"not_picked":["White Noise","Sweeping Beam"],"picked":"Double Energy","floor":2},{"not_picked":["Stack","Reprogram"],"picked":"Conserve Battery","floor":4},{"not_picked":["Beam Cell","Go for the Eyes"],"picked":"Chaos","floor":7},{"not_picked":["Heatsinks","Leap"],"picked":"Skim","floor":8},{"not_picked":["Beam Cell","Sweeping Beam"],"picked":"Redo","floor":12},{"not_picked":["Reboot","Multi-Cast"],"picked":"Creative AI","floor":16},{"not_picked":["Streamline","Rebound"],"picked":"Sweeping Beam","floor":18}],"player_experience":312121,"relics_obtained":[{"floor":6,"key":"Happy Flower"},{"floor":7,"key":"FossilizedHelix"},{"floor":9,"key":"MawBank"},{"floor":12,"key":"Boot"},{"floor":14,"key":"Whetstone"}],"event_choices":[{"damage_healed":0,"gold_gain":75,"player_choice":"Gather Gold","damage_taken":11,"max_hp_gain":0,"max_hp_loss":0,"event_name":"World of Goop","floor":5,"gold_loss":0},{"damage_healed":0,"gold_gain":0,"player_choice":"Fight","damage_taken":0,"max_hp_gain":0,"max_hp_loss":0,"event_name":"Colosseum","floor":19,"gold_loss":0},{"damage_healed":0,"gold_gain":0,"player_choice":"Fought Nobs","damage_taken":0,"max_hp_gain":0,"max_hp_loss":0,"event_name":"Colosseum","floor":19,"gold_loss":0}],"is_beta":true,"boss_relics":[{"not_picked":["Astrolabe","Calling Bell"],"picked":"Runic Pyramid"}],"items_purged_floors":[11],"is_endless":false,"potions_floor_spawned":[7,12,16,19],"killed_by":"Colosseum Nobs","ascension_level":1}