{"gold_per_floor":[119,137,137,152,171,171,96,109,132,132,132,175,87,107,107,230,230,243,243,67,90,109,109,35,35,107,125,125,74,74,74,74,197,197,216,241,9,109,127,127,127,127,127,127,103,118,118,143,143,143],"floor_reached":51,"playtime":2213,"items_purged":["Strike_R","Strike_R","Strike_R","Defend_R"],"score":670,"play_id":"4c6844de-e655-4ddc-b6d1-f20825b9c55c","local_time":"20190212203154","is_ascension_mode":false,"campfire_choices":[{"data":"Heavy Blade","floor":6.0,"key":"SMITH"},{"data":"Pommel Strike","floor":10.0,"key":"SMITH"},{"data":"Rage","floor":15.0,"key":"SMITH"},{"data":"Armaments","floor":23,"key":"SMITH"},{"data":"Metallicize","floor":25,"key":"SMITH"},{"data":"Disarm","floor":28,"key":"SMITH"},{"data":"J.A.X.","floor":32,"key":"SMITH"},{"data":"Metallicize","floor":40,"key":"SMITH"},{"data":"Mayhem","floor":42,"key":"SMITH"},{"data":"Shrug It Off","floor":44,"key":"SMITH"},{"data":"Headbutt","floor":47,"key":"SMITH"},{"floor":49,"key":"REST"}],"neow_cost":"NONE","seed_source_timestamp":112908116049135,"circlet_count":0,"master_deck":["Defend_R","Defend_R","Defend_R","Headbutt","Clothesline","Heavy Blade+1","Pommel Strike+1","Rage+1","Immolate+1","Shrug It Off+1","Power Through","Armaments+1","Metallicize+1","Disarm+1","Anger","J.A.X.+1","Demon Form","Flame Barrier+1","Headbutt+1","Metallicize+1","Shrug It Off","Mayhem+1","Headbutt","Battle Trance+1","Ghostly Armor+1"],"special_seed":0,"relics":["Burning Blood","Oddly Smooth Stone","Regal Pillow","Golden Idol","MawBank","Sozu","Self Forming Clay","Empty Cage","Blood Vial"],"potions_floor_usage":[],"damage_taken":[{"damage":5.0,"enemies":"Small Slimes","floor":1.0,"turns":5.0},{"damage":0.0,"enemies":"Cultist","floor":2.0,"turns":3.0},{"damage":8.0,"enemies":"2 Louse","floor":4.0,"turns":2.0},{"damage":0.0,"enemies":"Exordium Thugs","floor":5.0,"turns":4.0},{"damage":4.0,"enemies":"Large Slime","floor":8.0,"turns":6.0},{"damage":12.0,"enemies":"Lagavulin","floor":12.0,"turns":5.0},{"damage":4.0,"enemies":"Blue Slaver","floor":14.0,"turns":3.0},{"damage":21.0,"enemies":"The Guardian","floor":16.0,"turns":16.0},{"damage":16.0,"enemies":"3 Byrds","floor":18.0,"turns":5.0},{"damage":0.0,"enemies":"Spheric Guardian","floor":21.0,"turns":3.0},{"damage":21,"enemies":"Centurion and Healer","floor":22,"turns":6},{"damage":6,"enemies":"Snake Plant","floor":27,"turns":5},{"damage":50,"enemies":"Collector","floor":33,"turns":11},{"damage":4,"enemies":"3 Shapes","floor":35,"turns":5},{"damage":21,"enemies":"Orb Walker","floor":36,"turns":6},{"damage":18,"enemies":"3 Darklings","floor":39,"turns":4},{"damage":4,"enemies":"Sphere and 2 Shapes","floor":46,"turns":4},{"damage":23,"enemies":"Transient","floor":48,"turns":5},{"damage":64,"enemies":"Awakened One","floor":50,"turns":13}],"seed_played":"-6044100044977295976","potions_obtained":[{"floor":1.0,"key":"AttackPotion"},{"floor":4.0,"key":"Fire Potion"},{"floor":5.0,"key":"EssenceOfSteel"},{"floor":8.0,"key":"Strength Potion"}],"is_trial":false,"path_per_floor":["M","M","?","M","M","R","$","M","T","R","?","E","$","M","R","B",null,"M","?","$","M","M","R","$","R","T","M","R","$","$","?","R","B",null,"M","M","$","?","M","R","?","R","T","R","$","M","R","M","R","B",null],"character_chosen":"IRONCLAD","items_purchased":["Shrug It Off","Metallicize","Anger","Metallicize","Headbutt"],"campfire_rested":1,"item_purchase_floors":[20,24,29,37,45],"current_hp_per_floor":[80,80,80,78,80,80,80,80,80,80,60,54,54,56,56,41,80,70,70,70,76,61,61,61,61,61,61,61,61,61,61,61,17,80,80,65,65,65,53,53,48,48,48,48,48,52,52,37,76,20],"gold":143,"neow_bonus":"REMOVE_CARD","is_prod":false,"is_daily":false,"chose_seed":false,"campfire_upgraded":11,"win_rate":0,"timestamp":1549990914,"path_taken":["M","M","?","M","M","R","$","?","T","R","?","E","$","M","R","BOSS","M","?","$","M","M","R","$","R","T","M","R","?","$","?","R","BOSS","M","M","$","?","?","R","?","R","T","R","?","M","R","M","R","BOSS"],"build_version":"2019-02-06","purchased_purges":4,"victory":true,"max_hp_per_floor":[80,80,80,80,80,80,80,80,80,80,80,80,80,80,80,80,80,80,80,80,80,80,80,80,80,80,80,80,80,80,80,80,80,80,80,80,80,80,80,80,80,80,80,80,80,80,80,80,80,80],"card_choices":[{"not_picked":["Feel No Pain","Sword Boomerang"],"picked":"Pummel","floor":1.0},{"not_picked":["Wild Strike","Cleave"],"picked":"Headbutt","floor":2.0},{"not_picked":["Headbutt","Hemokinesis"],"picked":"Clothesline","floor":4.0},{"not_picked":["Sword Boomerang","Dropkick"],"picked":"Heavy Blade","floor":5.0},{"not_picked":["Fire Breathing","Sentinel"],"picked":"Pommel Strike","floor":8.0},{"not_picked":["Body Slam","Berserk"],"picked":"Rage","floor":12.0},{"not_picked":["Wild Strike","Clash","Sword Boomerang"],"picked":"SKIP","floor":14.0},{"not_picked":["Limit Break","Feed"],"picked":"Immolate","floor":16.0},{"not_picked":["Clash+1","Perfected Strike","Thunderclap"],"picked":"SKIP","floor":18.0},{"not_picked":["Corruption","Anger"],"picked":"Power Through","floor":21.0},{"not_picked":["Pommel Strike","Body Slam"],"picked":"Armaments","floor":22},{"not_picked":["Anger","Power Through"],"picked":"Disarm","floor":27},{"not_picked":["Fiend Fire","Exhume"],"picked":"Demon Form","floor":33},{"not_picked":["Sword Boomerang","Thunderclap+1"],"picked":"Flame Barrier+1","floor":35},{"not_picked":["Shockwave+1","Whirlwind"],"picked":"Headbutt","floor":36},{"not_picked":["Armaments+1","Iron Wave+1"],"picked":"Shrug It Off","floor":39},{"not_picked":["Trip","Dark Shackles"],"picked":"Mayhem","floor":41},{"not_picked":["Uppercut+1","Warcry"],"picked":"Battle Trance+1","floor":46},{"not_picked":["Shockwave+1","Body Slam+1"],"picked":"Ghostly Armor+1","floor":48}],"player_experience":629948,"relics_obtained":[{"floor":9.0,"key":"Regal Pillow"},{"floor":12.0,"key":"MawBank"},{"floor":26,"key":"Self Forming Clay"},{"floor":43,"key":"Blood Vial"}],"event_choices":[{"cards_removed":["Pummel"],"damage_healed":0.0,"max_hp_gain":0.0,"max_hp_loss":0.0,"gold_gain":0.0,"event_name":"WeMeetAgain","player_choice":"Gave Card","floor":3.0,"gold_loss":0.0,"damage_taken":0.0,"relics_obtained":["Oddly Smooth Stone"]},{"damage_healed":0.0,"max_hp_gain":0.0,"max_hp_loss":0.0,"gold_gain":0.0,"event_name":"Golden Idol","player_choice":"Take Damage","floor":11.0,"gold_loss":0.0,"damage_taken":20.0,"relics_obtained":["Golden Idol"]},{"damage_healed":0.0,"max_hp_gain":0.0,"max_hp_loss":0.0,"gold_gain":0.0,"event_name":"Accursed Blacksmith","player_choice":"Forge","floor":19.0,"gold_loss":0.0,"damage_taken":0.0,"cards_upgraded":["Immolate"]},{"damage_healed":0,"gold_gain":0,"player_choice":"Obtain J.A.X.","damage_taken":0,"max_hp_gain":0,"max_hp_loss":0,"event_name":"Drug Dealer","floor":31,"gold_loss":0,"cards_obtained":["J.A.X."]},{"damage_healed":0,"gold_gain":100,"player_choice":"Pray","damage_taken":0,"max_hp_gain":0,"max_hp_loss":0,"event_name":"Golden Shrine","floor":38,"gold_loss":0},{"damage_healed":0,"gold_gain":0,"player_choice":"Memory 2","damage_taken":5,"max_hp_gain":0,"max_hp_loss":0,"event_name":"SensoryStone","floor":41,"gold_loss":0}],"is_beta":true,"boss_relics":[{"not_picked":["Velvet Choker","Eternal Feather"],"picked":"Sozu"},{"not_picked":["Tiny House","Runic Dome"],"picked":"Empty Cage"}],"items_purged_floors":[7,13,20,37],"is_endless":false,"potions_floor_spawned":[1,4,5,8,27,39,46],"ascension_level":0}