{"gold_per_floor":[10,24,24,34,34,34,63,238,238,238,255,255,266,35,35,133,133,145,145,155,175,190,190,203,203,203,203,223,3,28,47,47,47],"floor_reached":33,"playtime":937,"items_purged":["Doubt","FTL+1"],"score":309,"play_id":"87885d9f-1b61-4f51-9979-faeedcdd819a","local_time":"20190702191158","is_ascension_mode":true,"campfire_choices":[{"data":"Zap","floor":6,"key":"SMITH"},{"data":"Dualcast","floor":10,"key":"SMITH"},{"data":"Sweeping Beam","floor":12,"key":"SMITH"},{"data":"Buffer","floor":15,"key":"SMITH"},{"floor":23,"key":"REST"},{"floor":25,"key":"REST"},{"data":"Rainbow","floor":27,"key":"SMITH"},{"data":"Buffer","floor":32,"key":"SMITH"}],"neow_cost":"NO_GOLD","seed_source_timestamp":4598080822653,"circlet_count":0,"master_deck":["Strike_B+1","Strike_B+1","Strike_B+1","Strike_B+1","Defend_B+1","Defend_B+1","Zap+1","Dualcast+1","Sweeping Beam+1","Fusion+1","Ball Lightning","Doom and Gloom","Turbo","Buffer+1","Defragment","Reboot","Doom and Gloom+1","Rainbow+1","Turbo","Doom and Gloom+1","Buffer+1"],"relics":["Cracked Core","StoneCalendar","Molten Egg 2","Snecko Eye","Meat on the Bone","Question Card"],"potions_floor_usage":[2,7,11,30,31,33],"damage_taken":[{"damage":7,"enemies":"Jaw Worm","floor":1,"turns":3},{"damage":0,"enemies":"2 Louse","floor":2,"turns":1},{"damage":0,"enemies":"Small Slimes","floor":4,"turns":2},{"damage":18,"enemies":"Gremlin Nob","floor":7,"turns":3},{"damage":0,"enemies":"Blue Slaver","floor":11,"turns":2},{"damage":14,"enemies":"3 Louse","floor":13,"turns":2},{"damage":23,"enemies":"Hexaghost","floor":16,"turns":7},{"damage":22,"enemies":"2 Thieves","floor":18,"turns":4},{"damage":0,"enemies":"Spheric Guardian","floor":20,"turns":3},{"damage":10,"enemies":"Snecko","floor":21,"turns":5},{"damage":32,"enemies":"Snake Plant","floor":22,"turns":3},{"damage":0,"enemies":"3 Cultists","floor":24,"turns":2},{"damage":0,"enemies":"Cultist and Chosen","floor":28,"turns":4},{"damage":21,"enemies":"Slavers","floor":30,"turns":2},{"damage":0,"enemies":"Snake Plant","floor":31,"turns":2},{"damage":56,"enemies":"Collector","floor":33,"turns":7}],"seed_played":"5018452208974297352","potions_obtained":[{"floor":1,"key":"Energy Potion"},{"floor":2,"key":"SteroidPotion"},{"floor":7,"key":"PowerPotion"},{"floor":21,"key":"SneckoOil"},{"floor":22,"key":"SpeedPotion"},{"floor":24,"key":"Fire Potion"},{"floor":31,"key":"Dexterity Potion"}],"is_trial":false,"path_per_floor":["M","M","?","M","$","R","E","?","T","R","M","R","M","$","R","B",null,"M","?","M","M","M","R","M","R","T","R","M","$","E","M","R","B"],"character_chosen":"DEFECT","items_purchased":["Defragment","FTL+1","Doom and Gloom+1","Poison Potion"],"campfire_rested":2,"item_purchase_floors":[14,14,29,29],"current_hp_per_floor":[68,68,68,68,68,68,50,50,50,50,50,50,36,36,36,13,75,53,53,53,43,11,33,33,55,55,55,55,55,46,46,46,0],"gold":47,"neow_bonus":"REMOVE_TWO","is_prod":false,"is_daily":false,"chose_seed":false,"campfire_upgraded":6,"win_rate":0,"timestamp":1562082118,"path_taken":["M","M","?","M","$","R","E","?","T","R","M","R","M","?","R","BOSS","M","?","M","M","M","R","M","R","T","R","M","$","E","M","R","BOSS"],"build_version":"2019-06-11","purchased_purges":2,"victory":false,"max_hp_per_floor":[75,75,75,75,75,75,75,75,75,75,75,75,75,75,75,75,75,75,75,75,75,75,75,75,75,75,75,75,75,75,75,75,75],"card_choices":[{"not_picked":["Consume","Lockon"],"picked":"Sweeping Beam","floor":1},{"not_picked":["Stack","Compile Driver"],"picked":"Fusion","floor":2},{"not_picked":["Blizzard","Stack"],"picked":"Ball Lightning","floor":4},{"not_picked":["Aggregate","Compile Driver"],"picked":"Doom and Gloom","floor":7},{"not_picked":["White Noise","Steam"],"picked":"Turbo","floor":11},{"not_picked":["Beam Cell+1","Tempest"],"picked":"Buffer","floor":13},{"not_picked":["Amplify","Rainbow"],"picked":"Reboot","floor":16},{"not_picked":["Rip and Tear+1","Barrage+1"],"picked":"Doom and Gloom+1","floor":18},{"not_picked":["Reprogram","Beam Cell+1","Rebound+1"],"picked":"SKIP","floor":20},{"not_picked":["Gash+1","Rebound+1"],"picked":"Rainbow","floor":21},{"not_picked":["Stack","Skim","Rebound+1"],"picked":"SKIP","floor":22},{"not_picked":["Stack","Ball Lightning+1"],"picked":"Turbo","floor":24},{"not_picked":["Blizzard+1","Conserve Battery","Coolheaded"],"picked":"SKIP","floor":28},{"not_picked":["Barrage+1","Turbo"],"picked":"Buffer","floor":30},{"not_picked":["Reprogram+1","Hello World","FTL+1","Rebound+1"],"picked":"SKIP","floor":31}],"player_experience":714253,"relics_obtained":[{"floor":7,"key":"StoneCalendar"},{"floor":9,"key":"Molten Egg 2"},{"floor":26,"key":"Meat on the Bone"},{"floor":30,"key":"Question Card"}],"event_choices":[{"damage_healed":0,"gold_gain":0,"player_choice":"Grow","damage_taken":0,"max_hp_gain":0,"max_hp_loss":0,"event_name":"Living Wall","floor":3,"gold_loss":0,"cards_upgraded":["Fusion"]},{"damage_healed":0,"gold_gain":175,"player_choice":"AGREE","damage_taken":0,"max_hp_gain":0,"max_hp_loss":0,"event_name":"Liars Game","floor":8,"gold_loss":0,"cards_obtained":["Doubt"]},{"damage_healed":0,"gold_gain":0,"player_choice":"Simplicity","damage_taken":0,"max_hp_gain":0,"max_hp_loss":0,"event_name":"Back to Basics","floor":19,"gold_loss":0,"cards_upgraded":["Strike_B","Strike_B","Strike_B","Strike_B","Defend_B","Defend_B"]}],"is_beta":true,"boss_relics":[{"not_picked":["Runic Pyramid","Runic Dome"],"picked":"Snecko Eye"}],"items_purged_floors":[14,29],"is_endless":false,"potions_floor_spawned":[1,2,7,21,22,24,31],"killed_by":"Collector","ascension_level":3}