{"gold_per_floor":[117,134,134,59,76,76,90,90,143,174,186,201,201,220,220,320,320,336,165,165,183,183,183,201,201,224,99,111,126,139,67,67,67],"floor_reached":33,"playtime":1441,"items_purged":["Strike_R","Strike_R","Defend_R"],"score":251,"play_id":"c5330083-b9f9-48f1-b5e5-1b6eb4bd93a9","local_time":"20190604171337","is_ascension_mode":false,"campfire_choices":[{"data":"Fiend Fire","floor":6.0,"key":"SMITH"},{"data":"Infernal Blade","floor":8.0,"key":"SMITH"},{"data":"Shrug It Off","floor":13.0,"key":"SMITH"},{"data":"Sentinel","floor":15.0,"key":"SMITH"},{"data":"Forethought","floor":23.0,"key":"SMITH"},{"data":"Pommel Strike","floor":25.0,"key":"SMITH"},{"data":"Armaments","floor":32.0,"key":"SMITH"}],"neow_cost":"PERCENT_DAMAGE","seed_source_timestamp":114267447735,"circlet_count":0,"master_deck":["Strike_R","Strike_R","Defend_R","Defend_R","Defend_R","Bash","Fiend Fire+1","Seeing Red","Rupture","Forethought+1","Wild Strike","Infernal Blade+1","Sentinel+1","Shrug It Off+1","Flame Barrier","Offering+1","Cleave","Metallicize","Entrench+1","Pommel Strike+1","Pommel Strike+1","Armaments+1","Spot Weakness"],"special_seed":0,"relics":["Burning Blood","Bronze Scales","Ancient Tea Set","Runic Pyramid","Omamori"],"potions_floor_usage":[33,33,33],"damage_taken":[{"damage":5.0,"enemies":"Small Slimes","floor":1.0,"turns":3.0},{"damage":1.0,"enemies":"Cultist","floor":2.0,"turns":3.0},{"damage":5.0,"enemies":"Jaw Worm","floor":5.0,"turns":5.0},{"damage":0.0,"enemies":"Red Slaver","floor":7.0,"turns":1.0},{"damage":28.0,"enemies":"Gremlin Nob","floor":10.0,"turns":4.0},{"damage":6.0,"enemies":"3 Louse","floor":11.0,"turns":3.0},{"damage":0.0,"enemies":"Lots of Slimes","floor":12.0,"turns":3.0},{"damage":2.0,"enemies":"2 Fungi Beasts","floor":14.0,"turns":3.0},{"damage":24.0,"enemies":"The Guardian","floor":16.0,"turns":13.0},{"damage":7.0,"enemies":"Shell Parasite","floor":18.0,"turns":3.0},{"damage":6.0,"enemies":"2 Thieves","floor":21.0,"turns":3.0},{"damage":6.0,"enemies":"Snake Plant","floor":24.0,"turns":3.0},{"damage":20.0,"enemies":"3 Cultists","floor":28.0,"turns":6.0},{"damage":6.0,"enemies":"Centurion and Healer","floor":29.0,"turns":3.0},{"damage":6.0,"enemies":"Chosen and Byrds","floor":30.0,"turns":3.0},{"damage":83,"enemies":"Champ","floor":33,"turns":6}],"seed_played":"-5400907068879406860","potions_obtained":[{"floor":1.0,"key":"PowerPotion"},{"floor":7.0,"key":"Strength Potion"},{"floor":10.0,"key":"Swift Potion"},{"floor":11.0,"key":"SkillPotion"},{"floor":14.0,"key":"SpeedPotion"},{"floor":16.0,"key":"Regen Potion"},{"floor":18.0,"key":"PowerPotion"},{"floor":24.0,"key":"EssenceOfSteel"},{"floor":28.0,"key":"SteroidPotion"},{"floor":30.0,"key":"Fire Potion"}],"is_trial":false,"path_per_floor":["M","M","?","$","M","R","M","R","T","E","M","M","R","M","R","B",null,"M","$","?","M","?","R","M","R","T","$","M","M","M","$","R","B"],"character_chosen":"IRONCLAD","items_purchased":["Metallicize","Spot Weakness"],"campfire_rested":0,"item_purchase_floors":[19,31],"current_hp_per_floor":[57,62,62,62,63,63,69,69,69,47,47,53,53,57,57,39,80,79,79,79,79,79,79,79,79,79,79,65,65,65,65,65,0],"gold":67,"neow_bonus":"THREE_RARE_CARDS","is_prod":false,"is_daily":false,"chose_seed":false,"campfire_upgraded":7,"win_rate":0,"timestamp":1559655817,"path_taken":["M","M","?","$","M","R","M","R","T","E","?","M","R","M","R","BOSS","M","$","?","?","?","R","M","R","T","$","M","?","M","$","R","BOSS"],"build_version":"2019-05-24v2","purchased_purges":3,"victory":false,"max_hp_per_floor":[80,80,80,80,80,80,80,80,80,80,80,80,80,80,80,80,80,80,80,80,80,80,80,80,80,80,80,80,80,80,80,80,80],"card_choices":[{"not_picked":["Dark Embrace","Impervious"],"picked":"Fiend Fire","floor":0.0},{"not_picked":["Sword Boomerang","Thunderclap"],"picked":"Seeing Red","floor":1.0},{"not_picked":["Armaments","Perfected Strike","Body Slam"],"picked":"SKIP","floor":2.0},{"not_picked":["Clothesline","Heavy Blade"],"picked":"Wild Strike","floor":5.0},{"not_picked":["Heavy Blade","Warcry"],"picked":"Infernal Blade","floor":7.0},{"not_picked":["Whirlwind","Sword Boomerang","Dropkick"],"picked":"SKIP","floor":10.0},{"not_picked":["Cleave","Iron Wave"],"picked":"Sentinel","floor":11.0},{"not_picked":["Fiend Fire","Warcry"],"picked":"Shrug It Off","floor":12.0},{"not_picked":["Fire Breathing","True Grit"],"picked":"Flame Barrier","floor":14.0},{"not_picked":["Fiend Fire","Exhume"],"picked":"Offering","floor":16.0},{"not_picked":["Havoc","Pummel"],"picked":"Cleave","floor":18.0},{"not_picked":["Sword Boomerang","Flex"],"picked":"Entrench+1","floor":21.0},{"not_picked":["Wild Strike","Twin Strike"],"picked":"Pommel Strike","floor":24.0},{"not_picked":["Battle Trance","Havoc"],"picked":"Pommel Strike+1","floor":28.0},{"not_picked":["Blood for Blood+1","Infernal Blade"],"picked":"Armaments","floor":29.0},{"not_picked":["Pommel Strike","Sentinel","Ghostly Armor"],"picked":"SKIP","floor":30.0}],"player_experience":687297,"relics_obtained":[{"floor":9.0,"key":"Bronze Scales"},{"floor":10.0,"key":"Ancient Tea Set"},{"floor":26.0,"key":"Omamori"}],"event_choices":[{"damage_healed":0.0,"max_hp_gain":0.0,"max_hp_loss":0.0,"gold_gain":0.0,"event_name":"Match and Keep!","player_choice":"2 cards matched","floor":3.0,"gold_loss":0.0,"damage_taken":0.0,"cards_obtained":["Rupture","Forethought"]},{"damage_healed":0.0,"max_hp_gain":0.0,"max_hp_loss":0.0,"gold_gain":0.0,"event_name":"Accursed Blacksmith","player_choice":"Forge","floor":20.0,"gold_loss":0.0,"damage_taken":0.0,"cards_upgraded":["Offering"]},{"cards_removed":["Strike_R"],"damage_healed":0.0,"max_hp_gain":0.0,"max_hp_loss":0.0,"gold_gain":0.0,"event_name":"Wheel of Change","player_choice":"Card Removal","floor":22.0,"gold_loss":0.0,"damage_taken":0.0}],"is_beta":true,"boss_relics":[{"not_picked":["Sozu","Snecko Eye"],"picked":"Runic Pyramid"}],"items_purged_floors":[4,19,27],"is_endless":false,"potions_floor_spawned":[1,7,10,11,14,16,18,24,28,30],"killed_by":"Champ","ascension_level":0}