{"gold_per_floor":[110,10,10,29,43,43,55,55,55,55,5,40,40,60,60,165,165,176,196,208,218,235,269,269,289,341,400,400,400,400,416,416,516,516,534,547,306,325,49,49,60,76,99,144,144,244,262,292,292,292],"floor_reached":51,"playtime":1876,"items_purged":["Injury"],"score":771,"play_id":"e4a5f93a-0418-4a03-b9e3-0ab5f4344602","local_time":"20190717022159","is_ascension_mode":false,"campfire_choices":[{"data":"Wild Strike","floor":6.0,"key":"SMITH"},{"data":"Offering","floor":8.0,"key":"SMITH"},{"data":"Bash","floor":10.0,"key":"SMITH"},{"data":"Shrug It Off","floor":15.0,"key":"SMITH"},{"floor":24.0,"key":"REST"},{"floor":29.0,"key":"REST"},{"floor":32.0,"key":"REST"},{"floor":40.0,"key":"REST"},{"floor":45,"key":"REST"},{"floor":49,"key":"REST"}],"neow_cost":"CURSE","seed_source_timestamp":40713729421374,"circlet_count":0,"master_deck":["Strike_R","Strike_R","Strike_R","Strike_R","Strike_R","Defend_R","Defend_R","Defend_R","Defend_R","Bash+1","Perfected Strike+1","Wild Strike+1","Wild Strike+1","Offering+1","Shrug It Off+1","Limit Break","Wild Strike+1","Shockwave","Shrug It Off","Wild Strike+1","Perfected Strike","Perfected Strike","Twin Strike+1","Offering","Wild Strike+1","Bandage Up","Mayhem+1","Metallicize+1","Flame Barrier+1","Inflame+1","Infernal Blade+1","Demon Form+1"],"special_seed":0,"relics":["Black Blood","Mango","Pantograph","Bottled Flame","Fusion Hammer","Frozen Egg 2","Ancient Tea Set","Tiny Chest","StoneCalendar","Blood Vial","Whetstone","Du-Vu Doll","Torii"],"potions_floor_usage":[50,50],"damage_taken":[{"damage":0.0,"enemies":"2 Louse","floor":1.0,"turns":3.0},{"damage":0.0,"enemies":"Cultist","floor":4.0,"turns":2.0},{"damage":8.0,"enemies":"Jaw Worm","floor":5.0,"turns":3.0},{"damage":10.0,"enemies":"Looter","floor":7.0,"turns":3.0},{"damage":20.0,"enemies":"Gremlin Nob","floor":12.0,"turns":3.0},{"damage":13.0,"enemies":"Exordium Thugs","floor":14.0,"turns":3.0},{"damage":34.0,"enemies":"The Guardian","floor":16.0,"turns":8.0},{"damage":16.0,"enemies":"3 Byrds","floor":18.0,"turns":4.0},{"damage":6.0,"enemies":"Spheric Guardian","floor":19.0,"turns":2.0},{"damage":16.0,"enemies":"Cultist and Chosen","floor":20.0,"turns":4.0},{"damage":6.0,"enemies":"Snecko","floor":21.0,"turns":2.0},{"damage":6.0,"enemies":"Centurion and Healer","floor":22.0,"turns":4.0},{"damage":34.0,"enemies":"Slavers","floor":23.0,"turns":4.0},{"damage":6.0,"enemies":"Cultist and Chosen","floor":25.0,"turns":5.0},{"damage":32.0,"enemies":"Gremlin Leader","floor":27.0,"turns":3.0},{"damage":10.0,"enemies":"Shelled Parasite and Fungi","floor":31.0,"turns":2.0},{"damage":87.0,"enemies":"Automaton","floor":33.0,"turns":8.0},{"damage":44.0,"enemies":"3 Darklings","floor":35.0,"turns":3.0},{"damage":21.0,"enemies":"Orb Walker","floor":36.0,"turns":3.0},{"damage":12.0,"enemies":"Sphere and 2 Shapes","floor":38.0,"turns":3.0},{"damage":11,"enemies":"Spire Growth","floor":41,"turns":2},{"damage":21,"enemies":"Jaw Worm Horde","floor":42,"turns":4},{"damage":31,"enemies":"2 Orb Walkers","floor":44,"turns":4},{"damage":8,"enemies":"Transient","floor":47,"turns":5},{"damage":29,"enemies":"Giant Head","floor":48,"turns":5},{"damage":120,"enemies":"Donu and Deca","floor":50,"turns":8}],"seed_played":"4542349555946745963","potions_obtained":[{"floor":4.0,"key":"BloodPotion"},{"floor":7.0,"key":"Regen Potion"},{"floor":16.0,"key":"FearPotion"},{"floor":21.0,"key":"BloodPotion"},{"floor":31.0,"key":"BloodPotion"}],"is_trial":false,"path_per_floor":["M","$","?","M","M","R","M","R","T","R","$","E","$","M","R","B",null,"M","M","M","M","M","E","R","M","T","E","T","R","?","M","R","B",null,"M","M","$","M","$","R","M","M","T","?","R","?","M","E","R","B",null],"character_chosen":"IRONCLAD","items_purchased":["Wild Strike","Shrug It Off","Blood Vial","Bandage Up","Mayhem+1","Metallicize+1"],"campfire_rested":6,"item_purchase_floors":[2,11,37,37,39,39],"current_hp_per_floor":[94,94,94,94,92,92,88,88,88,88,88,74,74,67,67,64,94,84,84,74,74,74,46,74,74,74,48,48,76,76,72,94,13,94,60,49,49,53,53,81,82,77,77,62,90,90,94,79,94,34],"gold":292,"neow_bonus":"ONE_RARE_RELIC","is_prod":false,"is_daily":false,"chose_seed":false,"campfire_upgraded":4,"win_rate":0,"timestamp":1563317519,"path_taken":["M","$","?","M","M","R","M","R","T","R","?","E","$","?","R","BOSS","M","?","M","M","M","E","R","M","T","E","?","R","?","M","R","BOSS","M","M","$","?","$","R","M","M","T","?","R","?","M","E","R","BOSS"],"build_version":"2019-07-10","purchased_purges":1,"victory":true,"max_hp_per_floor":[94,94,94,94,94,94,94,94,94,94,94,94,94,94,94,94,94,94,94,94,94,94,94,94,94,94,94,94,94,94,94,94,94,94,94,94,94,94,94,94,94,94,94,94,94,94,94,94,94,94],"card_choices":[{"not_picked":["Havoc","Wild Strike"],"picked":"Perfected Strike","floor":1.0},{"not_picked":["Headbutt","Uppercut"],"picked":"Wild Strike","floor":4.0},{"not_picked":["Iron Wave","Evolve","Blood for Blood"],"picked":"SKIP","floor":5.0},{"not_picked":["Thunderclap","Havoc"],"picked":"Offering","floor":7.0},{"not_picked":["Twin Strike","Headbutt","Sword Boomerang"],"picked":"SKIP","floor":12.0},{"not_picked":["Reckless Charge","Pommel Strike","Armaments"],"picked":"SKIP","floor":14.0},{"not_picked":["Juggernaut","Brutality"],"picked":"Limit Break","floor":16.0},{"not_picked":["Bloodletting","Carnage","Havoc"],"picked":"SKIP","floor":18.0},{"not_picked":["Ghostly Armor","True Grit"],"picked":"Wild Strike+1","floor":19.0},{"not_picked":["Iron Wave","Armaments"],"picked":"Shockwave","floor":20.0},{"not_picked":["Clash","Heavy Blade"],"picked":"Shrug It Off","floor":21.0},{"not_picked":["Disarm","True Grit"],"picked":"Wild Strike+1","floor":22.0},{"not_picked":["Carnage","Corruption","Warcry"],"picked":"SKIP","floor":23.0},{"not_picked":["Blood for Blood","Body Slam"],"picked":"Perfected Strike","floor":25.0},{"not_picked":["Body Slam+1","Power Through+1"],"picked":"Perfected Strike","floor":27.0},{"not_picked":["Bloodletting","Pommel Strike"],"picked":"Twin Strike","floor":31.0},{"not_picked":["Reaper","Impervious"],"picked":"Offering","floor":33.0},{"not_picked":["Flex","Burning Pact+1","Cleave"],"picked":"SKIP","floor":35.0},{"not_picked":["Flex+1","Thunderclap"],"picked":"Wild Strike+1","floor":36.0},{"not_picked":["Sword Boomerang+1","Iron Wave+1","Clash"],"picked":"SKIP","floor":38.0},{"not_picked":["Perfected Strike","Armaments"],"picked":"Flame Barrier+1","floor":41},{"not_picked":["Evolve+1","Body Slam+1"],"picked":"Inflame+1","floor":42},{"not_picked":["True Grit","Iron Wave+1"],"picked":"Infernal Blade+1","floor":44},{"not_picked":["Flex+1","Perfected Strike"],"picked":"Demon Form+1","floor":47},{"not_picked":["Heavy Blade+1","Shockwave+1","Intimidate"],"picked":"SKIP","floor":48}],"player_experience":733685,"relics_obtained":[{"floor":9.0,"key":"Pantograph"},{"floor":12.0,"key":"Bottled Flame"},{"floor":23.0,"key":"Frozen Egg 2"},{"floor":26.0,"key":"Ancient Tea Set"},{"floor":27.0,"key":"Tiny Chest"},{"floor":28.0,"key":"StoneCalendar"},{"floor":43,"key":"Whetstone"},{"floor":44,"key":"Du-Vu Doll"},{"floor":48,"key":"Torii"}],"event_choices":[{"damage_healed":0.0,"max_hp_gain":0.0,"max_hp_loss":0.0,"gold_gain":0.0,"event_name":"Accursed Blacksmith","player_choice":"Forge","floor":3.0,"gold_loss":0.0,"damage_taken":0.0,"cards_upgraded":["Perfected Strike"]},{"damage_healed":0.0,"max_hp_gain":0.0,"max_hp_loss":0.0,"gold_gain":0.0,"event_name":"NoteForYourself","player_choice":"Ignored","floor":30.0,"gold_loss":0.0,"damage_taken":0.0},{"damage_healed":0,"gold_gain":0,"player_choice":"Fight","damage_taken":0,"max_hp_gain":0,"max_hp_loss":0,"event_name":"Mysterious Sphere","floor":44,"gold_loss":0},{"damage_healed":0,"gold_gain":100,"player_choice":"Pray","damage_taken":0,"max_hp_gain":0,"max_hp_loss":0,"event_name":"Golden Shrine","floor":46,"gold_loss":0}],"is_beta":true,"boss_relics":[{"not_picked":["White Beast Statue","Runic Cube"],"picked":"Fusion Hammer"},{"not_picked":["Lizard Tail","Astrolabe"],"picked":"Black Blood"}],"items_purged_floors":[2],"is_endless":false,"potions_floor_spawned":[4,7,16,21,23,31,33,35,41,48],"ascension_level":0}