{"gold_per_floor":[119,119,89,108,127,127,144,174,174,15,26,26,26,54,54,128,128,145,145,45,60,71,71,71,97,97,97,110,110,27,37,37,111,161,179,198,198,32,47,47,57,57,83,83,115,8,27,43,43,43],"floor_reached":51,"playtime":8862,"items_purged":["Strike_B","Parasite"],"score":1321,"play_id":"8873dade-e859-4d92-96ac-b825a43a435b","local_time":"20190727154028","is_ascension_mode":true,"campfire_choices":[{"data":"Zap","floor":6.0,"key":"SMITH"},{"floor":12.0,"key":"REST"},{"data":"Darkness","floor":15.0,"key":"SMITH"},{"floor":23.0,"key":"REST"},{"floor":27.0,"key":"REST"},{"floor":32.0,"key":"REST"},{"data":"Fission","floor":40.0,"key":"SMITH"},{"data":"Go for the Eyes","floor":44.0,"key":"SMITH"},{"floor":49.0,"key":"REST"}],"neow_cost":"NONE","seed_source_timestamp":1493541696585275,"circlet_count":0,"master_deck":["AscendersBane","Defend_B+1","Defend_B+1","Defend_B+1","Defend_B+1","Zap+1","Dualcast","Thunder Strike","Sweeping Beam","Recycle","Ball Lightning+1","Doom and Gloom","Core Surge","Auto Shields","Genetic Algorithm","Go for the Eyes+1","Darkness+1","Fission+1","Hologram","Capacitor","Consume","Steam","Genetic Algorithm","Hologram","Cold Snap","Coolheaded","Echo Form","Compile Driver","BootSequence","Multi-Cast","Coolheaded","Hologram+1","Static Discharge","Conserve Battery+1","Stack","Biased Cognition","Go for the Eyes+1","Reinforced Body","Defragment+1"],"special_seed":0,"relics":["Cracked Core","Prayer Wheel","Darkstone Periapt","Symbiotic Virus","Velvet Choker","Matryoshka","DataDisk","Letter Opener","Singing Bowl","Tiny House","Centennial Puzzle","Potion Belt","Anchor","Ancient Tea Set"],"potions_floor_usage":[50,50],"damage_taken":[{"damage":11.0,"enemies":"Small Slimes","floor":1.0,"turns":3.0},{"damage":7.0,"enemies":"Cultist","floor":4.0,"turns":4.0},{"damage":0.0,"enemies":"2 Louse","floor":5.0,"turns":2.0},{"damage":10.0,"enemies":"Exordium Wildlife","floor":7.0,"turns":3.0},{"damage":20.0,"enemies":"Lagavulin","floor":8.0,"turns":4.0},{"damage":7.0,"enemies":"Looter","floor":11.0,"turns":3.0},{"damage":22.0,"enemies":"Gremlin Nob","floor":14.0,"turns":4.0},{"damage":27.0,"enemies":"Slime Boss","floor":16.0,"turns":7.0},{"damage":18.0,"enemies":"Chosen","floor":18.0,"turns":4.0},{"damage":20.0,"enemies":"Shell Parasite","floor":21.0,"turns":5.0},{"damage":15.0,"enemies":"Centurion and Healer","floor":22.0,"turns":8.0},{"damage":21.0,"enemies":"Book of Stabbing","floor":25.0,"turns":5.0},{"damage":27.0,"enemies":"Shelled Parasite and Fungi","floor":28.0,"turns":3.0},{"damage":2.0,"enemies":"Sentry and Sphere","floor":31.0,"turns":3.0},{"damage":44.0,"enemies":"Automaton","floor":33.0,"turns":10.0},{"damage":9.0,"enemies":"3 Shapes","floor":35.0,"turns":3.0},{"damage":9.0,"enemies":"Orb Walker","floor":36.0,"turns":4.0},{"damage":13.0,"enemies":"Jaw Worm Horde","floor":39.0,"turns":5.0},{"damage":17.0,"enemies":"4 Shapes","floor":41.0,"turns":5.0},{"damage":21.0,"enemies":"Nemesis","floor":45.0,"turns":9.0},{"damage":2.0,"enemies":"Maw","floor":47.0,"turns":5.0},{"damage":38.0,"enemies":"Jaw Worm Horde","floor":48.0,"turns":4.0},{"damage":24,"enemies":"Awakened One","floor":50,"turns":14}],"seed_played":"-6845247248360428591","potions_obtained":[{"floor":3.0,"key":"Weak Potion"},{"floor":3.0,"key":"Poison Potion"},{"floor":8.0,"key":"Block Potion"},{"floor":11.0,"key":"PowerPotion"},{"floor":21.0,"key":"Weak Potion"},{"floor":22.0,"key":"Weak Potion"},{"floor":28.0,"key":"FearPotion"},{"floor":33.0,"key":"SteroidPotion"},{"floor":34.0,"key":"Block Potion"},{"floor":35.0,"key":"SpeedPotion"},{"floor":36.0,"key":"PowerPotion"},{"floor":41.0,"key":"SpeedPotion"}],"is_trial":false,"path_per_floor":["M","?","?","M","M","R","M","E","T","$","M","R","?","E","R","B",null,"M","?","$","M","M","R","T","E","T","R","M","?","$","M","R","B",null,"M","M","?","$","M","R","M","?","T","R","E","$","M","M","R","B",null],"character_chosen":"DEFECT","items_purchased":["Auto Shields","FocusPotion","Centennial Puzzle","Weak Potion","Weak Potion"],"campfire_rested":5,"item_purchase_floors":[10,30,38,46,46],"current_hp_per_floor":[53,53,53,46,46,46,36,16,16,16,9,30,53,31,31,4,59,41,41,41,21,6,28,28,7,7,29,4,19,19,21,45,1,65,58,49,49,49,38,38,21,73,73,73,52,52,50,12,33,9],"gold":43,"neow_bonus":"TRANSFORM_CARD","is_prod":false,"is_daily":false,"chose_seed":false,"campfire_upgraded":4,"win_rate":0,"timestamp":1564256428,"path_taken":["M","?","?","M","M","R","M","E","T","$","?","R","?","E","R","BOSS","M","?","$","M","M","R","?","E","T","R","M","?","$","M","R","BOSS","M","M","?","$","M","R","M","?","T","R","E","?","M","M","R","BOSS"],"build_version":"2019-07-17","purchased_purges":2,"victory":true,"max_hp_per_floor":[71,71,71,71,71,71,71,71,71,71,71,71,77,77,77,77,77,77,77,74,74,74,74,74,74,74,74,76,76,76,80,80,80,85,87,87,87,87,89,89,89,73,73,73,73,73,73,73,73,73],"card_choices":[{"not_picked":["Coolheaded","Capacitor"],"picked":"Sweeping Beam","floor":1.0},{"not_picked":["Chaos","Stack"],"picked":"Ball Lightning","floor":4.0},{"not_picked":["Redo","Tempest"],"picked":"Doom and Gloom","floor":5.0},{"not_picked":["Barrage","Force Field","Tempest"],"picked":"SKIP","floor":7.0},{"not_picked":["Compile Driver","Gash"],"picked":"Core Surge","floor":8.0},{"not_picked":["BootSequence","Heatsinks"],"picked":"Genetic Algorithm","floor":11.0},{"not_picked":["Beam Cell","Fusion"],"picked":"Go for the Eyes","floor":11.0},{"not_picked":["Ball Lightning","Beam Cell"],"picked":"Darkness","floor":14.0},{"not_picked":["All For One","Meteor Strike"],"picked":"Fission","floor":16.0},{"not_picked":["Sweeping Beam","Hello World"],"picked":"Hologram","floor":18.0},{"not_picked":["Leap","Rip and Tear"],"picked":"Capacitor","floor":18.0},{"not_picked":["Barrage","Gash"],"picked":"Consume","floor":21.0},{"not_picked":["Recycle","Turbo"],"picked":"Steam","floor":21.0},{"not_picked":["Fusion","Rip and Tear"],"picked":"Genetic Algorithm","floor":22.0},{"not_picked":["Leap","Storm"],"picked":"Hologram","floor":22.0},{"not_picked":["Core Surge","Chaos"],"picked":"Cold Snap","floor":25.0},{"not_picked":["Compile Driver","Steam","Hyperbeam"],"picked":"Singing Bowl","floor":28.0},{"not_picked":["Gash","Self Repair"],"picked":"Coolheaded","floor":28.0},{"not_picked":["Fusion","Beam Cell","Rip and Tear"],"picked":"Singing Bowl","floor":31.0},{"not_picked":["Recycle","Ball Lightning","Conserve Battery"],"picked":"Singing Bowl","floor":31.0},{"not_picked":["Hyperbeam","Amplify"],"picked":"Echo Form","floor":33.0},{"not_picked":["Double Energy","Rebound+1"],"picked":"Compile Driver","floor":34.0},{"not_picked":["Redo","Double Energy","Leap+1"],"picked":"Singing Bowl","floor":35.0},{"not_picked":["Conserve Battery","Sweeping Beam"],"picked":"BootSequence","floor":35.0},{"not_picked":["Sunder","Ball Lightning"],"picked":"Multi-Cast","floor":36.0},{"not_picked":["Consume","Tempest"],"picked":"Coolheaded","floor":36.0},{"not_picked":["BootSequence","Heatsinks","Conserve Battery"],"picked":"Singing Bowl","floor":39.0},{"not_picked":["Beam Cell","Steam+1"],"picked":"Hologram+1","floor":39.0},{"not_picked":["Cold Snap","Beam Cell"],"picked":"Static Discharge","floor":41.0},{"not_picked":["Gash+1","Redo"],"picked":"Conserve Battery+1","floor":41.0},{"not_picked":["Chaos","Sweeping Beam"],"picked":"Stack","floor":45.0},{"not_picked":["Reinforced Body","FTL+1"],"picked":"Biased Cognition","floor":47.0},{"not_picked":["Hologram","Turbo+1"],"picked":"Go for the Eyes+1","floor":47.0},{"not_picked":["Hologram","Rebound"],"picked":"Reinforced Body","floor":48.0},{"not_picked":["Genetic Algorithm","Melter+1"],"picked":"Defragment+1","floor":48.0}],"player_experience":835532,"relics_obtained":[{"floor":8.0,"key":"Prayer Wheel"},{"floor":9.0,"key":"Darkstone Periapt"},{"floor":14.0,"key":"Symbiotic Virus"},{"floor":24.0,"key":"Matryoshka"},{"floor":25.0,"key":"DataDisk"},{"floor":26.0,"key":"Letter Opener"},{"floor":26.0,"key":"Singing Bowl"},{"floor":43.0,"key":"Potion Belt"},{"floor":43.0,"key":"Anchor"},{"floor":45.0,"key":"Ancient Tea Set"}],"event_choices":[{"damage_healed":0.0,"max_hp_gain":0.0,"max_hp_loss":0.0,"gold_gain":0.0,"cards_transformed":["Strike_B"],"event_name":"Living Wall","player_choice":"Change","floor":2.0,"gold_loss":0.0,"damage_taken":0.0,"cards_obtained":["Recycle"]},{"damage_healed":0.0,"max_hp_gain":0.0,"max_hp_loss":0.0,"gold_gain":0.0,"event_name":"The Woman in Blue","player_choice":"Bought 2 Potions","floor":3.0,"gold_loss":0.0,"damage_taken":0.0},{"damage_healed":17.0,"max_hp_gain":0.0,"max_hp_loss":0.0,"gold_gain":0.0,"event_name":"Mushrooms","player_choice":"Healed and dodged fight","floor":13.0,"gold_loss":0.0,"damage_taken":0.0,"cards_obtained":["Parasite"]},{"damage_healed":0.0,"max_hp_gain":0.0,"max_hp_loss":0.0,"gold_gain":0.0,"event_name":"Back to Basics","player_choice":"Simplicity","floor":19.0,"gold_loss":0.0,"damage_taken":0.0,"cards_upgraded":["Strike_B","Defend_B","Defend_B","Defend_B","Defend_B"]},{"damage_healed":15.0,"max_hp_gain":0.0,"max_hp_loss":0.0,"gold_gain":0.0,"event_name":"The Library","player_choice":"Heal","floor":29.0,"gold_loss":0.0,"damage_taken":0.0},{"cards_removed":["Strike_B"],"damage_healed":0.0,"max_hp_gain":0.0,"max_hp_loss":0.0,"gold_gain":0.0,"event_name":"Falling","player_choice":"Removed Attack","floor":37.0,"gold_loss":0.0,"damage_taken":0.0},{"damage_healed":73.0,"max_hp_gain":0.0,"max_hp_loss":16.0,"gold_gain":0.0,"event_name":"The Moai Head","player_choice":"Heal","floor":42.0,"gold_loss":0.0,"damage_taken":0.0}],"is_beta":false,"boss_relics":[{"not_picked":["Lizard Tail","Eternal Feather"],"picked":"Velvet Choker"},{"not_picked":["Runic Dome","Pandora\u0027s Box"],"picked":"Tiny House"}],"items_purged_floors":[10,20],"is_endless":false,"potions_floor_spawned":[4,5,8,11,21,22,28,33,35,36,41],"ascension_level":18}