{"gold_per_floor":[117,60,24,44,55,81,81,96,96,96,109,109,123,4,4,104,104,122,122,138,156,156],"floor_reached":22,"playtime":907,"items_purged":[],"score":188,"play_id":"dc3f43f5-fed1-49eb-ba76-0d2ed586dc07","local_time":"20190113031456","is_ascension_mode":false,"campfire_choices":[{"data":"Adrenaline","floor":7,"key":"SMITH"},{"data":"Crippling Poison","floor":10,"key":"SMITH"},{"data":"Backflip","floor":15,"key":"SMITH"}],"neow_cost":"NONE","seed_source_timestamp":259059821268503,"circlet_count":0,"master_deck":["Defend_G","Defend_G","Defend_G","Defend_G","Defend_G","Strike_G","Strike_G","Strike_G","Strike_G","Survivor","Neutralize","Noxious Fumes+1","Dash","Finisher","Crippling Poison+1","Adrenaline+1","Deflect","Dagger Spray","Catalyst","Backflip+1","Noxious Fumes","Tools of the Trade","Sucker Punch","Caltrops","Caltrops","Slice","Caltrops","Underhanded Strike","Tactician+1"],"relics":["Ring of the Snake","Ancient Tea Set","Shuriken","Bottled Lightning","Orrery"],"potions_floor_usage":[16,16,20],"damage_taken":[{"damage":9,"enemies":"Jaw Worm","floor":1,"turns":7},{"damage":0,"enemies":"Cultist","floor":4,"turns":4},{"damage":0,"enemies":"2 Louse","floor":5,"turns":2},{"damage":16,"enemies":"Gremlin Nob","floor":6,"turns":5},{"damage":0,"enemies":"Gremlin Gang","floor":8,"turns":4},{"damage":4,"enemies":"Exordium Thugs","floor":11,"turns":6},{"damage":0,"enemies":"2 Fungi Beasts","floor":13,"turns":2},{"damage":15,"enemies":"Slime Boss","floor":16,"turns":6},{"damage":17,"enemies":"Shell Parasite","floor":18,"turns":5},{"damage":8,"enemies":"2 Thieves","floor":20,"turns":5},{"damage":24,"enemies":"Shelled Parasite and Fungi","floor":21,"turns":4},{"damage":23,"enemies":"Cultist and Chosen","floor":22,"turns":4}],"seed_played":"3797253722805126379","potions_obtained":[{"floor":5,"key":"GhostInAJar"},{"floor":11,"key":"Strength Potion"},{"floor":13,"key":"Strength Potion"},{"floor":21,"key":"Energy Potion"}],"is_trial":false,"path_per_floor":["M","?","$","M","M","E","R","M","T","R","M","?","M","$","R","B",null,"M","?","M","M","M"],"character_chosen":"THE_SILENT","items_purchased":["Dash","Backflip","Noxious Fumes"],"campfire_rested":0,"item_purchase_floors":[3,14,14],"current_hp_per_floor":[61,61,61,61,61,45,45,45,45,45,41,41,41,41,41,26,70,53,53,45,21,0],"gold":156,"neow_bonus":"REMOVE_CARD","is_prod":false,"is_daily":false,"chose_seed":false,"campfire_upgraded":3,"win_rate":0,"timestamp":1547336696,"path_taken":["M","?","$","M","M","E","R","M","T","R","?","?","?","$","R","BOSS","M","?","M","?","M"],"build_version":"2019-01-10","purchased_purges":0,"victory":false,"max_hp_per_floor":[70,70,70,70,70,70,70,70,70,70,70,70,70,70,70,70,70,70,70,70,70,70],"card_choices":[{"not_picked":["Slice","PiercingWail"],"picked":"Noxious Fumes","floor":1},{"not_picked":["Dagger Throw","Deadly Poison"],"picked":"Finisher","floor":4},{"not_picked":["Bane","Dagger Spray"],"picked":"Crippling Poison","floor":5},{"not_picked":["PiercingWail","Flechettes"],"picked":"Adrenaline","floor":6},{"not_picked":["Dagger Spray","Dodge and Roll"],"picked":"Deflect","floor":8},{"not_picked":["Endless Agony","Crippling Poison"],"picked":"Dagger Spray","floor":11},{"not_picked":["Dodge and Roll","Skewer"],"picked":"Catalyst","floor":13},{"not_picked":["Doppelganger","Phantasmal Killer"],"picked":"Tools of the Trade","floor":16},{"not_picked":["Deadly Poison","PiercingWail"],"picked":"Sucker Punch","floor":17},{"not_picked":["Quick Slash","Dash"],"picked":"Caltrops","floor":17},{"not_picked":["Crippling Poison","Deadly Poison"],"picked":"Caltrops","floor":17},{"not_picked":["Heel Hook","Bouncing Flask"],"picked":"Slice","floor":17},{"not_picked":["Eviscerate","Predator"],"picked":"Caltrops","floor":17},{"not_picked":["Prepared","Flechettes"],"picked":"Underhanded Strike","floor":18},{"not_picked":["Sucker Punch+1","Acrobatics","All Out Attack+1"],"picked":"SKIP","floor":20},{"not_picked":["Sucker Punch","Poisoned Stab+1"],"picked":"Tactician+1","floor":21}],"player_experience":422863,"relics_obtained":[{"floor":6,"key":"Shuriken"},{"floor":9,"key":"Bottled Lightning"}],"event_choices":[{"damage_healed":0,"gold_gain":0,"player_choice":"Paid Gold","damage_taken":0,"relics_obtained":["Ancient Tea Set"],"max_hp_gain":0,"max_hp_loss":0,"event_name":"WeMeetAgain","floor":2,"gold_loss":57},{"damage_healed":0,"gold_gain":0,"player_choice":"Upgraded","damage_taken":0,"max_hp_gain":0,"max_hp_loss":0,"event_name":"Upgrade Shrine","floor":12,"gold_loss":0,"cards_upgraded":["Noxious Fumes"]},{"damage_healed":0,"gold_gain":0,"player_choice":"Ignored","damage_taken":0,"max_hp_gain":0,"max_hp_loss":0,"event_name":"N\u0027loth","floor":19,"gold_loss":0}],"is_beta":true,"boss_relics":[{"not_picked":["HoveringKite","Fusion Hammer"],"picked":"Orrery"}],"items_purged_floors":[],"is_endless":false,"potions_floor_spawned":[5,11,13,21],"killed_by":"Cultist and Chosen","ascension_level":0}