{"gold_per_floor":[109,59,77,252,263,290,290,305,305,305,322,322,362,380,380,506,506,530,544,131,150,150],"floor_reached":22,"playtime":766,"items_purged":["Doubt"],"score":208,"play_id":"8ea85f43-43a6-4474-92d2-d1af50662092","local_time":"20190121010553","is_ascension_mode":true,"campfire_choices":[{"data":"Zap","floor":7.0,"key":"SMITH"},{"floor":10.0,"key":"REST"},{"floor":15.0,"key":"REST"}],"neow_cost":"NONE","seed_source_timestamp":26708343412116,"circlet_count":0,"master_deck":["Strike_B","Strike_B","Strike_B","Defend_B","Defend_B","Defend_B","Zap+1","Dualcast","Sweeping Beam","Ball Lightning","Stack","Leap","Gash","Double Energy","Injury","Streamline","Doom and Gloom","Hyperbeam","Hologram+1","Skim+1","Self Repair","Stack","Defragment"],"special_seed":0,"relics":["FrozenCore","Incense Burner","StoneCalendar","Golden Idol","Darkstone Periapt","Matryoshka"],"potions_floor_usage":[],"damage_taken":[{"damage":0.0,"enemies":"2 Louse","floor":1.0,"turns":2.0},{"damage":0.0,"enemies":"Small Slimes","floor":3.0,"turns":4.0},{"damage":6.0,"enemies":"Jaw Worm","floor":5.0,"turns":3.0},{"damage":19.0,"enemies":"Lagavulin","floor":6.0,"turns":5.0},{"damage":21.0,"enemies":"Exordium Thugs","floor":8.0,"turns":4.0},{"damage":0.0,"enemies":"Looter","floor":11.0,"turns":2.0},{"damage":24.0,"enemies":"Gremlin Nob","floor":13.0,"turns":4.0},{"damage":20.0,"enemies":"Large Slime","floor":14.0,"turns":5.0},{"damage":11.0,"enemies":"Slime Boss","floor":16.0,"turns":7.0},{"damage":8.0,"enemies":"Chosen","floor":18.0,"turns":7.0},{"damage":23.0,"enemies":"2 Thieves","floor":19.0,"turns":4.0},{"damage":34,"enemies":"Snake Plant","floor":21,"turns":5},{"damage":19,"enemies":"Shelled Parasite and Fungi","floor":22,"turns":2}],"seed_played":"6942656841548947657","potions_obtained":[{"floor":3.0,"key":"FearPotion"},{"floor":5.0,"key":"LiquidBronze"},{"floor":13.0,"key":"Ancient Potion"},{"floor":18.0,"key":"LiquidBronze"}],"is_trial":false,"path_per_floor":["M","?","M","?","M","E","R","M","T","R","M","?","E","M","R","B",null,"M","M","$","M","M"],"character_chosen":"DEFECT","items_purchased":["Self Repair","Matryoshka","Stack"],"campfire_rested":2,"item_purchase_floors":[20,20,20],"current_hp_per_floor":[75,75,75,75,69,50,50,29,29,51,51,51,27,7,29,18,75,67,44,44,17,0],"gold":150,"neow_bonus":"REMOVE_CARD","is_prod":false,"is_daily":false,"chose_seed":false,"campfire_upgraded":1,"win_rate":0,"timestamp":1548020153,"path_taken":["M","?","M","?","M","E","R","M","T","R","M","?","E","M","R","BOSS","M","M","$","M","M"],"build_version":"2019-01-19","purchased_purges":1,"victory":false,"max_hp_per_floor":[75,75,75,75,75,75,75,75,75,75,75,75,75,75,75,75,75,75,75,75,75,75],"card_choices":[{"not_picked":["Gash","Sunder"],"picked":"Sweeping Beam","floor":1.0},{"not_picked":["Redo","Undo"],"picked":"Ball Lightning","floor":3.0},{"not_picked":["Undo","Barrage"],"picked":"Stack","floor":5.0},{"not_picked":["Gash","Hello World"],"picked":"Leap","floor":6.0},{"not_picked":["Compile Driver","Stack"],"picked":"Gash","floor":8.0},{"not_picked":["Sweeping Beam","Reinforced Body"],"picked":"Double Energy","floor":11.0},{"not_picked":["Recycle","Beam Cell"],"picked":"Streamline","floor":13.0},{"not_picked":["Blizzard","Stack"],"picked":"Doom and Gloom","floor":14.0},{"not_picked":["All For One","Seek"],"picked":"Hyperbeam","floor":16.0},{"not_picked":["Ball Lightning","Lockon"],"picked":"Hologram+1","floor":18.0},{"not_picked":["Barrage","Force Field+1"],"picked":"Skim+1","floor":19.0},{"not_picked":["Compile Driver+1","Conserve Battery"],"picked":"Defragment","floor":21}],"player_experience":457642,"relics_obtained":[{"floor":6.0,"key":"Incense Burner"},{"floor":9.0,"key":"StoneCalendar"},{"floor":13.0,"key":"Darkstone Periapt"}],"event_choices":[{"cards_removed":["Strike_B"],"damage_healed":0.0,"max_hp_gain":0.0,"max_hp_loss":0.0,"gold_gain":0.0,"event_name":"The Cleric","player_choice":"Card Removal","floor":2.0,"gold_loss":50.0,"damage_taken":0.0},{"damage_healed":0.0,"max_hp_gain":0.0,"max_hp_loss":0.0,"gold_gain":175.0,"event_name":"Liars Game","player_choice":"AGREE","floor":4.0,"gold_loss":0.0,"damage_taken":0.0,"cards_obtained":["Doubt"]},{"damage_healed":0.0,"max_hp_gain":0.0,"max_hp_loss":0.0,"gold_gain":0.0,"event_name":"Golden Idol","player_choice":"Take Wound","floor":12.0,"gold_loss":0.0,"damage_taken":0.0,"relics_obtained":["Golden Idol"],"cards_obtained":["Injury"]}],"is_beta":true,"boss_relics":[{"not_picked":["Black Star","White Beast Statue"],"picked":"FrozenCore"}],"items_purged_floors":[20],"is_endless":false,"potions_floor_spawned":[3,5,13,18],"killed_by":"Shelled Parasite and Fungi","ascension_level":1}