{"gold_per_floor":[117,117,132,132,57,57,57,57,81,101,101,118,118,150,150,150],"floor_reached":16,"playtime":396,"items_purged":[],"score":196,"play_id":"8d869d48-479d-4eec-93cb-a87dc4686759","local_time":"20190711113141","is_ascension_mode":true,"campfire_choices":[{"floor":6,"key":"REST"},{"data":"Blur","floor":11,"key":"SMITH"},{"data":"Survivor","floor":13,"key":"SMITH"},{"floor":15,"key":"REST"}],"neow_cost":"PERCENT_DAMAGE","seed_source_timestamp":81096897150900,"circlet_count":0,"master_deck":["AscendersBane","Strike_G","Strike_G","Strike_G","Strike_G","Strike_G","Defend_G","Defend_G","Defend_G","Defend_G","Survivor+1","Neutralize+1","Dagger Spray+1","PiercingWail+1","Blur+1","Deadly Poison"],"relics":["Ring of the Snake","Pen Nib","Blue Candle"],"potions_floor_usage":[14],"damage_taken":[{"damage":0,"enemies":"2 Louse","floor":1,"turns":5},{"damage":7,"enemies":"Small Slimes","floor":3,"turns":4},{"damage":3,"enemies":"Jaw Worm","floor":10,"turns":3},{"damage":0,"enemies":"Blue Slaver","floor":12,"turns":5},{"damage":10,"enemies":"3 Sentries","floor":14,"turns":4},{"damage":76,"enemies":"Slime Boss","floor":16,"turns":11}],"seed_played":"6313957917219700439","potions_obtained":[{"floor":3,"key":"SpeedPotion"},{"floor":12,"key":"Explosive Potion"}],"is_trial":false,"path_per_floor":["M","?","M","$","?","R","$","?","T","M","R","M","R","E","R","B"],"character_chosen":"THE_SILENT","items_purchased":[],"campfire_rested":2,"item_purchase_floors":[],"current_hp_per_floor":[56,33,26,26,26,49,49,49,49,46,46,46,46,36,59,0],"gold":150,"neow_bonus":"TWENTY_PERCENT_HP_BONUS","is_prod":false,"is_daily":false,"chose_seed":false,"campfire_upgraded":2,"win_rate":0,"timestamp":1562815901,"path_taken":["M","?","M","$","?","R","?","?","T","?","R","M","R","E","R","BOSS"],"build_version":"2019-07-05","purchased_purges":0,"victory":false,"max_hp_per_floor":[78,78,78,78,78,78,78,78,78,78,78,78,78,78,78,78],"card_choices":[{"not_picked":["Slice","Acrobatics"],"picked":"Dagger Spray","floor":1},{"not_picked":["Flying Knee","Bane"],"picked":"PiercingWail","floor":3},{"not_picked":["Distraction","Deadly Poison"],"picked":"Blur","floor":10},{"not_picked":["Prepared","Slice","Choke"],"picked":"SKIP","floor":12},{"not_picked":["Sucker Punch","Bullet Time"],"picked":"Deadly Poison","floor":14}],"player_experience":762259,"relics_obtained":[{"floor":9,"key":"Pen Nib"},{"floor":14,"key":"Blue Candle"}],"event_choices":[{"damage_healed":0,"gold_gain":0,"player_choice":"Entered Light","damage_taken":23,"max_hp_gain":0,"max_hp_loss":0,"event_name":"Shining Light","floor":2,"gold_loss":0,"cards_upgraded":["Dagger Spray","Neutralize"]},{"cards_removed":["Defend_G"],"damage_healed":0,"gold_gain":0,"player_choice":"Card Removal","damage_taken":0,"max_hp_gain":0,"max_hp_loss":0,"event_name":"The Cleric","floor":5,"gold_loss":75},{"damage_healed":0,"gold_gain":0,"player_choice":"Forge","damage_taken":0,"max_hp_gain":0,"max_hp_loss":0,"event_name":"Accursed Blacksmith","floor":8,"gold_loss":0,"cards_upgraded":["PiercingWail"]}],"is_beta":false,"boss_relics":[],"items_purged_floors":[],"is_endless":false,"potions_floor_spawned":[3,12],"killed_by":"Slime Boss","ascension_level":20}