{"gold_per_floor":[111,128,138,25,25,25,59,59,89,100,111,129,129,140,140,236,236,247,247,265,278,298,298,332,332],"floor_reached":25,"playtime":1506,"items_purged":["Doubt"],"score":263,"play_id":"43476a46-fe65-4ea9-90ef-ef97398bae3f","local_time":"20181009185329","is_ascension_mode":true,"campfire_choices":[{"data":"1","floor":6,"key":"LIFT"},{"data":"2","floor":8,"key":"LIFT"},{"data":"3","floor":13,"key":"LIFT"},{"floor":15,"key":"REST"},{"floor":23,"key":"REST"}],"neow_cost":"CURSE","seed_source_timestamp":13660231084914,"circlet_count":0,"master_deck":["Survivor","Neutralize","Crippling Poison","Blade Dance","Outmaneuver","Footwork","Decay","Neutralize","Accuracy","Cloak And Dagger","Cloak And Dagger","Cloak And Dagger","Backflip","Burst","Crippling Poison","Leg Sweep","Dagger Throw","Blade Dance","Quick Slash","Dagger Throw","Quick Slash","Eviscerate","Sucker Punch","Deflect","Cloak And Dagger","Writhe","Prepared+1","Expertise+1","Deadly Poison+1","Outmaneuver"],"relics":["Ring of the Snake","Girya","Kunai","Tiny Chest","Pandora\u0027s Box","Happy Flower","Juzu Bracelet"],"potions_floor_usage":[7,12,21,25],"damage_taken":[{"damage":0,"enemies":"Small Slimes","floor":1,"turns":4},{"damage":4,"enemies":"Cultist","floor":2,"turns":5},{"damage":3,"enemies":"2 Louse","floor":3,"turns":3},{"damage":35,"enemies":"Gremlin Nob","floor":7,"turns":5},{"damage":4,"enemies":"Looter","floor":10,"turns":3},{"damage":5,"enemies":"Exordium Thugs","floor":11,"turns":5},{"damage":4,"enemies":"Lots of Slimes","floor":12,"turns":3},{"damage":0,"enemies":"Blue Slaver","floor":14,"turns":3},{"damage":9,"enemies":"Hexaghost","floor":16,"turns":10},{"damage":18,"enemies":"2 Thieves","floor":18,"turns":4},{"damage":10,"enemies":"Shell Parasite","floor":20,"turns":5},{"damage":10,"enemies":"Centurion and Healer","floor":21,"turns":7},{"damage":14,"enemies":"Snake Plant","floor":22,"turns":5},{"damage":9,"enemies":"Book of Stabbing","floor":24,"turns":6},{"damage":16,"enemies":"Colosseum Slavers","floor":25,"turns":4},{"damage":56,"enemies":"Colosseum Nobs","floor":25,"turns":3}],"seed_played":"7168821631664327685","potions_obtained":[{"floor":1,"key":"Strength Potion"},{"floor":2,"key":"Swift Potion"},{"floor":3,"key":"SkillPotion"},{"floor":10,"key":"PowerPotion"},{"floor":14,"key":"GamblersBrew"},{"floor":16,"key":"Regen Potion"},{"floor":18,"key":"FairyPotion"}],"is_trial":false,"path_per_floor":["M","M","M","$","?","R","E","R","T","M","M","M","R","M","R","B",null,"M","?","M","M","M","R","E"],"character_chosen":"THE_SILENT","items_purchased":["Footwork"],"campfire_rested":2,"item_purchase_floors":[4],"current_hp_per_floor":[70,66,63,63,63,63,28,28,28,24,19,15,15,15,36,27,70,52,52,42,47,33,54,45,0],"gold":332,"neow_bonus":"ONE_RARE_RELIC","is_prod":false,"is_daily":false,"chose_seed":false,"campfire_upgraded":0,"win_rate":0,"timestamp":1539098609,"path_taken":["M","M","M","$","?","R","E","R","T","M","M","M","R","M","R","BOSS","M","?","M","M","?","R","E","?"],"build_version":"2018-10-08","purchased_purges":1,"victory":false,"max_hp_per_floor":[70,70,70,70,70,70,70,70,70,70,70,70,70,70,70,70,70,70,70,70,70,70,70,70,70],"card_choices":[{"not_picked":["Reflex","Backstab"],"picked":"Crippling Poison","floor":1},{"not_picked":["Tactician","Eviscerate"],"picked":"Blade Dance","floor":2},{"not_picked":["Accuracy","Eviscerate"],"picked":"Outmaneuver","floor":3},{"not_picked":["Poisoned Stab","Cloak And Dagger"],"picked":"Accuracy","floor":7},{"not_picked":["Distraction","Quick Slash"],"picked":"Cloak And Dagger","floor":10},{"not_picked":["Slice","Finisher"],"picked":"Cloak And Dagger","floor":11},{"not_picked":["Prepared","Dodge and Roll"],"picked":"Cloak And Dagger","floor":12},{"not_picked":["Heel Hook","PiercingWail"],"picked":"Backflip","floor":14},{"not_picked":["Bullet Time","Envenom"],"picked":"Burst","floor":16},{"not_picked":["Flying Knee+1","PiercingWail"],"picked":"Cloak And Dagger","floor":18},{"not_picked":["Blur","Bane"],"picked":"Prepared+1","floor":20},{"not_picked":["Cloak And Dagger","Dagger Spray"],"picked":"Expertise+1","floor":21},{"not_picked":["Masterful Stab","Acrobatics"],"picked":"Deadly Poison+1","floor":22},{"not_picked":["Deadly Poison+1","Bane+1"],"picked":"Outmaneuver","floor":24}],"player_experience":138892,"relics_obtained":[{"floor":7,"key":"Kunai"},{"floor":9,"key":"Tiny Chest"},{"floor":24,"key":"Juzu Bracelet"}],"event_choices":[{"event_name":"Match and Keep!","player_choice":"2 cards matched","floor":5,"damage_taken":0},{"event_name":"Match and Keep!","player_choice":"2 cards matched","floor":5,"damage_taken":0},{"event_name":"The Mausoleum","player_choice":"Yes","floor":19,"damage_taken":0},{"event_name":"Colosseum","player_choice":"Fight","floor":25,"damage_taken":0},{"event_name":"Colosseum","player_choice":"Fought Nobs","floor":25,"damage_taken":0}],"is_beta":true,"boss_relics":[{"not_picked":["HoveringKite","Runic Dome"],"picked":"Pandora\u0027s Box"}],"items_purged_floors":[4],"is_endless":false,"potions_floor_spawned":[1,2,3,10,14,16,18,20],"killed_by":"Colosseum Nobs","ascension_level":1}