{"path_per_floor":["M","$","?","M","?","R","$","R","T","M","?","$","M","E","R","B",null,"M","M","?","?","?"],"character_chosen":"THE_SILENT","items_purchased":["Infinite Blades"],"gold_per_floor":[19,19,19,38,3,3,3,3,27,51,51,15,36,77,77,203,203,222,195,195,145,60],"floor_reached":23,"campfire_rested":2,"playtime":1193,"current_hp_per_floor":[53,53,36,36,53,70,70,70,70,70,70,70,68,52,70,38,70,56,36,36,36,36],"items_purged":[],"gold":60,"play_id":"dd95a36c-618d-49b2-9bb5-471078ef8359","is_prod":false,"is_daily":false,"campfire_rituals":0,"campfire_upgraded":1,"is_hardmode":false,"path_taken":["M","$","?","M","?","R","$","R","T","M","?","$","M","E","R","BOSS","M","M","?","?","?","E"],"build_version":"2018-01-18-PROD4","purchased_purges":0,"victory":false,"master_deck":["Defend_G","Defend_G","Defend_G","Defend_G","Strike_G","Strike_G","Strike_G","Strike_G","Survivor","Neutralize","Noxious Fumes","Deflect","Catalyst","Infinite Blades","Backflip","Quick Slash","Tools of the Trade","Poisoned Stab","Well Laid Plans"],"max_hp_per_floor":[70,70,70,70,70,70,70,70,70,70,70,70,70,70,70,70,70,70,70,70,70,70],"relics":["Ring of the Snake","Golden Idol","Happy Flower","Juzu Bracelet","Question Card","Thread and Needle"],"campfire_meditates":0,"card_choices":[{"not_picked":["Dodge and Roll","Dagger Spray"],"picked":"Noxious Fumes"},{"not_picked":["Footwork","Prepared"],"picked":"Deflect"},{"not_picked":["Finisher","Quick Slash"],"picked":"Catalyst"},{"not_picked":["Acrobatics","Slice"],"picked":"Backflip"},{"not_picked":["PiercingWail","Dagger Spray"],"picked":"Quick Slash"},{"not_picked":["After Image","Unload"],"picked":"Tools of the Trade"},{"not_picked":["Dagger Throw","Flying Knee","Skewer"],"picked":"Poisoned Stab"},{"not_picked":["PiercingWail","Dagger Throw","Quick Slash"],"picked":"Well Laid Plans"}],"player_experience":24896,"potions_floor_usage":[14,19,23,23],"damage_taken":[{"damage":17,"enemies":"Jaw Worm","floor":1,"turns":6},{"damage":0,"enemies":"Small Slimes","floor":4,"turns":4},{"damage":0,"enemies":"2 Louse","floor":10,"turns":4},{"damage":2,"enemies":"2 Fungi Beasts","floor":13,"turns":5},{"damage":16,"enemies":"3 Sentries","floor":14,"turns":6},{"damage":32,"enemies":"Slime Boss","floor":16,"turns":11},{"damage":14,"enemies":"3 Byrds","floor":18,"turns":5},{"damage":20,"enemies":"2 Thieves","floor":19,"turns":5},{"damage":39,"enemies":"Slavers","floor":23,"turns":5}],"event_choices":[{"event_name":"Golden Idol","player_choice":"Take Damage","floor":3,"damage_taken":0},{"event_name":"The Cleric","player_choice":"Healed","floor":5,"damage_taken":0},{"event_name":"Accursed Blacksmith","player_choice":"Forge","floor":11,"damage_taken":0},{"event_name":"Back to Basics","player_choice":"Simplicity","floor":20,"damage_taken":0},{"event_name":"The Joust","player_choice":"Bet on Owner","floor":21,"damage_taken":0},{"event_name":"Addict","player_choice":"Obtained Relic","floor":22,"damage_taken":0}],"boss_relics":[{"not_picked":["Eternal Feather","Runic Dome"],"picked":"Question Card"}],"potions_floor_spawned":[13,16,18,19],"seed_played":"7409380591976667767","killed_by":"Slavers","is_trial":false}