{"gold_per_floor":[119,119,165,440,454,480,490,490,490,504,504,39,64,82,82,180,180,197,209,109,127,127,127],"floor_reached":23,"playtime":686,"items_purged":["Regret","Strike_B"],"score":276,"play_id":"410fe135-438c-4e07-9248-76003b7e55f6","local_time":"20190130161034","is_ascension_mode":false,"campfire_choices":[{"data":"Electrodynamics","floor":11.0,"key":"SMITH"},{"data":"Dualcast","floor":15.0,"key":"SMITH"}],"neow_cost":"NONE","seed_source_timestamp":80319742325982,"circlet_count":0,"master_deck":["Strike_B+1","Strike_B","Strike_B+1","Defend_B","Defend_B","Defend_B","Defend_B","Zap+1","Dualcast+1","Self Repair","Electrodynamics+1","Tempest","Turbo","Leap","Flash of Steel+1","Glacier","Conserve Battery","Multi-Cast","Coolheaded","Redo","Coolheaded"],"special_seed":0,"relics":["Cracked Core","NeowsBlessing","Vajra","Whetstone","Molten Egg 2","Lantern","Cables","Potion Belt","Inserter","Enchiridion"],"potions_floor_usage":[21,21],"damage_taken":[{"damage":0.0,"enemies":"2 Louse","floor":1.0,"turns":1.0},{"damage":0.0,"enemies":"Jaw Worm","floor":5.0,"turns":1.0},{"damage":0.0,"enemies":"Lagavulin","floor":6.0,"turns":1.0},{"damage":2.0,"enemies":"Cultist","floor":7.0,"turns":3.0},{"damage":0.0,"enemies":"3 Louse","floor":10.0,"turns":1.0},{"damage":6.0,"enemies":"Gremlin Nob","floor":13.0,"turns":3.0},{"damage":6.0,"enemies":"Large Slime","floor":14.0,"turns":3.0},{"damage":0.0,"enemies":"Slime Boss","floor":16.0,"turns":5.0},{"damage":3,"enemies":"Shell Parasite","floor":18,"turns":5},{"damage":1,"enemies":"Chosen","floor":19,"turns":3},{"damage":0,"enemies":"Snecko","floor":21,"turns":4},{"damage":70,"enemies":"Gremlin Leader","floor":23,"turns":6}],"seed_played":"-3950089796809775431","potions_obtained":[{"floor":1.0,"key":"Poison Potion"},{"floor":5.0,"key":"Explosive Potion"},{"floor":7.0,"key":"EssenceOfSteel"},{"floor":16.0,"key":"EssenceOfSteel"},{"floor":18,"key":"Strength Potion"}],"is_trial":false,"path_per_floor":["M","?","T","?","M","E","M","?","T","M","R","$","E","M","R","B",null,"M","M","$","M","?","E"],"character_chosen":"DEFECT","items_purchased":["Cables","Leap","Flash of Steel+1"],"campfire_rested":0,"item_purchase_floors":[12,12,12],"current_hp_per_floor":[75,75,75,75,75,75,75,50,50,57,57,57,58,59,59,59,75,75,74,74,75,59,0],"gold":127,"neow_bonus":"THREE_ENEMY_KILL","is_prod":false,"is_daily":false,"chose_seed":false,"campfire_upgraded":2,"win_rate":0,"timestamp":1548852034,"path_taken":["M","?","?","?","M","E","?","?","T","M","R","$","E","M","R","BOSS","M","M","$","M","?","E"],"build_version":"2019-01-23","purchased_purges":2,"victory":false,"max_hp_per_floor":[75,75,75,75,75,75,75,75,75,75,75,75,75,75,75,75,75,75,75,75,75,75,75],"card_choices":[{"not_picked":["White Noise","Skim"],"picked":"Self Repair","floor":1.0},{"not_picked":["Aggregate","Hello World","Recycle"],"picked":"SKIP","floor":5.0},{"not_picked":["Leap","Go for the Eyes"],"picked":"Electrodynamics","floor":6.0},{"not_picked":["Streamline","Hello World"],"picked":"Tempest","floor":7.0},{"not_picked":["Undo","Fusion"],"picked":"Turbo","floor":10.0},{"not_picked":["Turbo","Go for the Eyes+1"],"picked":"Glacier","floor":13.0},{"not_picked":["Leap","Sunder+1"],"picked":"Conserve Battery","floor":14.0},{"not_picked":["Amplify","Meteor Strike+1"],"picked":"Multi-Cast","floor":16.0},{"not_picked":["Sweeping Beam+1","Double Energy"],"picked":"Coolheaded","floor":18},{"not_picked":["Genetic Algorithm","Lockon+1"],"picked":"Redo","floor":19},{"not_picked":["Compile Driver+1","Steam+1"],"picked":"Coolheaded","floor":21}],"player_experience":494710,"relics_obtained":[{"floor":3.0,"key":"Vajra"},{"floor":6.0,"key":"Whetstone"},{"floor":9.0,"key":"Lantern"},{"floor":13.0,"key":"Potion Belt"},{"floor":22,"key":"Enchiridion"}],"event_choices":[{"damage_healed":0.0,"max_hp_gain":0.0,"max_hp_loss":0.0,"gold_gain":0.0,"event_name":"Living Wall","player_choice":"Grow","floor":2.0,"gold_loss":0.0,"damage_taken":0.0,"cards_upgraded":["Zap"]},{"damage_healed":0.0,"max_hp_gain":0.0,"max_hp_loss":0.0,"gold_gain":275.0,"event_name":"Golden Shrine","player_choice":"Desecrate","floor":4.0,"gold_loss":0.0,"damage_taken":0.0,"cards_obtained":["Regret"]},{"damage_healed":0.0,"max_hp_gain":0.0,"max_hp_loss":0.0,"gold_gain":0.0,"event_name":"Scrap Ooze","player_choice":"Success","floor":8.0,"gold_loss":0.0,"damage_taken":25.0,"relics_obtained":["Molten Egg 2"]},{"damage_healed":0,"gold_gain":0,"player_choice":"Obtained Book","damage_taken":16,"max_hp_gain":0,"max_hp_loss":0,"event_name":"Cursed Tome","floor":22,"gold_loss":0}],"is_beta":true,"boss_relics":[{"not_picked":["Ectoplasm","Runic Dome"],"picked":"Inserter"}],"items_purged_floors":[12,20],"is_endless":false,"potions_floor_spawned":[1,5,7,16,18],"killed_by":"Gremlin Leader","ascension_level":0}