{"gold_per_floor":[109,284,296,69,69,69,69,84,84,84,99,127,137,162,235,235],"floor_reached":16,"playtime":597,"items_purged":["Doubt"],"score":110,"play_id":"ff634d0f-a194-4bc6-8172-cfa96ad68c63","local_time":"20190729010511","is_ascension_mode":false,"campfire_choices":[{"data":"Glacier","floor":6,"key":"SMITH"},{"data":"Capacitor","floor":10,"key":"SMITH"}],"neow_cost":"NONE","seed_source_timestamp":515434318820500,"circlet_count":0,"master_deck":["Strike_B","Strike_B","Strike_B","Strike_B","Defend_B","Defend_B","Defend_B","Defend_B","Zap","Dualcast","Gash+1","Glacier+1","Capacitor+1","All For One","Go for the Eyes","Scrape"],"relics":["Cracked Core","ReplayTheSpireMod:PocketPolymizer","Bag of Marbles","Pen Nib"],"potions_floor_usage":[16],"damage_taken":[{"damage":1,"enemies":"Jaw Worm","floor":1,"turns":4},{"damage":2,"enemies":"2 Louse","floor":3,"turns":3},{"damage":2,"enemies":"Small Slimes","floor":8,"turns":3},{"damage":5,"enemies":"2 Fungi Beasts","floor":11,"turns":5},{"damage":35,"enemies":"Gremlin Nob","floor":12,"turns":7},{"damage":1,"enemies":"Exordium Wildlife","floor":13,"turns":4},{"damage":13,"enemies":"Lagavulin","floor":14,"turns":6},{"damage":16,"enemies":"The Guardian","floor":16,"turns":8}],"seed_played":"-5828054380672903537","potions_obtained":[{"floor":1,"key":"EssenceOfSteel"},{"floor":11,"key":"Elixir"},{"floor":12,"key":"Block Potion"}],"is_trial":false,"path_per_floor":["M","?","M","$","?","R","?","M","T","R","M","E","M","E","R","B"],"character_chosen":"DEFECT","items_purchased":["Glacier","Capacitor"],"campfire_rested":0,"item_purchase_floors":[4,4],"current_hp_per_floor":[81,81,79,79,72,72,72,70,70,70,65,30,29,16,16,0],"gold":235,"neow_bonus":"TEN_PERCENT_HP_BONUS","is_prod":false,"is_daily":false,"chose_seed":false,"campfire_upgraded":2,"win_rate":0,"timestamp":1564344311,"path_taken":["M","?","M","$","?","R","?","M","T","R","M","E","M","E","R","BOSS"],"build_version":"2019-07-17","purchased_purges":1,"victory":false,"max_hp_per_floor":[82,82,82,82,82,82,82,82,82,82,82,82,82,82,82,82],"card_choices":[{"not_picked":["Blizzard","Doom and Gloom","Redo"],"picked":"SKIP","floor":1},{"not_picked":["Loop","Redo"],"picked":"Gash","floor":3},{"not_picked":["Redo","Compile Driver"],"picked":"All For One","floor":8},{"not_picked":["Stack","Redo","Force Field"],"picked":"SKIP","floor":11},{"not_picked":["Sweeping Beam","Undo","Steam"],"picked":"SKIP","floor":12},{"not_picked":["Heatsinks","Chaos"],"picked":"Go for the Eyes","floor":13},{"not_picked":["Steam","Heatsinks"],"picked":"Scrape","floor":14}],"player_experience":167212,"relics_obtained":[{"floor":12,"key":"Bag of Marbles"},{"floor":14,"key":"Pen Nib"}],"event_choices":[{"damage_healed":0,"gold_gain":175,"player_choice":"AGREE","damage_taken":0,"max_hp_gain":0,"max_hp_loss":0,"event_name":"Liars Game","floor":2,"gold_loss":0,"cards_obtained":["Doubt"]},{"damage_healed":0,"gold_gain":0,"player_choice":"Success","damage_taken":7,"relics_obtained":["ReplayTheSpireMod:PocketPolymizer"],"max_hp_gain":0,"max_hp_loss":0,"event_name":"Scrap Ooze","floor":5,"gold_loss":0},{"damage_healed":0,"gold_gain":73,"player_choice":"Gained Gold","damage_taken":0,"max_hp_gain":0,"max_hp_loss":0,"event_name":"Golden Wing","floor":15,"gold_loss":0}],"is_beta":false,"boss_relics":[],"items_purged_floors":[4],"is_endless":false,"potions_floor_spawned":[1,11,12],"killed_by":"The Guardian","ascension_level":0}