{"gold_per_floor":[117,117,117,138,162,175,208,222,248,248,292,467,467,502,502,633,633,633],"floor_reached":18,"playtime":750,"items_purged":[],"score":198,"play_id":"080390e2-e4b3-4f7a-86c2-3ce1c890f7da","local_time":"20190731203910","is_ascension_mode":true,"campfire_choices":[{"data":"Clothesline","floor":10,"key":"SMITH"},{"data":"Shrug It Off","floor":15,"key":"SMITH"}],"neow_cost":"NONE","seed_source_timestamp":3621455025820500,"circlet_count":0,"master_deck":["Strike_R","Strike_R","Strike_R","Strike_R","Strike_R+1","Defend_R","Defend_R","Defend_R","Defend_R","Bash","Carnage","Injury","Body Slam","Clothesline+1","Clothesline","Spot Weakness+1","Body Slam+1","Doubt","Shrug It Off+1","Barricade"],"relics":["Burning Blood","NeowsBlessing","Golden Idol","Molten Egg 2","Oddly Smooth Stone","Smiling Mask","Ancient Tea Set","Runic Pyramid"],"potions_floor_usage":[7,11,14,14,14,14,16],"damage_taken":[{"damage":0,"enemies":"2 Louse","floor":1,"turns":1},{"damage":0,"enemies":"Cultist","floor":4,"turns":1},{"damage":0,"enemies":"Jaw Worm","floor":5,"turns":1},{"damage":7,"enemies":"Looter","floor":6,"turns":3},{"damage":9,"enemies":"3 Sentries","floor":7,"turns":4},{"damage":21,"enemies":"Large Slime","floor":8,"turns":4},{"damage":6,"enemies":"Gremlin Nob","floor":11,"turns":3},{"damage":18,"enemies":"3 Sentries","floor":14,"turns":6},{"damage":32,"enemies":"Slime Boss","floor":16,"turns":12},{"damage":80,"enemies":"3 Byrds","floor":18,"turns":6}],"seed_played":"-5011765482802315303","potions_obtained":[{"floor":1,"key":"AttackPotion"},{"floor":3,"key":"GamblersBrew"},{"floor":3,"key":"EntropicBrew"},{"floor":7,"key":"FearPotion"}],"is_trial":false,"path_per_floor":["M","?","?","M","M","M","E","M","T","R","E","?","?","E","R","B",null,"M"],"character_chosen":"IRONCLAD","items_purchased":[],"campfire_rested":0,"item_purchase_floors":[],"current_hp_per_floor":[80,80,80,80,80,79,76,61,61,61,61,61,45,45,45,19,80,0],"gold":633,"neow_bonus":"THREE_ENEMY_KILL","is_prod":false,"is_daily":false,"chose_seed":false,"campfire_upgraded":2,"win_rate":0,"timestamp":1564630750,"path_taken":["M","?","?","M","M","M","E","?","T","R","E","?","?","E","R","BOSS","M"],"build_version":"2019-07-17","purchased_purges":0,"victory":false,"max_hp_per_floor":[80,80,80,80,80,80,80,80,80,80,80,80,80,80,80,80,80,80],"card_choices":[{"not_picked":["Headbutt","Dual Wield"],"picked":"Carnage","floor":1},{"not_picked":["Rage","Havoc"],"picked":"Body Slam","floor":4},{"not_picked":["True Grit","Burning Pact"],"picked":"Clothesline","floor":5},{"not_picked":["Pommel Strike","True Grit"],"picked":"Clothesline","floor":6},{"not_picked":["Intimidate","Whirlwind"],"picked":"Spot Weakness","floor":7},{"not_picked":["Twin Strike+1","Berserk","Thunderclap+1"],"picked":"SKIP","floor":8},{"not_picked":["Headbutt+1","Perfected Strike+1"],"picked":"Body Slam+1","floor":11},{"not_picked":["Twin Strike+1","Power Through"],"picked":"Shrug It Off","floor":14},{"not_picked":["Brutality","Fiend Fire+1"],"picked":"Barricade","floor":16}],"player_experience":106210,"relics_obtained":[{"floor":7,"key":"Molten Egg 2"},{"floor":9,"key":"Oddly Smooth Stone"},{"floor":11,"key":"Smiling Mask"},{"floor":14,"key":"Ancient Tea Set"}],"event_choices":[{"damage_healed":0,"gold_gain":0,"player_choice":"Take Wound","damage_taken":0,"relics_obtained":["Golden Idol"],"max_hp_gain":0,"max_hp_loss":0,"event_name":"Golden Idol","floor":2,"gold_loss":0,"cards_obtained":["Injury"]},{"damage_healed":0,"gold_gain":0,"player_choice":"Got Potions","damage_taken":0,"max_hp_gain":0,"max_hp_loss":0,"event_name":"Lab","floor":3,"gold_loss":0},{"damage_healed":0,"gold_gain":175,"player_choice":"AGREE","damage_taken":0,"max_hp_gain":0,"max_hp_loss":0,"event_name":"Liars Game","floor":12,"gold_loss":0,"cards_obtained":["Doubt"]},{"damage_healed":0,"gold_gain":0,"player_choice":"Entered Light","damage_taken":16,"max_hp_gain":0,"max_hp_loss":0,"event_name":"Shining Light","floor":13,"gold_loss":0,"cards_upgraded":["Strike_R","Spot Weakness"]}],"is_beta":false,"boss_relics":[{"not_picked":["White Beast Statue","Busted Crown"],"picked":"Runic Pyramid"}],"items_purged_floors":[],"is_endless":false,"potions_floor_spawned":[1,7,8],"killed_by":"3 Byrds","ascension_level":2}