{"gold_per_floor":[113,125,125,56,66,66,100,100,100,135,153,32,50,50,50,154,154,174,174,174,188,188,218,218,237,287,313,323,323],"floor_reached":29,"playtime":1773,"items_purged":["Strike_G"],"score":339,"play_id":"b6d6a108-61e3-4e29-ae1c-d6f9efde3107","local_time":"20190723234713","is_ascension_mode":true,"campfire_choices":[{"data":"Noxious Fumes","floor":6,"key":"SMITH"},{"data":"Bouncing Flask","floor":15,"key":"SMITH"}],"neow_cost":"NONE","seed_source_timestamp":2940507798252400,"circlet_count":0,"master_deck":["Strike_G","Strike_G","Strike_G","Strike_G","Defend_G","Defend_G","Defend_G","Defend_G","Defend_G","Survivor","Neutralize+1","Catalyst","Backflip","Noxious Fumes+1","Backflip","Backflip","Poisoned Stab","Cloak And Dagger","Poisoned Stab","Bouncing Flask+1","Venomology","Cloak And Dagger","RitualDagger","Deadly Poison","Leg Sweep","Writhe","Prepared","Noxious Fumes+1","Well Laid Plans","Poisoned Stab","Burst"],"relics":["Ring of the Snake","NeowsBlessing","Matryoshka","Sundial","Mercury Hourglass","Oddly Smooth Stone","Bag of Marbles","GremlinMask","Coffee Dripper","Shuriken","Pen Nib","Paper Crane","Vajra","Orichalcum"],"potions_floor_usage":[7,16,16,18,23,23,23,25,27,28,29,29,29],"damage_taken":[{"damage":0,"enemies":"Small Slimes","floor":1,"turns":1},{"damage":0,"enemies":"2 Louse","floor":2,"turns":1},{"damage":0,"enemies":"Cultist","floor":5,"turns":1},{"damage":18,"enemies":"3 Sentries","floor":7,"turns":6},{"damage":1,"enemies":"Lagavulin","floor":10,"turns":7},{"damage":0,"enemies":"2 Fungi Beasts","floor":11,"turns":3},{"damage":0,"enemies":"Red Slaver","floor":13,"turns":3},{"damage":0,"enemies":"Slime Boss","floor":16,"turns":6},{"damage":4,"enemies":"2 Thieves","floor":18,"turns":4},{"damage":1,"enemies":"Chosen","floor":21,"turns":4},{"damage":11,"enemies":"Book of Stabbing","floor":23,"turns":4},{"damage":13,"enemies":"Shelled Parasite and Fungi","floor":25,"turns":6},{"damage":26,"enemies":"Gremlin Leader","floor":27,"turns":6},{"damage":12,"enemies":"Chosen and Byrds","floor":28,"turns":5},{"damage":14,"enemies":"Centurion and Healer","floor":29,"turns":3}],"seed_played":"-1085610710962485709","potions_obtained":[{"floor":1,"key":"Explosive Potion"},{"floor":10,"key":"Block Potion"},{"floor":11,"key":"Block Potion"},{"floor":21,"key":"Swift Potion"},{"floor":27,"key":"Fire Potion"},{"floor":28,"key":"AttackPotion"}],"is_trial":false,"path_per_floor":["M","M","?","$","M","R","E","?","T","E","M","$","M","?","R","B",null,"M","?","?","M","?","E","?","M","T","E","M","M"],"character_chosen":"THE_SILENT","items_purchased":["Noxious Fumes","Poisoned Stab"],"campfire_rested":0,"item_purchase_floors":[4,12],"current_hp_per_floor":[70,70,67,67,67,67,49,49,49,48,48,48,48,48,48,48,70,66,60,60,59,59,48,48,35,35,9,11,0],"gold":323,"neow_bonus":"THREE_ENEMY_KILL","is_prod":false,"is_daily":false,"chose_seed":false,"campfire_upgraded":2,"win_rate":0,"timestamp":1563950833,"path_taken":["M","M","?","$","M","R","E","?","T","E","M","$","?","?","R","BOSS","M","?","?","M","?","E","?","?","T","E","M","M"],"build_version":"2019-07-17","purchased_purges":1,"victory":false,"max_hp_per_floor":[70,70,70,70,70,70,70,70,70,70,70,70,70,70,70,70,70,70,70,70,70,70,70,70,70,70,70,70,70],"card_choices":[{"not_picked":["Slice","Footwork"],"picked":"Catalyst","floor":1},{"not_picked":["Reflex","Sucker Punch"],"picked":"Backflip","floor":2},{"not_picked":["Blade Dance","Finisher"],"picked":"Backflip","floor":5},{"not_picked":["Leg Sweep","Deflect"],"picked":"Backflip","floor":7},{"not_picked":["Escape Plan","Slice"],"picked":"Poisoned Stab","floor":10},{"not_picked":["Quick Slash","Sucker Punch"],"picked":"Cloak And Dagger","floor":11},{"not_picked":["Blade Dance","Reflex"],"picked":"Bouncing Flask","floor":13},{"not_picked":["A Thousand Cuts","Unload"],"picked":"Venomology","floor":16},{"not_picked":["Acrobatics","Blade Dance"],"picked":"Cloak And Dagger","floor":18},{"not_picked":["Setup+1","Prepared+1"],"picked":"Leg Sweep","floor":21},{"not_picked":["Slice","Heel Hook"],"picked":"Prepared","floor":23},{"not_picked":["Setup","Escape Plan"],"picked":"Well Laid Plans","floor":25},{"not_picked":["Dagger Throw","Acrobatics"],"picked":"Poisoned Stab","floor":27},{"not_picked":["Poisoned Stab","Endless Agony+1"],"picked":"Burst","floor":28}],"player_experience":68076,"relics_obtained":[{"floor":7,"key":"Sundial"},{"floor":9,"key":"Mercury Hourglass"},{"floor":9,"key":"Oddly Smooth Stone"},{"floor":10,"key":"Bag of Marbles"},{"floor":23,"key":"Pen Nib"},{"floor":26,"key":"Paper Crane"},{"floor":26,"key":"Vajra"},{"floor":27,"key":"Orichalcum"}],"event_choices":[{"damage_healed":0,"gold_gain":0,"player_choice":"Success","damage_taken":3,"relics_obtained":["Matryoshka"],"max_hp_gain":0,"max_hp_loss":0,"event_name":"Scrap Ooze","floor":3,"gold_loss":0},{"damage_healed":0,"gold_gain":0,"player_choice":"Forge","damage_taken":0,"max_hp_gain":0,"max_hp_loss":0,"event_name":"Accursed Blacksmith","floor":8,"gold_loss":0,"cards_upgraded":["Neutralize"]},{"damage_healed":0,"gold_gain":0,"player_choice":"Trade","damage_taken":0,"relics_obtained":["GremlinMask"],"max_hp_gain":0,"max_hp_loss":0,"event_name":"FaceTrader","floor":14,"gold_loss":0},{"damage_healed":0,"gold_gain":0,"player_choice":"Joined the Cult","damage_taken":6,"max_hp_gain":0,"max_hp_loss":0,"event_name":"Nest","floor":19,"gold_loss":0,"cards_obtained":["RitualDagger"]},{"damage_healed":0,"gold_gain":0,"player_choice":"Read","damage_taken":0,"max_hp_gain":0,"max_hp_loss":0,"event_name":"The Library","floor":20,"gold_loss":0,"cards_obtained":["Deadly Poison"]},{"damage_healed":0,"gold_gain":0,"player_choice":"Opened","damage_taken":0,"relics_obtained":["Shuriken"],"max_hp_gain":0,"max_hp_loss":0,"event_name":"The Mausoleum","floor":22,"gold_loss":0,"cards_obtained":["Writhe"]},{"damage_healed":0,"gold_gain":0,"player_choice":"Copied","damage_taken":0,"max_hp_gain":0,"max_hp_loss":0,"event_name":"Duplicator","floor":24,"gold_loss":0,"cards_obtained":["Noxious Fumes"]}],"is_beta":false,"boss_relics":[{"not_picked":["WristBlade","Empty Cage"],"picked":"Coffee Dripper"}],"items_purged_floors":[12],"is_endless":false,"potions_floor_spawned":[1,10,11,21,27,28],"killed_by":"Centurion and Healer","ascension_level":1}