{"gold_per_floor":[112,112,37,55,85,113,133,133,201,229,229,0,16,26,26,122,122,141,155,173,93,108,108,126,126,126,126],"floor_reached":27,"playtime":1135,"items_purged":["Strike_B"],"score":288,"play_id":"de508029-76f8-4ed9-b37a-472b491e0518","local_time":"20190726190644","is_ascension_mode":true,"campfire_choices":[{"data":"Go for the Eyes","floor":8,"key":"SMITH"},{"floor":15,"key":"REST"},{"floor":23,"key":"REST"},{"floor":25,"key":"REST"}],"neow_cost":"NONE","seed_source_timestamp":320583999209900,"circlet_count":0,"master_deck":["Strike_B","Defend_B","Defend_B","Defend_B","Defend_B","Zap","Dualcast","Gash","Go for the Eyes+1","Seek","Steam+1","Scrape","Hologram+1","All For One","Glacier+1","Go for the Eyes+1"],"relics":["Cracked Core","NeowsBlessing","Tiny Chest","Bag of Marbles","Frozen Egg 2","Toxic Egg 2","Dream Catcher","White Beast Statue","Darkstone Periapt"],"potions_floor_usage":[16],"damage_taken":[{"damage":0,"enemies":"Small Slimes","floor":1,"turns":1},{"damage":0,"enemies":"2 Louse","floor":4,"turns":1},{"damage":0,"enemies":"3 Sentries","floor":6,"turns":1},{"damage":0,"enemies":"Cultist","floor":7,"turns":3},{"damage":24,"enemies":"Gremlin Nob","floor":10,"turns":4},{"damage":0,"enemies":"Blue Slaver","floor":13,"turns":3},{"damage":2,"enemies":"2 Fungi Beasts","floor":14,"turns":3},{"damage":35,"enemies":"Hexaghost","floor":16,"turns":12},{"damage":8,"enemies":"Shell Parasite","floor":18,"turns":6},{"damage":17,"enemies":"2 Thieves","floor":19,"turns":4},{"damage":25,"enemies":"Shelled Parasite and Fungi","floor":20,"turns":7},{"damage":14,"enemies":"Chosen and Byrds","floor":22,"turns":9},{"damage":23,"enemies":"Snake Plant","floor":24,"turns":6},{"damage":41,"enemies":"Slavers","floor":27,"turns":4}],"seed_played":"3773209060050827673","potions_obtained":[{"floor":7,"key":"AttackPotion"},{"floor":10,"key":"SpeedPotion"},{"floor":13,"key":"Weak Potion"},{"floor":16,"key":"FearPotion"},{"floor":22,"key":"Regen Potion"}],"is_trial":false,"path_per_floor":["M","?","$","M","?","E","M","R","T","E","?","$","M","M","R","B",null,"M","M","M","$","M","R","M","R","T","E"],"character_chosen":"DEFECT","items_purchased":["Scrape","Dream Catcher","Glacier+1"],"campfire_rested":3,"item_purchase_floors":[12,12,21],"current_hp_per_floor":[75,68,68,68,61,61,61,61,61,37,37,37,37,35,57,22,75,67,50,25,25,11,33,10,32,32,0],"gold":126,"neow_bonus":"THREE_ENEMY_KILL","is_prod":false,"is_daily":false,"chose_seed":false,"campfire_upgraded":1,"win_rate":0,"timestamp":1564150004,"path_taken":["M","?","$","M","?","E","M","R","T","E","?","$","M","M","R","BOSS","M","?","M","$","M","R","M","R","T","E"],"build_version":"2019-07-17","purchased_purges":1,"victory":false,"max_hp_per_floor":[75,75,75,75,75,75,75,75,75,75,75,75,75,75,75,75,75,75,75,75,75,75,75,75,75,75,75],"card_choices":[{"not_picked":["Barrage","Conserve Battery"],"picked":"Gash","floor":1},{"not_picked":["Coolheaded","Compile Driver"],"picked":"Go for the Eyes","floor":4},{"not_picked":["Recycle","Stack"],"picked":"Seek","floor":6},{"not_picked":["Rip and Tear","Sweeping Beam","Compile Driver"],"picked":"SKIP","floor":7},{"not_picked":["Compile Driver","Biased Cognition+1"],"picked":"Steam","floor":10},{"not_picked":["Redo+1","Sweeping Beam"],"picked":"Hologram+1","floor":13},{"not_picked":["Steam Power+1","Blizzard","Doom and Gloom"],"picked":"SKIP","floor":14},{"not_picked":["Electrodynamics+1","Meteor Strike"],"picked":"All For One","floor":16},{"not_picked":["Conserve Battery+1","Beam Cell","Doom and Gloom"],"picked":"SKIP","floor":18},{"not_picked":["Streamline+1","Recycle+1","Cold Snap"],"picked":"SKIP","floor":19},{"not_picked":["Lockon+1","Multi-Cast+1","FTL+1"],"picked":"SKIP","floor":20},{"not_picked":["Coolheaded+1","Turbo+1"],"picked":"Go for the Eyes+1","floor":22},{"not_picked":["Biased Cognition+1","Redo+1","Compile Driver"],"picked":"SKIP","floor":24}],"player_experience":158924,"relics_obtained":[{"floor":6,"key":"Bag of Marbles"},{"floor":9,"key":"Frozen Egg 2"},{"floor":10,"key":"Toxic Egg 2"},{"floor":26,"key":"Darkstone Periapt"}],"event_choices":[{"cards_removed":["Strike_B"],"damage_healed":0,"gold_gain":0,"player_choice":"Card Removal","damage_taken":7,"max_hp_gain":0,"max_hp_loss":0,"event_name":"Golden Wing","floor":2,"gold_loss":0},{"damage_healed":0,"gold_gain":0,"player_choice":"Success","damage_taken":7,"relics_obtained":["Tiny Chest"],"max_hp_gain":0,"max_hp_loss":0,"event_name":"Scrap Ooze","floor":5,"gold_loss":0},{"cards_removed":["Strike_B"],"damage_healed":0,"gold_gain":0,"player_choice":"Offered Basic","damage_taken":0,"max_hp_gain":0,"max_hp_loss":0,"event_name":"Bonfire Elementals","floor":11,"gold_loss":0}],"is_beta":false,"boss_relics":[{"not_picked":["Snecko Eye","Fusion Hammer"],"picked":"White Beast Statue"}],"items_purged_floors":[3],"is_endless":false,"potions_floor_spawned":[7,10,13,16,18,19,20,22,24],"killed_by":"Slavers","ascension_level":3}