{"gold_per_floor":[368,368,368,381,193,236,312,350,350,373,373,392,5,30,30,159,159,177,197,19,39,39,39,39,63,63,63,27,67,82,97,97,226,226,245,264,287,287,16,16,29,65,114,114,130,130,143,107,107,107],"floor_reached":51,"playtime":2338,"items_purged":["Injury","Strike_G","Shame"],"score":790,"play_id":"71cf6719-ff5f-46ff-a9f3-69379b98d78f","local_time":"20190114035010","is_ascension_mode":true,"campfire_choices":[{"floor":11,"key":"REST"},{"data":"A Thousand Cuts","floor":15,"key":"SMITH"},{"data":"After Image","floor":23,"key":"SMITH"},{"floor":27,"key":"REST"},{"data":"Noxious Fumes","floor":32,"key":"SMITH"},{"data":"Doppelganger","floor":40,"key":"SMITH"},{"data":"Footwork","floor":44,"key":"SMITH"},{"data":"Footwork","floor":46,"key":"SMITH"},{"data":"Caltrops","floor":49,"key":"SMITH"}],"neow_cost":"TEN_PERCENT_HP_LOSS","seed_source_timestamp":21743135268302,"circlet_count":0,"master_deck":["Defend_G","Defend_G","Defend_G","Defend_G","Defend_G","Strike_G","Strike_G","Strike_G","Strike_G","Survivor","Neutralize","Terror","Flying Knee+1","Caltrops+1","Dash+1","Catalyst","A Thousand Cuts+1","Quick Slash+1","Flying Knee+1","Outmaneuver","Noxious Fumes+1","Backflip","Deflect","After Image+1","Footwork+1","Decay","Cloak And Dagger+1","Footwork+1","Crippling Poison","Backstab+1","Crippling Poison","Doppelganger+1","Backflip","Blade Dance","Cloak And Dagger","Sucker Punch+1","Pain","Acrobatics+1","Caltrops"],"relics":["Ring of the Snake","Molten Egg 2","Golden Idol","Pear","Letter Opener","Bird Faced Urn","Toy Ornithopter","Busted Crown","Question Card","Dodecahedron","Cursed Key","Oddly Smooth Stone","Snake Skull","FossilizedHelix","Vajra"],"potions_floor_usage":[8,14,16,18,19,21,21,29,31,36,50],"damage_taken":[{"damage":0,"enemies":"Small Slimes","floor":1,"turns":3},{"damage":0,"enemies":"Jaw Worm","floor":4,"turns":3},{"damage":4,"enemies":"Lagavulin","floor":6,"turns":7},{"damage":29,"enemies":"Lagavulin Event","floor":7,"turns":6},{"damage":13,"enemies":"3 Sentries","floor":8,"turns":8},{"damage":1,"enemies":"Cultist","floor":10,"turns":3},{"damage":7,"enemies":"Large Slime","floor":12,"turns":5},{"damage":4,"enemies":"Gremlin Gang","floor":14,"turns":2},{"damage":37,"enemies":"The Guardian","floor":16,"turns":9},{"damage":6,"enemies":"Chosen","floor":18,"turns":5},{"damage":0,"enemies":"Spheric Guardian","floor":19,"turns":4},{"damage":18,"enemies":"Centurion and Healer","floor":21,"turns":6},{"damage":26,"enemies":"Snake Plant","floor":25,"turns":6},{"damage":12,"enemies":"Book of Stabbing","floor":29,"turns":6},{"damage":40,"enemies":"Chosen and Byrds","floor":30,"turns":9},{"damage":1,"enemies":"Snecko","floor":31,"turns":6},{"damage":26,"enemies":"Automaton","floor":33,"turns":9},{"damage":0,"enemies":"3 Shapes","floor":35,"turns":3},{"damage":0,"enemies":"3 Darklings","floor":36,"turns":5},{"damage":14,"enemies":"Jaw Worm Horde","floor":41,"turns":5},{"damage":9,"enemies":"Reptomancer","floor":42,"turns":6},{"damage":4,"enemies":"Maw","floor":45,"turns":7},{"damage":11,"enemies":"Sphere and 2 Shapes","floor":47,"turns":5},{"damage":42,"enemies":"Awakened One","floor":50,"turns":12}],"seed_played":"6682132235285383114","potions_obtained":[{"floor":7,"key":"GamblersBrew"},{"floor":10,"key":"Block Potion"},{"floor":12,"key":"Explosive Potion"},{"floor":16,"key":"AttackPotion"},{"floor":18,"key":"GhostInAJar"},{"floor":25,"key":"Poison Potion"},{"floor":30,"key":"Swift Potion"},{"floor":35,"key":"Fire Potion"},{"floor":45,"key":"SpeedPotion"},{"floor":47,"key":"FearPotion"}],"is_trial":false,"path_per_floor":["M","?","?","M","$","E","?","E","T","M","R","M","$","M","R","B",null,"M","M","$","M","?","R","?","M","T","R","$","E","M","M","R","B",null,"M","M","T","?","$","R","M","E","T","R","M","R","M","$","R","B",null],"character_chosen":"THE_SILENT","items_purchased":["Caltrops","Dash+1","Noxious Fumes","Toy Ornithopter","Backflip","Footwork","Poison Potion","AttackPotion","Footwork","Snake Skull","Caltrops"],"campfire_rested":2,"item_purchase_floors":[5,5,13,13,13,20,20,20,28,39,48],"current_hp_per_floor":[63,51,51,51,51,57,28,15,15,16,37,34,34,37,37,11,73,68,73,73,60,60,60,60,44,44,65,65,67,39,51,51,37,73,73,73,73,73,73,73,65,68,68,68,69,69,64,64,64,41],"gold":107,"neow_bonus":"TWO_FIFTY_GOLD","is_prod":false,"is_daily":false,"chose_seed":false,"campfire_upgraded":7,"win_rate":0,"timestamp":1547425210,"path_taken":["M","?","?","M","$","E","?","E","T","M","R","M","?","M","R","BOSS","M","M","$","M","?","R","?","M","T","R","$","E","M","M","R","BOSS","M","M","?","?","$","R","M","E","T","R","M","R","?","$","R","BOSS"],"build_version":"2019-01-10","purchased_purges":3,"victory":true,"max_hp_per_floor":[63,63,63,63,63,73,73,73,73,73,73,73,73,73,73,73,73,73,73,73,73,73,73,73,73,73,73,73,73,73,73,73,73,73,73,73,73,73,73,73,73,73,73,73,73,73,73,73,73,73],"card_choices":[{"not_picked":["Dodge and Roll","Acrobatics"],"picked":"Terror","floor":1},{"not_picked":["Cloak And Dagger","Outmaneuver"],"picked":"Flying Knee+1","floor":4},{"not_picked":["Underhanded Strike+1","Reflex"],"picked":"Catalyst","floor":6},{"not_picked":["Backflip","Dagger Spray+1"],"picked":"A Thousand Cuts","floor":7},{"not_picked":["Deadly Poison","Calculated Gamble"],"picked":"Quick Slash+1","floor":8},{"not_picked":["Calculated Gamble","Dagger Throw+1"],"picked":"Flying Knee+1","floor":10},{"not_picked":["Leg Sweep","PiercingWail"],"picked":"Outmaneuver","floor":12},{"not_picked":["Leg Sweep","Flechettes+1"],"picked":"Deflect","floor":14},{"not_picked":["Bullet Time","Malaise"],"picked":"After Image","floor":16},{"not_picked":["Deadly Poison"],"picked":"SKIP","floor":18},{"not_picked":["Riddle With Holes+1"],"picked":"SKIP","floor":19},{"not_picked":["Underhanded Strike+1"],"picked":"SKIP","floor":21},{"not_picked":[],"picked":"Cloak And Dagger+1","floor":25},{"not_picked":["PiercingWail"],"picked":"Crippling Poison","floor":29},{"not_picked":["Dagger Spray+1"],"picked":"Backstab+1","floor":30},{"not_picked":["Deadly Poison"],"picked":"Crippling Poison","floor":31},{"not_picked":["Night Terror"],"picked":"Doppelganger","floor":33},{"not_picked":["Accuracy+1"],"picked":"Backflip","floor":35},{"not_picked":["Slice+1"],"picked":"Blade Dance","floor":36},{"not_picked":["Choke+1"],"picked":"Cloak And Dagger","floor":41},{"not_picked":["Underhanded Strike+1"],"picked":"Sucker Punch+1","floor":42},{"not_picked":["Malaise"],"picked":"Acrobatics+1","floor":45},{"not_picked":["Crippling Poison+1","Bane+1"],"picked":"SKIP","floor":47}],"player_experience":428476,"relics_obtained":[{"floor":6,"key":"Pear"},{"floor":7,"key":"Letter Opener"},{"floor":8,"key":"Bird Faced Urn"},{"floor":26,"key":"Question Card"},{"floor":29,"key":"Dodecahedron"},{"floor":37,"key":"Oddly Smooth Stone"},{"floor":42,"key":"FossilizedHelix"},{"floor":43,"key":"Vajra"}],"event_choices":[{"damage_healed":0,"gold_gain":0,"player_choice":"Success","damage_taken":12,"relics_obtained":["Molten Egg 2"],"max_hp_gain":0,"max_hp_loss":0,"event_name":"Scrap Ooze","floor":2,"gold_loss":0},{"damage_healed":0,"gold_gain":0,"player_choice":"Take Wound","damage_taken":0,"relics_obtained":["Golden Idol"],"max_hp_gain":0,"max_hp_loss":0,"event_name":"Golden Idol","floor":3,"gold_loss":0,"cards_obtained":["Injury"]},{"damage_healed":0,"gold_gain":0,"player_choice":"Searched \u00271\u0027 times","damage_taken":0,"max_hp_gain":0,"max_hp_loss":0,"event_name":"Dead Adventurer","floor":7,"gold_loss":0},{"damage_healed":0,"gold_gain":0,"player_choice":"Ignored","damage_taken":0,"max_hp_gain":0,"max_hp_loss":0,"event_name":"Cursed Tome","floor":22,"gold_loss":0},{"damage_healed":0,"gold_gain":0,"player_choice":"Cursed","damage_taken":0,"max_hp_gain":0,"max_hp_loss":0,"event_name":"Wheel of Change","floor":24,"gold_loss":0,"cards_obtained":["Decay"]},{"damage_healed":0,"gold_gain":0,"player_choice":"Ignored","damage_taken":0,"max_hp_gain":0,"max_hp_loss":0,"event_name":"SecretPortal","floor":38,"gold_loss":0}],"is_beta":true,"boss_relics":[{"not_picked":["Fusion Hammer","Pandora\u0027s Box"],"picked":"Busted Crown"},{"not_picked":["White Beast Statue","Snecko Eye"],"picked":"Cursed Key"}],"items_purged_floors":[5,13,39],"is_endless":false,"potions_floor_spawned":[7,10,12,16,18,25,30,35,45,47],"ascension_level":1}