{"gold_per_floor":[17,33,47,60,8,8,25,41,41,41,55,1,1,176,176,176],"floor_reached":16,"playtime":735,"items_purged":[],"score":94,"play_id":"4e63cfa6-de77-4e88-814e-2ddee818cea3","local_time":"20190111045015","is_ascension_mode":false,"campfire_choices":[{"data":"Backflip","floor":6,"key":"SMITH"},{"data":"Neutralize","floor":10,"key":"SMITH"},{"data":"Tactician","floor":15,"key":"SMITH"}],"neow_cost":"NO_GOLD","seed_source_timestamp":92148630832673,"circlet_count":0,"master_deck":["Defend_G","Defend_G","Defend_G","Defend_G","Strike_G","Strike_G","Strike_G","Strike_G","Survivor","Neutralize+1","Tactician+1","Flying Knee","PiercingWail","Underhanded Strike","Backflip+1","Noxious Fumes","Blade Dance","Acrobatics+1","Prepared","Doubt"],"relics":["Ring of the Snake","Darkstone Periapt"],"potions_floor_usage":[4,11],"damage_taken":[{"damage":1,"enemies":"Cultist","floor":1,"turns":4},{"damage":0,"enemies":"Jaw Worm","floor":2,"turns":5},{"damage":0,"enemies":"Small Slimes","floor":3,"turns":4},{"damage":2,"enemies":"Looter","floor":4,"turns":4},{"damage":0,"enemies":"Red Slaver","floor":7,"turns":6},{"damage":0,"enemies":"Blue Slaver","floor":8,"turns":4},{"damage":3,"enemies":"Gremlin Gang","floor":11,"turns":5},{"damage":74,"enemies":"Slime Boss","floor":16,"turns":10}],"seed_played":"-1650511709967279062","potions_obtained":[{"floor":2,"key":"SkillPotion"},{"floor":3,"key":"Explosive Potion"}],"is_trial":false,"path_per_floor":["M","M","M","M","$","R","M","M","T","R","M","$","?","?","R","B"],"character_chosen":"THE_SILENT","items_purchased":["Backflip","Prepared"],"campfire_rested":0,"item_purchase_floors":[5,12],"current_hp_per_floor":[69,69,69,67,67,67,67,67,67,67,64,64,64,70,70,0],"gold":176,"neow_bonus":"REMOVE_TWO","is_prod":false,"is_daily":false,"chose_seed":false,"campfire_upgraded":3,"win_rate":0,"timestamp":1547169615,"path_taken":["M","M","M","M","?","R","M","M","T","R","M","?","?","?","R","BOSS"],"build_version":"2019-01-09","purchased_purges":0,"victory":false,"max_hp_per_floor":[70,70,70,70,70,70,70,70,70,70,70,70,70,76,76,76],"card_choices":[{"not_picked":["Poisoned Stab","Dodge and Roll"],"picked":"Tactician","floor":1},{"not_picked":["Deflect","Slice"],"picked":"Flying Knee","floor":2},{"not_picked":["Dagger Spray","Slice"],"picked":"PiercingWail","floor":3},{"not_picked":["Eviscerate","Flying Knee"],"picked":"Underhanded Strike","floor":4},{"not_picked":["Dodge and Roll","Quick Slash"],"picked":"Noxious Fumes","floor":7},{"not_picked":["Masterful Stab","Tools of the Trade"],"picked":"Blade Dance","floor":8},{"not_picked":["Escape Plan","Endless Agony"],"picked":"Acrobatics","floor":11}],"player_experience":353274,"relics_obtained":[{"floor":9,"key":"Darkstone Periapt"}],"event_choices":[{"damage_healed":0,"gold_gain":0,"player_choice":"Grow","damage_taken":0,"max_hp_gain":0,"max_hp_loss":0,"event_name":"Living Wall","floor":13,"gold_loss":0,"cards_upgraded":["Acrobatics"]},{"damage_healed":0,"gold_gain":175,"player_choice":"AGREE","damage_taken":0,"max_hp_gain":0,"max_hp_loss":0,"event_name":"Liars Game","floor":14,"gold_loss":0,"cards_obtained":["Doubt"]}],"is_beta":true,"boss_relics":[],"items_purged_floors":[],"is_endless":false,"potions_floor_spawned":[2,3],"killed_by":"Slime Boss","ascension_level":0}