{"gold_per_floor":[114,127,137,137,147,147,163,163,186,186,250,282,294],"floor_reached":13,"playtime":426,"items_purged":[],"score":77,"play_id":"828d70e1-8032-4c27-aebd-9c4de1c326a0","local_time":"20190111181133","is_ascension_mode":false,"campfire_choices":[{"data":"Tactician","floor":6,"key":"SMITH"},{"data":"Neutralize","floor":8,"key":"SMITH"}],"neow_cost":"NONE","seed_source_timestamp":140536201121427,"circlet_count":0,"master_deck":["Defend_G","Defend_G","Defend_G","Defend_G","Defend_G","Strike_G","Strike_G","Strike_G","Strike_G","Strike_G","Survivor","Neutralize+1","Crippling Poison","Tactician+1","Reflex+1","Blade Dance","Outmaneuver","Regret","Cloak And Dagger"],"relics":["Ring of the Snake","NeowsBlessing","MawBank","Omamori"],"potions_floor_usage":[12,13,13,13],"damage_taken":[{"damage":0,"enemies":"Cultist","floor":1,"turns":1},{"damage":0,"enemies":"2 Louse","floor":2,"turns":1},{"damage":0,"enemies":"Small Slimes","floor":3,"turns":1},{"damage":5,"enemies":"Blue Slaver","floor":5,"turns":5},{"damage":0,"enemies":"3 Louse","floor":7,"turns":3},{"damage":6,"enemies":"Red Slaver","floor":12,"turns":5},{"damage":74,"enemies":"Lagavulin","floor":13,"turns":17}],"seed_played":"-7472077357358289350","potions_obtained":[{"floor":3,"key":"EssenceOfSteel"},{"floor":5,"key":"Energy Potion"},{"floor":7,"key":"Regen Potion"},{"floor":12,"key":"SpeedPotion"}],"is_trial":false,"path_per_floor":["M","M","M","?","M","R","M","R","T","?","T","M","E"],"character_chosen":"THE_SILENT","items_purchased":[],"campfire_rested":0,"item_purchase_floors":[],"current_hp_per_floor":[70,70,70,70,65,65,65,65,65,65,65,59,0],"gold":294,"neow_bonus":"THREE_ENEMY_KILL","is_prod":false,"is_daily":false,"chose_seed":false,"campfire_upgraded":2,"win_rate":0,"timestamp":1547217693,"path_taken":["M","?","M","?","?","R","M","R","T","?","?","M","E"],"build_version":"2019-01-09","purchased_purges":0,"victory":false,"max_hp_per_floor":[70,70,70,70,70,70,70,70,70,70,70,70,70],"card_choices":[{"not_picked":["Outmaneuver","Poisoned Stab"],"picked":"Crippling Poison","floor":1},{"not_picked":["Predator","All Out Attack"],"picked":"Tactician","floor":2},{"not_picked":["Infinite Blades","Sucker Punch"],"picked":"Reflex","floor":3},{"not_picked":["Quick Slash","Distraction"],"picked":"Blade Dance","floor":5},{"not_picked":["Flechettes","Catalyst"],"picked":"Outmaneuver","floor":7},{"not_picked":["Underhanded Strike","Skewer"],"picked":"Cloak And Dagger","floor":12}],"player_experience":359025,"relics_obtained":[{"floor":11,"key":"Omamori"}],"event_choices":[{"damage_healed":0,"gold_gain":0,"player_choice":"Upgraded","damage_taken":0,"max_hp_gain":0,"max_hp_loss":0,"event_name":"Upgrade Shrine","floor":4,"gold_loss":0,"cards_upgraded":["Reflex"]},{"damage_healed":0,"gold_gain":0,"player_choice":"Box","damage_taken":0,"relics_obtained":["MawBank"],"max_hp_gain":0,"max_hp_loss":0,"event_name":"Big Fish","floor":10,"gold_loss":0,"cards_obtained":["Regret"]}],"is_beta":true,"boss_relics":[],"items_purged_floors":[],"is_endless":false,"potions_floor_spawned":[3,5,7,12],"killed_by":"Lagavulin","ascension_level":0}