{"gold_per_floor":[118,129,144,144,31,62,82,101,124,124,137,151,204,104,104,232,232,245,245,245,258,133,133,162,162,162,162,162],"floor_reached":28,"playtime":1545,"items_purged":["Strike_R","Strike_R","Strike_R"],"score":262,"play_id":"a728baeb-3396-48f0-a308-c9767e18802f","local_time":"20190720180852","is_ascension_mode":true,"campfire_choices":[{"data":"Searing Blow","floor":10,"key":"SMITH"},{"floor":15,"key":"REST"},{"data":"Searing Blow+1","floor":23,"key":"SMITH"},{"data":"Searing Blow+2","floor":27,"key":"SMITH"}],"neow_cost":"NONE","seed_source_timestamp":803248287811700,"circlet_count":0,"master_deck":["Strike_R","Defend_R","Defend_R","Defend_R","Defend_R","Bash","Armaments","Disarm","Searing Blow+3","Spot Weakness","Armaments","Armaments","Double Tap","Dual Wield"],"relics":["Burning Blood","NeowsBlessing","Bloody Idol","Letter Opener","Orichalcum","Art of War","Busted Crown","Potion Belt","Kunai"],"potions_floor_usage":[6,6,11,21,24,24],"damage_taken":[{"damage":0,"enemies":"Cultist","floor":1,"turns":1},{"damage":0,"enemies":"2 Louse","floor":2,"turns":1},{"damage":0,"enemies":"Jaw Worm","floor":3,"turns":1},{"damage":41,"enemies":"3 Sentries","floor":6,"turns":11},{"damage":17,"enemies":"Exordium Wildlife","floor":7,"turns":9},{"damage":3,"enemies":"3 Louse","floor":8,"turns":6},{"damage":10,"enemies":"Exordium Thugs","floor":11,"turns":6},{"damage":26,"enemies":"Gremlin Gang","floor":12,"turns":5},{"damage":25,"enemies":"The Guardian","floor":16,"turns":13},{"damage":8,"enemies":"Chosen","floor":18,"turns":8},{"damage":27,"enemies":"2 Thieves","floor":21,"turns":5},{"damage":40,"enemies":"Slavers","floor":24,"turns":6},{"damage":38,"enemies":"Gremlin Leader","floor":28,"turns":7}],"seed_played":"1368767677491463592","potions_obtained":[{"floor":1,"key":"SkillPotion"},{"floor":3,"key":"Poison Potion"},{"floor":7,"key":"BloodPotion"},{"floor":12,"key":"Ancient Potion"},{"floor":16,"key":"Fire Potion"},{"floor":21,"key":"AttackPotion"}],"is_trial":false,"path_per_floor":["M","M","M","?","$","E","M","M","T","R","M","M","T","$","R","B",null,"M","?","?","M","$","R","E","?","T","R","E"],"character_chosen":"IRONCLAD","items_purchased":["Searing Blow"],"campfire_rested":1,"item_purchase_floors":[5],"current_hp_per_floor":[80,80,80,60,60,25,14,17,17,17,33,13,13,13,37,18,80,78,78,78,67,67,67,38,38,38,38,0],"gold":162,"neow_bonus":"THREE_ENEMY_KILL","is_prod":false,"is_daily":false,"chose_seed":false,"campfire_upgraded":3,"win_rate":0,"timestamp":1563628132,"path_taken":["M","M","?","?","$","E","M","M","T","R","M","M","?","?","R","BOSS","M","?","?","M","$","R","E","?","T","R","E"],"build_version":"2019-07-17","purchased_purges":3,"victory":false,"max_hp_per_floor":[80,80,80,80,80,80,80,80,80,80,80,80,80,80,80,80,80,80,80,80,80,80,80,80,80,80,80,80],"card_choices":[{"not_picked":["Pummel","Havoc"],"picked":"Armaments","floor":1},{"not_picked":["Headbutt","Anger"],"picked":"Disarm","floor":2},{"not_picked":["Pommel Strike","Sword Boomerang","Twin Strike"],"picked":"SKIP","floor":3},{"not_picked":["Clash","Twin Strike","Shockwave"],"picked":"SKIP","floor":6},{"not_picked":["Cleave","Uppercut"],"picked":"Spot Weakness","floor":7},{"not_picked":["Rage","Pommel Strike"],"picked":"Armaments","floor":8},{"not_picked":["Flex","Immolate"],"picked":"Armaments","floor":11},{"not_picked":["Dropkick","Heavy Blade","Shockwave"],"picked":"SKIP","floor":12},{"not_picked":["Demon Form","Dark Embrace"],"picked":"Double Tap","floor":16},{"not_picked":["Fire Breathing"],"picked":"SKIP","floor":18},{"not_picked":["Sword Boomerang"],"picked":"SKIP","floor":21},{"not_picked":[],"picked":"Dual Wield","floor":24}],"player_experience":142698,"relics_obtained":[{"floor":6,"key":"Letter Opener"},{"floor":9,"key":"Orichalcum"},{"floor":13,"key":"Art of War"},{"floor":24,"key":"Potion Belt"},{"floor":26,"key":"Kunai"}],"event_choices":[{"damage_healed":0,"gold_gain":0,"player_choice":"Take Damage","damage_taken":20,"relics_obtained":["Golden Idol"],"max_hp_gain":0,"max_hp_loss":0,"event_name":"Golden Idol","floor":4,"gold_loss":0},{"damage_healed":0,"gold_gain":0,"player_choice":"Gave Idol","damage_taken":0,"relics_obtained":["Bloody Idol"],"max_hp_gain":0,"max_hp_loss":0,"event_name":"Forgotten Altar","floor":19,"relics_lost":["Golden Idol"],"gold_loss":0},{"cards_removed":["Strike_R"],"damage_healed":0,"gold_gain":0,"player_choice":"Elegance","damage_taken":0,"max_hp_gain":0,"max_hp_loss":0,"event_name":"Back to Basics","floor":20,"gold_loss":0},{"damage_healed":0,"gold_gain":0,"player_choice":"Ignored","damage_taken":0,"max_hp_gain":0,"max_hp_loss":0,"event_name":"N\u0027loth","floor":25,"gold_loss":0}],"is_beta":false,"boss_relics":[{"not_picked":["Lizard Tail","Runic Dome"],"picked":"Busted Crown"}],"items_purged_floors":[5,14,22],"is_endless":false,"potions_floor_spawned":[1,3,7,12,16,21],"killed_by":"Gremlin Leader","ascension_level":2}