{"gold_per_floor":[366,378,395,395,117,117,135,135,135,149,119,294,323,323,323,419,419,429,255,255,43,43,43,59,59,59,74,74,74,74,1,1,105,105,118,118,0,17,36,50,50,60,60,12,12,27,27,53,53,53,53,53,53,81,81],"floor_reached":55,"playtime":3439,"items_purged":["Strike_G","Doubt","Parasite"],"score":718,"play_id":"0d1f0cbd-263c-433a-83ec-52df2694111f","local_time":"20190108200053","is_ascension_mode":false,"campfire_choices":[{"floor":6,"key":"REST"},{"data":"Neutralize","floor":8,"key":"SMITH"},{"floor":15,"key":"REST"},{"data":"Setup","floor":23,"key":"SMITH"},{"data":"Malaise","floor":28,"key":"SMITH"},{"data":"Accuracy","floor":30,"key":"SMITH"},{"data":"Infinite Blades","floor":32,"key":"SMITH"},{"data":"Adrenaline","floor":41,"key":"SMITH"},{"floor":45,"key":"REST"},{"floor":49,"key":"RECALL"},{"data":"Envenom","floor":52,"key":"SMITH"}],"neow_cost":"PERCENT_DAMAGE","seed_source_timestamp":2536719791326,"circlet_count":0,"master_deck":["Defend_G","Defend_G","Defend_G","Strike_G","Strike_G","Strike_G","Survivor","Neutralize+1","Caltrops","Deflect","Leg Sweep","Poisoned Stab","Burst","Calculated Gamble","Blade Dance","Crippling Poison","Malaise+1","Calculated Gamble","Setup+1","Accuracy+1","Cloak And Dagger","Corpse Explosion","Backflip","Slice","Outmaneuver","Infinite Blades+1","Adrenaline+1","Backstab+1","Deadly Poison+1","Endless Agony+1","Envenom+1","Blade Dance","Outmaneuver+1","Footwork+1","Finisher+1"],"relics":["Ring of the Snake","ClockworkSouvenir","Unceasing Top","HoveringKite","Tough Bandages","Matryoshka","Philosopher\u0027s Stone","Red Mask","Kunai","Mercury Hourglass","Darkstone Periapt","Snake Skull"],"potions_floor_usage":[13,16,33,33,39,48,50],"damage_taken":[{"damage":7,"enemies":"Jaw Worm","floor":1,"turns":7},{"damage":0,"enemies":"Cultist","floor":2,"turns":4},{"damage":3,"enemies":"Small Slimes","floor":3,"turns":5},{"damage":4,"enemies":"Blue Slaver","floor":7,"turns":4},{"damage":0,"enemies":"2 Fungi Beasts","floor":10,"turns":5},{"damage":0,"enemies":"Looter","floor":11,"turns":4},{"damage":42,"enemies":"3 Sentries","floor":13,"turns":15},{"damage":52,"enemies":"The Guardian","floor":16,"turns":18},{"damage":4,"enemies":"Chosen","floor":18,"turns":6},{"damage":9,"enemies":"2 Thieves","floor":24,"turns":3},{"damage":4,"enemies":"Snake Plant","floor":27,"turns":6},{"damage":20,"enemies":"Collector","floor":33,"turns":11},{"damage":0,"enemies":"Orb Walker","floor":35,"turns":4},{"damage":8,"enemies":"3 Shapes","floor":38,"turns":3},{"damage":12,"enemies":"3 Darklings","floor":39,"turns":3},{"damage":6,"enemies":"Maw","floor":40,"turns":8},{"damage":10,"enemies":"4 Shapes","floor":42,"turns":5},{"damage":0,"enemies":"Spire Growth","floor":46,"turns":4},{"damage":0,"enemies":"Giant Head","floor":48,"turns":6},{"damage":20,"enemies":"Awakened One","floor":50,"turns":13},{"damage":25,"enemies":"Shield and Spear","floor":54,"turns":4},{"damage":44,"enemies":"The Heart","floor":55,"turns":6}],"seed_played":"93242210193626671","potions_obtained":[{"floor":7,"key":"SpeedPotion"},{"floor":13,"key":"Regen Potion"},{"floor":16,"key":"Regen Potion"},{"floor":27,"key":"Explosive Potion"},{"floor":33,"key":"FearPotion"},{"floor":35,"key":"LiquidBronze"},{"floor":38,"key":"Regen Potion"}],"is_trial":false,"path_per_floor":["M","M","M","?","$","R","M","R","T","M","M","?","E","?","R","B",null,"M","$","?","$","?","R","M","T","T","M","R","?","R","$","R","B",null,"M","?","?","M","M","M","R","M","T","$","R","M","$","E","R","B",null,"R","$","E","B"],"character_chosen":"THE_SILENT","items_purchased":["ClockworkSouvenir","Setup","Accuracy","Cloak And Dagger","Infinite Blades","Blade Dance"],"campfire_rested":3,"item_purchase_floors":[5,19,21,21,31,44],"current_hp_per_floor":[42,42,39,39,39,60,56,56,56,56,56,56,14,31,52,15,70,66,66,66,66,66,66,57,57,57,53,53,41,41,41,41,36,72,72,68,68,60,48,42,42,32,32,32,52,52,52,52,52,47,68,68,68,43,0],"gold":81,"neow_bonus":"TWO_FIFTY_GOLD","is_prod":false,"is_daily":false,"chose_seed":false,"campfire_upgraded":7,"win_rate":0,"timestamp":1546965053,"path_taken":["M","M","M","?","?","R","?","R","T","M","M","?","E","?","R","BOSS","M","$","?","$","?","R","M","?","T","M","R","?","R","?","R","BOSS","M","?","?","M","M","M","R","M","T","$","R","M","$","E","R","BOSS","R","$","E","BOSS"],"build_version":"2019-01-03v4","purchased_purges":3,"victory":false,"max_hp_per_floor":[70,70,70,70,70,70,70,70,70,70,70,70,70,70,70,70,70,70,70,70,67,67,67,67,67,67,67,67,72,72,72,72,72,72,72,68,68,68,68,68,68,68,68,68,68,68,68,68,68,68,68,68,68,68,68],"card_choices":[{"not_picked":["Deflect","Underhanded Strike"],"picked":"Caltrops","floor":1},{"not_picked":["PiercingWail","Deadly Poison"],"picked":"Deflect","floor":2},{"not_picked":["Crippling Poison","Outmaneuver"],"picked":"Leg Sweep","floor":3},{"not_picked":["Prepared","Tactician"],"picked":"Burst","floor":7},{"not_picked":["Bane","Skewer"],"picked":"Calculated Gamble","floor":10},{"not_picked":["Concentrate","Cloak And Dagger"],"picked":"Blade Dance","floor":11},{"not_picked":["Masterful Stab","Dagger Spray"],"picked":"Crippling Poison","floor":13},{"not_picked":["Burst","Unload"],"picked":"Malaise","floor":16},{"not_picked":["Well Laid Plans","Backflip"],"picked":"Calculated Gamble","floor":18},{"not_picked":["Setup","Calculated Gamble+1"],"picked":"Slice","floor":24},{"not_picked":["Quick Slash","Poisoned Stab+1"],"picked":"Outmaneuver","floor":27},{"not_picked":["Die Die Die","Night Terror"],"picked":"Adrenaline","floor":33},{"not_picked":["Backflip+1","PiercingWail"],"picked":"Backstab+1","floor":35},{"not_picked":["Eviscerate+1","Bouncing Flask"],"picked":"Deadly Poison+1","floor":38},{"not_picked":["Backflip+1","Terror"],"picked":"Endless Agony+1","floor":39},{"not_picked":["Expertise","Flying Knee+1","PiercingWail+1"],"picked":"SKIP","floor":40},{"not_picked":["Blade Dance","Poisoned Stab+1"],"picked":"Envenom","floor":42},{"not_picked":["Deflect","Flechettes+1"],"picked":"Outmaneuver+1","floor":46},{"not_picked":["Predator+1","Concentrate"],"picked":"Footwork+1","floor":48},{"not_picked":["Deflect","Masterful Stab+1"],"picked":"Finisher+1","floor":54}],"player_experience":316180,"relics_obtained":[{"floor":13,"key":"Unceasing Top"},{"floor":25,"key":"Tough Bandages"},{"floor":26,"key":"Matryoshka"},{"floor":43,"key":"Kunai"},{"floor":43,"key":"Mercury Hourglass"},{"floor":48,"key":"Darkstone Periapt"},{"floor":54,"key":"Snake Skull"}],"event_choices":[{"damage_healed":0,"gold_gain":0,"cards_transformed":["Defend_G"],"player_choice":"Transformed","damage_taken":0,"max_hp_gain":0,"max_hp_loss":0,"event_name":"Transmorgrifier","floor":4,"gold_loss":0,"cards_obtained":["Poisoned Stab"]},{"damage_healed":0,"gold_gain":175,"player_choice":"AGREE","damage_taken":0,"max_hp_gain":0,"max_hp_loss":0,"event_name":"Liars Game","floor":12,"gold_loss":0,"cards_obtained":["Doubt"]},{"damage_healed":17,"gold_gain":0,"player_choice":"Healed and dodged fight","damage_taken":0,"max_hp_gain":0,"max_hp_loss":0,"event_name":"Mushrooms","floor":14,"gold_loss":0,"cards_obtained":["Parasite"]},{"damage_healed":0,"gold_gain":0,"player_choice":"Ignored","damage_taken":0,"max_hp_gain":0,"max_hp_loss":0,"event_name":"Vampires","floor":20,"gold_loss":0},{"damage_healed":0,"gold_gain":0,"cards_transformed":["Defend_G","Strike_G"],"player_choice":"Became Test Subject","damage_taken":0,"max_hp_gain":0,"max_hp_loss":0,"event_name":"Drug Dealer","floor":22,"gold_loss":0,"cards_obtained":["Corpse Explosion","Backflip"]},{"damage_healed":0,"gold_gain":0,"player_choice":"Shed Blood","damage_taken":17,"max_hp_gain":5,"max_hp_loss":0,"event_name":"Forgotten Altar","floor":29,"gold_loss":0},{"damage_healed":0,"gold_gain":0,"player_choice":"Max HP","damage_taken":0,"max_hp_gain":0,"max_hp_loss":4,"event_name":"Winding Halls","floor":36,"gold_loss":0},{"damage_healed":0,"gold_gain":0,"player_choice":"Paid","damage_taken":0,"relics_obtained":["Red Mask"],"max_hp_gain":0,"max_hp_loss":0,"event_name":"Tomb of Lord Red Mask","floor":37,"gold_loss":118}],"is_beta":true,"boss_relics":[{"not_picked":["Coffee Dripper","Black Star"],"picked":"HoveringKite"},{"not_picked":["Velvet Choker","Snecko Eye"],"picked":"Philosopher\u0027s Stone"}],"items_purged_floors":[5,19,21],"is_endless":false,"potions_floor_spawned":[7,13,16,27,33,35,38],"killed_by":"The Heart","ascension_level":0}