{"gold_per_floor":[117,131,8,8,21,21,54,65,65,82,82,47,66,85,85,188,188,201,170,170,185,202,202,227,227,252,269,282,293,148,148],"floor_reached":31,"playtime":1365,"items_purged":["Strike_B","Defend_B"],"score":276,"play_id":"4a7fc191-6014-49e9-be86-748d09984d79","local_time":"20181230190248","is_ascension_mode":true,"campfire_choices":[{"data":"Leap","floor":6,"key":"SMITH"},{"data":"Zap","floor":11,"key":"SMITH"},{"data":"Stack","floor":15,"key":"SMITH"},{"floor":23,"key":"REST"},{"floor":25,"key":"REST"}],"neow_cost":"NONE","seed_source_timestamp":1679398129472,"circlet_count":0,"master_deck":["Strike_B","Strike_B","Strike_B","Defend_B","Defend_B","Defend_B","Zap+1","Dualcast","Turbo","Leap+1","Sweeping Beam","Loop","Darkness","Hologram","Stack+1","Ball Lightning","Multi-Cast","Glacier","Capacitor","Glacier+1","Consume","Beam Cell","Echo Form","Skim","Cold Snap"],"relics":["Nuclear Battery","Girya","Sundial","Velvet Choker","MutagenicStrength","Dodecahedron","Bronze Scales"],"potions_floor_usage":[7,7,7,10,14,22,24,31],"damage_taken":[{"damage":6,"enemies":"Jaw Worm","floor":1,"turns":4},{"damage":8,"enemies":"Cultist","floor":2,"turns":5},{"damage":10,"enemies":"Small Slimes","floor":5,"turns":4},{"damage":10,"enemies":"3 Sentries","floor":7,"turns":7},{"damage":2,"enemies":"Blue Slaver","floor":8,"turns":5},{"damage":1,"enemies":"Lots of Slimes","floor":10,"turns":3},{"damage":0,"enemies":"Gremlin Gang","floor":13,"turns":4},{"damage":0,"enemies":"3 Louse","floor":14,"turns":1},{"damage":20,"enemies":"Slime Boss","floor":16,"turns":8},{"damage":9,"enemies":"Spheric Guardian","floor":18,"turns":4},{"damage":9,"enemies":"2 Thieves","floor":19,"turns":5},{"damage":22,"enemies":"Centurion and Healer","floor":21,"turns":9},{"damage":21,"enemies":"Cultist and Chosen","floor":22,"turns":8},{"damage":19,"enemies":"Book of Stabbing","floor":24,"turns":7},{"damage":9,"enemies":"Snake Plant","floor":27,"turns":4},{"damage":20,"enemies":"Chosen and Byrds","floor":28,"turns":7},{"damage":5,"enemies":"Cultist and Chosen","floor":29,"turns":4},{"damage":18,"enemies":"3 Cultists","floor":31,"turns":3}],"seed_played":"-1353455364389171090","potions_obtained":[{"floor":1,"key":"FearPotion"},{"floor":4,"key":"EssenceOfSteel"},{"floor":4,"key":"Weak Potion"},{"floor":4,"key":"Fire Potion"},{"floor":8,"key":"Block Potion"},{"floor":13,"key":"Explosive Potion"},{"floor":19,"key":"FairyPotion"},{"floor":21,"key":"AttackPotion"},{"floor":22,"key":"Weak Potion"},{"floor":24,"key":"Dexterity Potion"},{"floor":29,"key":"FocusPotion"}],"is_trial":false,"path_per_floor":["M","M","$","?","M","R","E","M","T","M","R","?","M","M","R","B",null,"M","M","?","M","M","R","E","R","T","M","M","M","$","M"],"character_chosen":"DEFECT","items_purchased":["Leap","Cold Snap"],"campfire_rested":2,"item_purchase_floors":[3,30],"current_hp_per_floor":[69,61,61,61,51,51,41,39,39,38,38,56,56,56,56,36,75,66,57,57,35,14,36,17,39,39,30,10,5,5,0],"gold":148,"neow_bonus":"BOSS_RELIC","is_prod":false,"is_daily":false,"chose_seed":false,"campfire_upgraded":3,"win_rate":0,"timestamp":1546183968,"path_taken":["M","M","$","?","?","R","E","M","T","M","R","?","M","M","R","BOSS","M","M","?","M","M","R","E","R","T","M","M","M","$","M"],"build_version":"2018-12-25","purchased_purges":2,"victory":false,"max_hp_per_floor":[75,75,75,75,75,75,75,75,75,75,75,75,75,75,75,75,75,75,75,75,75,75,75,75,75,75,75,75,75,75,75],"card_choices":[{"not_picked":["Darkness","Cold Snap"],"picked":"Turbo","floor":1},{"not_picked":["Hologram","Barrage","Go for the Eyes"],"picked":"SKIP","floor":2},{"not_picked":["Turbo","Doom and Gloom"],"picked":"Sweeping Beam","floor":5},{"not_picked":["Beam Cell","Seek"],"picked":"Loop","floor":7},{"not_picked":["Sweeping Beam","Melter"],"picked":"Darkness","floor":8},{"not_picked":["Go for the Eyes","Doom and Gloom"],"picked":"Hologram","floor":10},{"not_picked":["Compile Driver","Chaos"],"picked":"Stack","floor":13},{"not_picked":["Streamline","FTL"],"picked":"Ball Lightning","floor":14},{"not_picked":["Thunder Strike","Biased Cognition"],"picked":"Multi-Cast","floor":16},{"not_picked":["Barrage+1","Steam"],"picked":"Glacier","floor":18},{"not_picked":["Compile Driver+1","Auto Shields"],"picked":"Capacitor","floor":19},{"not_picked":["Ball Lightning+1","Beam Cell+1"],"picked":"Glacier+1","floor":21},{"not_picked":["Streamline","Reboot"],"picked":"Consume","floor":22},{"not_picked":["Fusion+1","Barrage","Turbo"],"picked":"SKIP","floor":24},{"not_picked":["Darkness","Barrage"],"picked":"Beam Cell","floor":27},{"not_picked":["Stack","Cold Snap"],"picked":"Echo Form","floor":28},{"not_picked":["Turbo+1","Streamline"],"picked":"Skim","floor":29}],"player_experience":282238,"relics_obtained":[{"floor":7,"key":"Girya"},{"floor":9,"key":"Sundial"},{"floor":24,"key":"Dodecahedron"},{"floor":26,"key":"Bronze Scales"}],"event_choices":[{"damage_healed":0,"gold_gain":0,"player_choice":"Got Potions","damage_taken":0,"max_hp_gain":0,"max_hp_loss":0,"event_name":"Lab","floor":4,"gold_loss":0},{"damage_healed":18,"gold_gain":0,"player_choice":"Healed","damage_taken":0,"max_hp_gain":0,"max_hp_loss":0,"event_name":"The Cleric","floor":12,"gold_loss":35},{"damage_healed":0,"gold_gain":0,"player_choice":"Inject Mutagens","damage_taken":0,"relics_obtained":["MutagenicStrength"],"max_hp_gain":0,"max_hp_loss":0,"event_name":"Drug Dealer","floor":20,"gold_loss":0}],"is_beta":true,"boss_relics":[{"not_picked":["Snecko Eye","Coffee Dripper"],"picked":"Velvet Choker"}],"items_purged_floors":[3,30],"is_endless":false,"potions_floor_spawned":[1,8,13,19,21,22,24,29],"killed_by":"3 Cultists","ascension_level":1}