{"gold_per_floor":[119,131,149,161,178,178,12,42,42,53,65,99,99,99,99,203,203,220,233,233,252,20,20,36,12,35,52,52,65,65],"floor_reached":30,"playtime":2937,"items_purged":[],"score":236,"play_id":"c1624732-0227-4f53-96f8-d47be53b5902","local_time":"20190627181134","is_ascension_mode":false,"campfire_choices":[{"data":"Rampage","floor":6,"key":"SMITH"},{"floor":13,"key":"REST"},{"data":"Metamorphosis","floor":15,"key":"SMITH"},{"floor":23,"key":"REST"},{"floor":28,"key":"REST"}],"neow_cost":"NONE","seed_source_timestamp":3865443753600,"circlet_count":0,"master_deck":["Strike_R","Strike_R","Strike_R","Strike_R","Strike_R","Defend_R","Defend_R","Defend_R","Defend_R","Bash","Rampage+1","Pommel Strike","Shrug It Off","Whirlwind","Bludgeon","Metamorphosis+1","Armaments+1","Perfected Strike","Armaments","Cleave","Bludgeon","Shrug It Off","Perfected Strike","Cleave","Iron Wave","Violence","Clothesline","Shrug It Off","Flame Barrier","Clash"],"relics":["Burning Blood","Odd Mushroom","Ancient Tea Set","PreservedInsect","Philosopher\u0027s Stone","Oddly Smooth Stone"],"potions_floor_usage":[21],"damage_taken":[{"damage":9,"enemies":"Small Slimes","floor":1,"turns":4},{"damage":3,"enemies":"Jaw Worm","floor":2,"turns":5},{"damage":1,"enemies":"Cultist","floor":3,"turns":3},{"damage":15,"enemies":"Lots of Slimes","floor":4,"turns":4},{"damage":7,"enemies":"Looter","floor":5,"turns":3},{"damage":17,"enemies":"The Mushroom Lair","floor":8,"turns":4},{"damage":9,"enemies":"Blue Slaver","floor":10,"turns":4},{"damage":7,"enemies":"2 Fungi Beasts","floor":11,"turns":3},{"damage":33,"enemies":"Lagavulin","floor":12,"turns":6},{"damage":71,"enemies":"Hexaghost","floor":16,"turns":11},{"damage":11,"enemies":"Chosen","floor":18,"turns":4},{"damage":13,"enemies":"Shell Parasite","floor":19,"turns":6},{"damage":57,"enemies":"Snake Plant","floor":21,"turns":5},{"damage":10,"enemies":"Centurion and Healer","floor":24,"turns":5},{"damage":24,"enemies":"Cultist and Chosen","floor":27,"turns":8},{"damage":41,"enemies":"Sentry and Sphere","floor":29,"turns":6},{"damage":20,"enemies":"Shelled Parasite and Fungi","floor":30,"turns":3}],"seed_played":"1607433235447070103","potions_obtained":[{"floor":3,"key":"EssenceOfSteel"},{"floor":4,"key":"LiquidBronze"},{"floor":10,"key":"FearPotion"},{"floor":19,"key":"Ancient Potion"},{"floor":21,"key":"GamblersBrew"},{"floor":24,"key":"BloodPotion"}],"is_trial":false,"path_per_floor":["M","M","M","M","M","R","$","?","T","M","M","E","R","?","R","B",null,"M","M","?","M","$","R","M","$","T","M","R","M","M"],"character_chosen":"IRONCLAD","items_purchased":["Metamorphosis","Iron Wave","Violence","Shrug It Off"],"campfire_rested":3,"item_purchase_floors":[7,22,22,25],"current_hp_per_floor":[85,88,88,79,78,78,78,67,67,64,63,36,62,88,88,23,88,83,76,76,25,25,51,47,47,47,29,55,20,0],"gold":65,"neow_bonus":"TEN_PERCENT_HP_BONUS","is_prod":false,"is_daily":false,"chose_seed":false,"campfire_upgraded":2,"win_rate":0.0,"timestamp":1561641094,"path_taken":["M","M","M","M","M","R","$","?","T","M","M","E","R","?","R","BOSS","M","M","?","M","?","R","M","$","T","M","R","M","?"],"build_version":"2019-01-23","purchased_purges":0,"victory":false,"max_hp_per_floor":[88,88,88,88,88,88,88,88,88,88,88,88,88,88,88,88,88,88,88,88,88,88,88,88,88,88,88,88,88,88],"card_choices":[{"not_picked":["Flex","Clothesline"],"picked":"Rampage","floor":1},{"not_picked":["True Grit","Corruption"],"picked":"Pommel Strike","floor":2},{"not_picked":["Disarm","Headbutt"],"picked":"Shrug It Off","floor":3},{"not_picked":["Pummel","Sword Boomerang"],"picked":"Whirlwind","floor":4},{"not_picked":["Headbutt","Clothesline"],"picked":"Bludgeon","floor":5},{"not_picked":["Shrug It Off","Twin Strike"],"picked":"Armaments","floor":8},{"not_picked":["Barricade","Sword Boomerang"],"picked":"Perfected Strike","floor":10},{"not_picked":["Blood for Blood","Anger"],"picked":"Armaments","floor":11},{"not_picked":["Dropkick","True Grit"],"picked":"Cleave","floor":12},{"not_picked":["Offering","Reaper"],"picked":"Bludgeon","floor":16},{"not_picked":["Pommel Strike","Anger"],"picked":"Shrug It Off","floor":18},{"not_picked":["Warcry+1","True Grit"],"picked":"Perfected Strike","floor":19},{"not_picked":["Second Wind","Body Slam"],"picked":"Cleave","floor":21},{"not_picked":["Body Slam","Twin Strike"],"picked":"Clothesline","floor":24},{"not_picked":["Anger","Dropkick+1"],"picked":"Flame Barrier","floor":27},{"not_picked":["Clothesline","Flex+1"],"picked":"Clash","floor":29}],"player_experience":1650,"relics_obtained":[{"floor":8,"key":"Odd Mushroom"},{"floor":9,"key":"Ancient Tea Set"},{"floor":12,"key":"PreservedInsect"},{"floor":26,"key":"Oddly Smooth Stone"}],"event_choices":[{"damage_healed":0,"gold_gain":0,"player_choice":"Fought Mushrooms","damage_taken":0,"max_hp_gain":0,"max_hp_loss":0,"event_name":"Mushrooms","floor":8,"gold_loss":0},{"damage_healed":29,"gold_gain":0,"player_choice":"Banana","damage_taken":0,"max_hp_gain":0,"max_hp_loss":0,"event_name":"Big Fish","floor":14,"gold_loss":0},{"damage_healed":0,"gold_gain":0,"player_choice":"Forge","damage_taken":0,"max_hp_gain":0,"max_hp_loss":0,"event_name":"Accursed Blacksmith","floor":20,"gold_loss":0,"cards_upgraded":["Armaments"]}],"is_beta":false,"boss_relics":[{"not_picked":["Runic Dome","Black Blood"],"picked":"Philosopher\u0027s Stone"}],"items_purged_floors":[],"is_endless":false,"potions_floor_spawned":[3,4,10,16,19,21,24],"killed_by":"Shelled Parasite and Fungi","ascension_level":0}