{"gold_per_floor":[366,377,392,410,424,451,451,161,235,235,264,236,259,77,77,176,176,192,88,106,116,127,143,143,143,143,157,157,174,174,174,174,277,277,289,89,102,119,219,219,219,239,262,274,103,113,133,133,133,133],"floor_reached":50,"playtime":3104,"items_purged":["Strike_G","Defend_G","Defend_G"],"score":481,"play_id":"b534e470-36bf-4166-998b-57b8b2a81c44","local_time":"20190113025731","is_ascension_mode":false,"campfire_choices":[{"floor":7,"key":"REST"},{"floor":10,"key":"REST"},{"data":"Bullet Time","floor":15,"key":"SMITH"},{"floor":24,"key":"REST"},{"floor":28,"key":"REST"},{"floor":30,"key":"REST"},{"floor":32,"key":"RECALL"},{"floor":40,"key":"REST"},{"data":"Night Terror","floor":44,"key":"SMITH"},{"floor":49,"key":"REST"}],"neow_cost":"PERCENT_DAMAGE","seed_source_timestamp":255824261141351,"circlet_count":0,"master_deck":["Defend_G","Defend_G","Defend_G","Strike_G","Strike_G","Strike_G","Survivor","Neutralize","Escape Plan","Backflip","Flying Knee+1","Backflip","Caltrops","Bullet Time+1","Adrenaline","Footwork","Noxious Fumes","Footwork","After Image","Cloak And Dagger","Noxious Fumes","Footwork","Cloak And Dagger+1","Outmaneuver+1","Night Terror+1","Acrobatics+1","Infinite Blades","Blur+1","Quick Slash+1","Accuracy","Writhe"],"relics":["Ring of the Snake","Matryoshka","Darkstone Periapt","PreservedInsect","Strawberry","Whetstone","Busted Crown","Molten Egg 2","Potion Belt","Sozu","Girya","MawBank","Bronze Scales"],"potions_floor_usage":[5,6,6,16,16,22,27,27,33],"damage_taken":[{"damage":0,"enemies":"Small Slimes","floor":1,"turns":4},{"damage":0,"enemies":"Jaw Worm","floor":2,"turns":5},{"damage":1,"enemies":"Cultist","floor":3,"turns":5},{"damage":0,"enemies":"Exordium Wildlife","floor":4,"turns":5},{"damage":2,"enemies":"Exordium Thugs","floor":5,"turns":6},{"damage":38,"enemies":"Gremlin Nob","floor":6,"turns":7},{"damage":2,"enemies":"Lagavulin","floor":11,"turns":8},{"damage":54,"enemies":"Slime Boss","floor":16,"turns":12},{"damage":9,"enemies":"Spheric Guardian","floor":18,"turns":5},{"damage":0,"enemies":"Chosen","floor":20,"turns":6},{"damage":6,"enemies":"Centurion and Healer","floor":21,"turns":7},{"damage":12,"enemies":"Snecko","floor":22,"turns":5},{"damage":24,"enemies":"Sentry and Sphere","floor":23,"turns":8},{"damage":25,"enemies":"Cultist and Chosen","floor":27,"turns":8},{"damage":0,"enemies":"Centurion and Healer","floor":29,"turns":7},{"damage":20,"enemies":"Collector","floor":33,"turns":11},{"damage":12,"enemies":"3 Shapes","floor":35,"turns":5},{"damage":8,"enemies":"3 Darklings","floor":37,"turns":4},{"damage":0,"enemies":"Sphere and 2 Shapes","floor":38,"turns":7},{"damage":23,"enemies":"Mind Bloom Boss Battle","floor":39,"turns":8},{"damage":0,"enemies":"Jaw Worm Horde","floor":42,"turns":8},{"damage":9,"enemies":"3 Darklings","floor":46,"turns":5},{"damage":13,"enemies":"Maw","floor":47,"turns":8},{"damage":113,"enemies":"Time Eater","floor":50,"turns":13}],"seed_played":"1900425477605434028","potions_obtained":[{"floor":1,"key":"Fire Potion"},{"floor":3,"key":"Regen Potion"},{"floor":4,"key":"Weak Potion"},{"floor":5,"key":"Dexterity Potion"},{"floor":11,"key":"Swift Potion"},{"floor":18,"key":"Poison Potion"},{"floor":23,"key":"Weak Potion"},{"floor":25,"key":"EssenceOfSteel"},{"floor":25,"key":"Ancient Potion"},{"floor":33,"key":"FairyPotion"}],"is_trial":false,"path_per_floor":["M","M","M","M","M","E","R","$","T","R","E","?","T","$","R","B",null,"M","$","M","M","M","M","R","?","T","M","R","M","R","?","R","B",null,"M","$","M","M","?","R","?","M","T","R","$","M","M","?","R","B"],"character_chosen":"THE_SILENT","items_purchased":["Adrenaline","Footwork","Footwork","Cloak And Dagger","Noxious Fumes","Infinite Blades","Accuracy","Bronze Scales"],"campfire_rested":7,"item_purchase_floors":[8,8,14,19,19,36,45,45],"current_hp_per_floor":[49,49,48,48,46,8,29,29,29,50,55,55,55,55,55,16,77,68,68,68,62,50,26,49,49,49,24,47,47,70,70,70,50,77,65,65,57,57,34,57,57,57,57,57,57,48,35,60,83,0],"gold":133,"neow_bonus":"TWO_FIFTY_GOLD","is_prod":false,"is_daily":false,"chose_seed":false,"campfire_upgraded":2,"win_rate":0,"timestamp":1547335651,"path_taken":["M","M","M","M","M","E","R","$","T","R","E","?","?","$","R","BOSS","M","$","M","M","M","M","R","?","T","?","R","M","R","?","R","BOSS","M","$","M","M","?","R","?","M","T","R","$","?","M","?","R","BOSS"],"build_version":"2019-01-10","purchased_purges":3,"victory":false,"max_hp_per_floor":[70,70,70,70,70,70,70,70,70,70,77,77,77,77,77,77,77,77,77,77,77,77,77,77,77,77,77,77,77,77,77,77,77,77,77,77,77,77,77,77,77,77,77,77,77,77,77,83,83,83],"card_choices":[{"not_picked":["Prepared","Distraction"],"picked":"Escape Plan","floor":1},{"not_picked":["Reflex","Distraction"],"picked":"Backflip","floor":2},{"not_picked":["Backflip","Tactician"],"picked":"Flying Knee","floor":3},{"not_picked":["Backstab","Distraction"],"picked":"Backflip","floor":4},{"not_picked":["Heel Hook","Flying Knee"],"picked":"Caltrops","floor":5},{"not_picked":["Deadly Poison","Cloak And Dagger"],"picked":"Bullet Time","floor":6},{"not_picked":["Heel Hook","Cloak And Dagger"],"picked":"Noxious Fumes","floor":11},{"not_picked":["A Thousand Cuts","Doppelganger"],"picked":"After Image","floor":16},{"not_picked":["PiercingWail"],"picked":"SKIP","floor":18},{"not_picked":["Backflip"],"picked":"SKIP","floor":20},{"not_picked":[],"picked":"Footwork","floor":21},{"not_picked":["Eviscerate"],"picked":"SKIP","floor":22},{"not_picked":["Bane+1"],"picked":"SKIP","floor":23},{"not_picked":[],"picked":"Cloak And Dagger+1","floor":27},{"not_picked":[],"picked":"Outmaneuver+1","floor":29},{"not_picked":[],"picked":"Night Terror","floor":33},{"not_picked":[],"picked":"Acrobatics+1","floor":35},{"not_picked":[],"picked":"Blur+1","floor":37},{"not_picked":["Flechettes+1"],"picked":"SKIP","floor":38},{"not_picked":[],"picked":"Quick Slash+1","floor":42},{"not_picked":["Deadly Poison+1"],"picked":"SKIP","floor":46},{"not_picked":["Prepared"],"picked":"SKIP","floor":47}],"player_experience":419759,"relics_obtained":[{"floor":6,"key":"Matryoshka"},{"floor":9,"key":"Darkstone Periapt"},{"floor":9,"key":"PreservedInsect"},{"floor":11,"key":"Strawberry"},{"floor":13,"key":"Whetstone"},{"floor":26,"key":"Molten Egg 2"},{"floor":39,"key":"Girya"},{"floor":43,"key":"MawBank"}],"event_choices":[{"damage_healed":0,"gold_gain":0,"player_choice":"Left Gold","damage_taken":0,"max_hp_gain":0,"max_hp_loss":0,"event_name":"World of Goop","floor":12,"gold_loss":28},{"damage_healed":0,"gold_gain":0,"player_choice":"Got Potions","damage_taken":0,"max_hp_gain":0,"max_hp_loss":0,"event_name":"Lab","floor":25,"gold_loss":0},{"damage_healed":0,"gold_gain":0,"player_choice":"Opened","damage_taken":0,"relics_obtained":["Potion Belt"],"max_hp_gain":0,"max_hp_loss":0,"event_name":"The Mausoleum","floor":31,"gold_loss":0},{"damage_healed":0,"gold_gain":0,"player_choice":"Fight","damage_taken":0,"max_hp_gain":0,"max_hp_loss":0,"event_name":"MindBloom","floor":39,"gold_loss":0},{"cards_removed":["Strike_G"],"damage_healed":0,"gold_gain":0,"player_choice":"Removed Attack","damage_taken":0,"max_hp_gain":0,"max_hp_loss":0,"event_name":"Falling","floor":41,"gold_loss":0},{"damage_healed":19,"gold_gain":0,"player_choice":"Writhe","damage_taken":0,"max_hp_gain":0,"max_hp_loss":0,"event_name":"Winding Halls","floor":48,"gold_loss":0,"cards_obtained":["Writhe"]}],"is_beta":true,"boss_relics":[{"not_picked":["Coffee Dripper","Snecko Eye"],"picked":"Busted Crown"},{"not_picked":["Orrery","Calling Bell"],"picked":"Sozu"}],"items_purged_floors":[8,14,36],"is_endless":false,"potions_floor_spawned":[1,3,4,5,11,18,23,33,35,38,42],"killed_by":"Time Eater","ascension_level":0}