{"gold_per_floor":[13,26,46,6,16,16,33,33,33,62,74,74,105,115,115,189,189,205,71,89,100,100],"floor_reached":22,"playtime":1021,"items_purged":[],"score":350,"play_id":"f48ad465-a7ac-460d-a1a9-6b82e8f742ca","local_time":"20190802090632","is_ascension_mode":true,"campfire_choices":[{"data":"Bludgeon","floor":6.0,"key":"SMITH"},{"data":"Shockwave","floor":12.0,"key":"SMITH"},{"floor":15.0,"key":"REST"}],"neow_cost":"NO_GOLD","seed_source_timestamp":0,"circlet_count":0,"master_deck":["AscendersBane","Strike_R","Strike_R","Strike_R","Strike_R","Strike_R","Defend_R","Defend_R","Defend_R","Defend_R","Bash","Bludgeon+1","Iron Wave","Pommel Strike","Iron Wave","Shockwave+1","Shrug It Off","Hemokinesis","Armaments","Flex","Demon Form","Apotheosis","Seeing Red"],"special_seed":0,"relics":["Burning Blood","Gremlin Horn","The Courier","Sundial","Dream Catcher","Sozu"],"potions_floor_usage":[],"damage_taken":[{"damage":7.0,"enemies":"Jaw Worm","floor":1.0,"turns":3.0},{"damage":0.0,"enemies":"Cultist","floor":2.0,"turns":3.0},{"damage":0.0,"enemies":"Small Slimes","floor":3.0,"turns":3.0},{"damage":12.0,"enemies":"3 Louse","floor":5.0,"turns":2.0},{"damage":7.0,"enemies":"Exordium Thugs","floor":7.0,"turns":5.0},{"damage":30.0,"enemies":"Lagavulin","floor":10.0,"turns":6.0},{"damage":8.0,"enemies":"Red Slaver","floor":11.0,"turns":3.0},{"damage":20.0,"enemies":"3 Sentries","floor":13.0,"turns":6.0},{"damage":4.0,"enemies":"Blue Slaver","floor":14.0,"turns":4.0},{"damage":49.0,"enemies":"Slime Boss","floor":16.0,"turns":8.0},{"damage":11,"enemies":"2 Thieves","floor":18,"turns":4},{"damage":22,"enemies":"3 Byrds","floor":20,"turns":6},{"damage":24,"enemies":"Snake Plant","floor":21,"turns":4},{"damage":22,"enemies":"Cultist and Chosen","floor":22,"turns":6}],"seed_played":"1431816664897215341","potions_obtained":[{"floor":2.0,"key":"Explosive Potion"},{"floor":5.0,"key":"PowerPotion"},{"floor":7.0,"key":"Ancient Potion"},{"floor":14.0,"key":"PowerPotion"}],"is_trial":false,"path_per_floor":["M","M","M","$","M","R","M","?","T","E","M","R","E","M","R","B",null,"M","$","M","M","M"],"character_chosen":"IRONCLAD","items_purchased":["Shockwave","Apotheosis"],"campfire_rested":1,"item_purchase_floors":[4,19],"current_hp_per_floor":[67,73,75,75,69,69,68,68,68,44,42,42,28,30,52,9,59,54,54,38,20,0],"gold":100,"neow_bonus":"THREE_RARE_CARDS","is_prod":false,"is_daily":false,"chose_seed":false,"campfire_upgraded":2,"win_rate":0,"timestamp":1564707992,"path_taken":["M","M","M","$","M","R","M","?","T","E","M","R","E","M","R","BOSS","M","$","M","M","M"],"build_version":"2019-07-17","purchased_purges":0,"victory":false,"max_hp_per_floor":[75,75,75,75,75,75,75,75,75,75,75,75,75,75,75,75,75,75,75,75,75,75],"card_choices":[{"not_picked":["Brutality","Offering"],"picked":"Bludgeon","floor":0.0},{"not_picked":["Anger","Thunderclap"],"picked":"Iron Wave","floor":1.0},{"not_picked":["Reckless Charge","Seeing Red"],"picked":"Pommel Strike","floor":2.0},{"not_picked":["Havoc","Thunderclap"],"picked":"Iron Wave","floor":3.0},{"not_picked":["Heavy Blade","Body Slam","Clash"],"picked":"SKIP","floor":5.0},{"not_picked":["Reckless Charge","Feel No Pain"],"picked":"Shrug It Off","floor":7.0},{"not_picked":["Dual Wield","Feel No Pain"],"picked":"Hemokinesis","floor":10.0},{"not_picked":["Dark Embrace","Pommel Strike","Thunderclap"],"picked":"SKIP","floor":11.0},{"not_picked":["Clothesline","Sever Soul"],"picked":"Armaments","floor":13.0},{"not_picked":["Carnage","Anger"],"picked":"Flex","floor":14.0},{"not_picked":["Brutality","Reaper"],"picked":"Demon Form","floor":16.0},{"not_picked":["Headbutt","Wild Strike","Shrug It Off"],"picked":"SKIP","floor":18},{"not_picked":["Warcry","Headbutt"],"picked":"Seeing Red","floor":20},{"not_picked":["Combust","Perfected Strike","Fiend Fire"],"picked":"SKIP","floor":21}],"player_experience":874632,"relics_obtained":[{"floor":9.0,"key":"The Courier"},{"floor":10.0,"key":"Sundial"},{"floor":13.0,"key":"Dream Catcher"}],"event_choices":[{"damage_healed":0.0,"max_hp_gain":0.0,"max_hp_loss":0.0,"gold_gain":0.0,"event_name":"WeMeetAgain","player_choice":"Gave Potion","floor":8.0,"gold_loss":0.0,"damage_taken":0.0,"relics_obtained":["Gremlin Horn"]}],"is_beta":false,"boss_relics":[{"not_picked":["Mark of Pain","Ectoplasm"],"picked":"Sozu"}],"items_purged_floors":[],"is_endless":false,"potions_floor_spawned":[2,5,7,14,16,18],"killed_by":"Cultist and Chosen","ascension_level":15}