{"gold_per_floor":[118,118,136,136,57,57,5,5,84,128,128,53,76,96,96,219,219,243,243,268,158,158,158],"floor_reached":23,"playtime":1201,"items_purged":["Injury"],"score":221,"play_id":"65072cbd-ca11-401d-a005-2d3af9267646","local_time":"20181230193940","is_ascension_mode":true,"campfire_choices":[{"data":"Defragment","floor":6,"key":"SMITH"},{"data":"Zap","floor":8,"key":"SMITH"},{"floor":11,"key":"REST"},{"data":"Conserve Battery","floor":15,"key":"SMITH"}],"neow_cost":"PERCENT_DAMAGE","seed_source_timestamp":4054864074130,"circlet_count":0,"master_deck":["Strike_B+1","Strike_B+1","Strike_B+1","Defend_B+1","Defend_B+1","Defend_B+1","Zap+1","Dualcast","Leap","Defragment+1","Stack","Conserve Battery+1","Coolheaded","Rainbow","Machine Learning","Auto Shields","Steam Power","Loop"],"relics":["Cracked Core","Golden Idol","Bottled Tornado","Singing Bowl","Philosopher\u0027s Stone"],"potions_floor_usage":[16,23],"damage_taken":[{"damage":11,"enemies":"Jaw Worm","floor":1,"turns":4},{"damage":0,"enemies":"Small Slimes","floor":3,"turns":2},{"damage":31,"enemies":"Gremlin Nob","floor":10,"turns":5},{"damage":0,"enemies":"Cultist","floor":13,"turns":4},{"damage":2,"enemies":"2 Fungi Beasts","floor":14,"turns":4},{"damage":12,"enemies":"Slime Boss","floor":16,"turns":7},{"damage":5,"enemies":"Spheric Guardian","floor":18,"turns":4},{"damage":33,"enemies":"3 Byrds","floor":20,"turns":6},{"damage":54,"enemies":"Gremlin Leader","floor":23,"turns":8}],"seed_played":"-7572299101404801945","potions_obtained":[{"floor":3,"key":"FocusPotion"},{"floor":13,"key":"FearPotion"}],"is_trial":false,"path_per_floor":["M","?","M","?","$","R","$","R","T","E","R","$","M","M","R","B",null,"M","?","M","$","?","E"],"character_chosen":"DEFECT","items_purchased":["Defragment","Stack","Steam Power","Loop"],"campfire_rested":1,"item_purchase_floors":[5,7,21,21],"current_hp_per_floor":[57,50,50,50,50,50,50,50,50,19,45,45,45,43,43,31,89,84,84,53,53,53,0],"gold":158,"neow_bonus":"TWENTY_PERCENT_HP_BONUS","is_prod":false,"is_daily":false,"chose_seed":false,"campfire_upgraded":3,"win_rate":0,"timestamp":1546186180,"path_taken":["M","?","M","?","$","R","?","R","T","E","R","$","M","M","R","BOSS","M","?","M","$","?","E"],"build_version":"2018-12-25","purchased_purges":1,"victory":false,"max_hp_per_floor":[89,89,89,89,89,89,89,89,89,89,89,89,89,89,89,89,89,89,89,91,91,91,91],"card_choices":[{"not_picked":["Beam Cell","Go for the Eyes","Steam"],"picked":"SKIP","floor":1},{"not_picked":["BootSequence","Ball Lightning"],"picked":"Leap","floor":3},{"not_picked":["Leap","Steam"],"picked":"Conserve Battery","floor":10},{"not_picked":["Steam","Scrape"],"picked":"Coolheaded","floor":13},{"not_picked":["Streamline","Leap"],"picked":"Rainbow","floor":14},{"not_picked":["All For One","Amplify"],"picked":"Machine Learning","floor":16},{"not_picked":["Force Field","Consume+1"],"picked":"Auto Shields","floor":18},{"not_picked":["Hologram+1","Turbo+1","Stack"],"picked":"Singing Bowl","floor":20}],"player_experience":283603,"relics_obtained":[{"floor":9,"key":"Bottled Tornado"},{"floor":10,"key":"Singing Bowl"}],"event_choices":[{"cards_removed":["Strike_B"],"damage_healed":0,"gold_gain":0,"player_choice":"Card Removal","damage_taken":7,"max_hp_gain":0,"max_hp_loss":0,"event_name":"Golden Wing","floor":2,"gold_loss":0},{"damage_healed":0,"gold_gain":0,"player_choice":"Take Wound","damage_taken":0,"relics_obtained":["Golden Idol"],"max_hp_gain":0,"max_hp_loss":0,"event_name":"Golden Idol","floor":4,"gold_loss":0,"cards_obtained":["Injury"]},{"damage_healed":0,"gold_gain":0,"player_choice":"Simplicity","damage_taken":0,"max_hp_gain":0,"max_hp_loss":0,"event_name":"Back to Basics","floor":19,"gold_loss":0,"cards_upgraded":["Strike_B","Strike_B","Strike_B","Defend_B","Defend_B","Defend_B","Defend_B"]},{"cards_removed":["Defend_B"],"damage_healed":0,"gold_gain":0,"player_choice":"Card Removal","damage_taken":0,"max_hp_gain":0,"max_hp_loss":0,"event_name":"Wheel of Change","floor":22,"gold_loss":0}],"is_beta":true,"boss_relics":[{"not_picked":["Tiny House","Empty Cage"],"picked":"Philosopher\u0027s Stone"}],"items_purged_floors":[12],"is_endless":false,"potions_floor_spawned":[3,13],"killed_by":"Gremlin Leader","ascension_level":1}