{"gold_per_floor":[111,126,51,67,80,105,105,146,198,274,274,317,317,331,331,424,424,443,443,468,468,37,76,76,76,99,99,135,153,174,215,215,311,311,324,349,185,185,204,238,363,382,408,21,21,56,70,28,28,28],"floor_reached":51,"playtime":6695,"items_purged":["Strike_G","Strike_G","Injury","Pain"],"score":1459,"play_id":"d099a645-fed5-4155-86d2-0d89c0cac4c8","local_time":"20190728004916","is_ascension_mode":true,"campfire_choices":[{"floor":11.0,"key":"REST"},{"data":"Deadly Poison","floor":13.0,"key":"SMITH"},{"data":"Cloak And Dagger","floor":15.0,"key":"SMITH"},{"floor":27.0,"key":"REST"},{"floor":32.0,"key":"RECALL"},{"data":"Blade Dance","floor":49.0,"key":"PURGE"}],"neow_cost":"NONE","seed_source_timestamp":1532731851919136,"circlet_count":0,"master_deck":["AscendersBane","Strike_G+1","Strike_G+1","Strike_G+1","Defend_G+1","Defend_G+1","Defend_G+1","Defend_G+1","Defend_G+1","Survivor","Neutralize+1","Poisoned Stab","Dagger Throw","Dagger Spray","Flying Knee","Well Laid Plans","Dodge and Roll","Deadly Poison+1","Cloak And Dagger+1","Corpse Explosion","Noxious Fumes","Escape Plan","Footwork","After Image","Footwork+1","Leg Sweep+1","Blur","Wraith Form v2","Blur","Bouncing Flask","Terror","PiercingWail","Well Laid Plans+1","Finisher","Wraith Form v2","PiercingWail","Crippling Poison"],"special_seed":0,"relics":["Ring of the Snake","Boot","Golden Idol","Ninja Scroll","Ancient Tea Set","Pen Nib","Pantograph","Fusion Hammer","MutagenicStrength","Bag of Marbles","Snake Skull","Happy Flower","Centennial Puzzle","Vajra","PreservedInsect","Blood Vial","Cursed Key","Orichalcum","Peace Pipe","Strawberry","Bottled Lightning"],"potions_floor_usage":[50,50],"damage_taken":[{"damage":0.0,"enemies":"Cultist","floor":1.0,"turns":4.0},{"damage":0.0,"enemies":"Jaw Worm","floor":2.0,"turns":5.0},{"damage":0.0,"enemies":"2 Louse","floor":4.0,"turns":3.0},{"damage":1.0,"enemies":"Looter","floor":5.0,"turns":3.0},{"damage":12.0,"enemies":"Lagavulin","floor":6.0,"turns":6.0},{"damage":17.0,"enemies":"3 Sentries","floor":8.0,"turns":7.0},{"damage":8.0,"enemies":"Gremlin Nob","floor":10.0,"turns":3.0},{"damage":15.0,"enemies":"Lagavulin","floor":12.0,"turns":5.0},{"damage":0.0,"enemies":"Red Slaver","floor":14.0,"turns":1.0},{"damage":24.0,"enemies":"The Guardian","floor":16.0,"turns":12.0},{"damage":0.0,"enemies":"3 Byrds","floor":18.0,"turns":3.0},{"damage":0.0,"enemies":"2 Thieves","floor":20.0,"turns":1.0},{"damage":0.0,"enemies":"Gremlin Leader","floor":23.0,"turns":4.0},{"damage":9.0,"enemies":"Book of Stabbing","floor":28.0,"turns":4.0},{"damage":0.0,"enemies":"Cultist and Chosen","floor":29.0,"turns":3.0},{"damage":2.0,"enemies":"Snecko","floor":30.0,"turns":5.0},{"damage":0.0,"enemies":"Slavers","floor":31.0,"turns":1.0},{"damage":3.0,"enemies":"Automaton","floor":33.0,"turns":9.0},{"damage":0.0,"enemies":"3 Shapes","floor":35.0,"turns":2.0},{"damage":0.0,"enemies":"3 Darklings","floor":36.0,"turns":1.0},{"damage":0.0,"enemies":"Maw","floor":39.0,"turns":6.0},{"damage":32.0,"enemies":"Reptomancer","floor":40.0,"turns":4.0},{"damage":0.0,"enemies":"Mind Bloom Boss Battle","floor":41.0,"turns":6.0},{"damage":4.0,"enemies":"Jaw Worm Horde","floor":42.0,"turns":4.0},{"damage":6.0,"enemies":"Giant Head","floor":46.0,"turns":6.0},{"damage":0.0,"enemies":"4 Shapes","floor":47.0,"turns":3.0},{"damage":31,"enemies":"Time Eater","floor":50,"turns":12}],"seed_played":"880044551623483027","potions_obtained":[{"floor":2.0,"key":"SteroidPotion"},{"floor":5.0,"key":"Explosive Potion"},{"floor":6.0,"key":"FearPotion"},{"floor":8.0,"key":"Fire Potion"},{"floor":14.0,"key":"FearPotion"},{"floor":31.0,"key":"EssenceOfSteel"},{"floor":40.0,"key":"LiquidBronze"},{"floor":47.0,"key":"Ancient Potion"}],"is_trial":false,"path_per_floor":["M","M","$","M","M","E","?","E","T","?","R","E","R","M","R","B",null,"M","?","M","?","$","E","?","T","T","R","E","M","M","E","R","B",null,"M","M","$","?","M","E","?","M","T","$","?","E","M","$","R","B",null],"character_chosen":"THE_SILENT","items_purchased":["Bag of Marbles","Snake Skull","Bouncing Flask","Finisher","Wraith Form v2","Crippling Poison"],"campfire_rested":2,"item_purchase_floors":[22,22,37,44,44,48],"current_hp_per_floor":[59,59,59,59,58,46,46,29,29,21,40,25,25,25,25,26,56,56,56,56,56,56,56,56,56,56,66,57,57,55,55,55,63,65,66,66,66,63,63,31,58,56,63,63,63,59,61,61,61,39],"gold":28,"neow_bonus":"UPGRADE_CARD","is_prod":false,"is_daily":false,"chose_seed":false,"campfire_upgraded":2,"win_rate":0,"timestamp":1564289356,"path_taken":["M","?","$","M","M","E","?","E","T","?","R","E","R","M","R","BOSS","M","?","M","?","$","E","?","?","T","R","E","?","M","E","R","BOSS","M","M","$","?","M","E","?","M","T","$","?","E","M","$","R","BOSS"],"build_version":"2019-07-17","purchased_purges":4,"victory":true,"max_hp_per_floor":[66,66,66,66,66,66,66,66,66,66,66,66,66,66,66,66,66,66,66,66,66,66,66,66,66,66,66,66,66,66,66,66,66,66,66,66,66,63,63,63,63,63,70,70,70,70,70,70,70,70],"card_choices":[{"not_picked":["Tactician","Backflip"],"picked":"Poisoned Stab","floor":1.0},{"not_picked":["Calculated Gamble","Eviscerate"],"picked":"Dagger Throw","floor":2.0},{"not_picked":["Bane","Dodge and Roll"],"picked":"Dagger Spray","floor":4.0},{"not_picked":["Masterful Stab","Deadly Poison"],"picked":"Flying Knee","floor":5.0},{"not_picked":["Burst","Deflect"],"picked":"Blade Dance","floor":6.0},{"not_picked":["Phantasmal Killer","Distraction"],"picked":"Well Laid Plans","floor":8.0},{"not_picked":["Slice","Blade Dance"],"picked":"Dodge and Roll","floor":10.0},{"not_picked":["Slice","Masterful Stab"],"picked":"Deadly Poison","floor":12.0},{"not_picked":["Eviscerate","Outmaneuver"],"picked":"Cloak And Dagger","floor":14.0},{"not_picked":["Doppelganger","Unload"],"picked":"Corpse Explosion","floor":16.0},{"not_picked":["All Out Attack","Dagger Spray"],"picked":"Noxious Fumes","floor":18.0},{"not_picked":["Distraction","Deflect"],"picked":"Escape Plan","floor":20.0},{"not_picked":["Deflect","Bane+1"],"picked":"After Image","floor":23.0},{"not_picked":["Leg Sweep","Poisoned Stab"],"picked":"Footwork+1","floor":28.0},{"not_picked":["Expertise","Blade Dance+1"],"picked":"Leg Sweep+1","floor":29.0},{"not_picked":["Riddle With Holes","Endless Agony"],"picked":"Blur","floor":30.0},{"not_picked":["Concentrate+1","Sucker Punch","Prepared"],"picked":"SKIP","floor":31.0},{"not_picked":["Adrenaline","Corpse Explosion"],"picked":"Wraith Form v2","floor":33.0},{"not_picked":["Reflex","Deflect+1","Deadly Poison"],"picked":"SKIP","floor":35.0},{"not_picked":["PiercingWail","Outmaneuver"],"picked":"Blur","floor":36.0},{"not_picked":["Slice","Distraction"],"picked":"Terror","floor":39.0},{"not_picked":["Tactician+1","Reflex"],"picked":"PiercingWail","floor":40.0},{"not_picked":["Tools of the Trade","Flying Knee+1"],"picked":"Well Laid Plans+1","floor":42.0},{"not_picked":["Bane+1","Endless Agony"],"picked":"PiercingWail","floor":46.0},{"not_picked":["Blade Dance","Deflect+1","Sucker Punch"],"picked":"SKIP","floor":47.0}],"player_experience":850400,"relics_obtained":[{"floor":6.0,"key":"Boot"},{"floor":8.0,"key":"Ninja Scroll"},{"floor":9.0,"key":"Ancient Tea Set"},{"floor":10.0,"key":"Pen Nib"},{"floor":12.0,"key":"Pantograph"},{"floor":23.0,"key":"Happy Flower"},{"floor":25.0,"key":"Centennial Puzzle"},{"floor":26.0,"key":"Vajra"},{"floor":28.0,"key":"PreservedInsect"},{"floor":31.0,"key":"Blood Vial"},{"floor":40.0,"key":"Orichalcum"},{"floor":41.0,"key":"Peace Pipe"},{"floor":43.0,"key":"Strawberry"},{"floor":46.0,"key":"Bottled Lightning"}],"event_choices":[{"damage_healed":0.0,"max_hp_gain":0.0,"max_hp_loss":0.0,"gold_gain":0.0,"event_name":"Golden Idol","player_choice":"Take Wound","floor":7.0,"gold_loss":0.0,"damage_taken":0.0,"relics_obtained":["Golden Idol"],"cards_obtained":["Injury"]},{"damage_healed":0.0,"max_hp_gain":0.0,"max_hp_loss":0.0,"gold_gain":0.0,"event_name":"Dead Adventurer","player_choice":"Searched \u00271\u0027 times","floor":10.0,"gold_loss":0.0,"damage_taken":0.0},{"damage_healed":0.0,"max_hp_gain":0.0,"max_hp_loss":0.0,"gold_gain":0.0,"event_name":"Drug Dealer","player_choice":"Inject Mutagens","floor":19.0,"gold_loss":0.0,"damage_taken":0.0,"relics_obtained":["MutagenicStrength"]},{"damage_healed":0.0,"max_hp_gain":0.0,"max_hp_loss":0.0,"gold_gain":0.0,"event_name":"The Library","player_choice":"Read","floor":21.0,"gold_loss":0.0,"damage_taken":0.0,"cards_obtained":["Footwork"]},{"damage_healed":0.0,"max_hp_gain":0.0,"max_hp_loss":0.0,"gold_gain":0.0,"event_name":"Back to Basics","player_choice":"Simplicity","floor":24.0,"gold_loss":0.0,"damage_taken":0.0,"cards_upgraded":["Strike_G","Strike_G","Strike_G","Defend_G","Defend_G","Defend_G","Defend_G","Defend_G"]},{"damage_healed":0.0,"max_hp_gain":0.0,"max_hp_loss":3.0,"gold_gain":0.0,"event_name":"Winding Halls","player_choice":"Max HP","floor":38.0,"gold_loss":0.0,"damage_taken":0.0},{"damage_healed":0.0,"max_hp_gain":0.0,"max_hp_loss":0.0,"gold_gain":0.0,"event_name":"MindBloom","player_choice":"Fight","floor":41.0,"gold_loss":0.0,"damage_taken":0.0},{"damage_healed":0.0,"max_hp_gain":0.0,"max_hp_loss":0.0,"gold_gain":0.0,"event_name":"SecretPortal","player_choice":"Ignored","floor":45.0,"gold_loss":0.0,"damage_taken":0.0}],"is_beta":false,"boss_relics":[{"not_picked":["Astrolabe","Eternal Feather"],"picked":"Fusion Hammer"},{"not_picked":["Velvet Choker","Calling Bell"],"picked":"Cursed Key"}],"items_purged_floors":[3,22,37,44],"is_endless":false,"potions_floor_spawned":[2,5,6,8,14,16,23,30,31,36,40,47],"ascension_level":16}