{"gold_per_floor":[20,37,56,56,72,72,89,89,165,179,192,192,35,48,48,146,146,157,168,180,180,190,190,190,201,253,286,18,18,118,133,133,231,231,241,294,294,307,325,325,340,357,357,377,396,396,416,61,61,61],"floor_reached":51,"playtime":2128,"items_purged":["Defend_R","Strike_R"],"score":719,"play_id":"02b6a7fb-ed24-4161-9ad0-b55fee591f1c","local_time":"20190212230724","is_ascension_mode":false,"campfire_choices":[{"data":"Spot Weakness","floor":6.0,"key":"SMITH"},{"data":"Disarm","floor":8.0,"key":"SMITH"},{"data":"Limit Break","floor":12.0,"key":"SMITH"},{"data":"Infernal Blade","floor":15.0,"key":"SMITH"},{"data":"Seeing Red","floor":23,"key":"SMITH"},{"data":"1","floor":29,"key":"LIFT"},{"data":"2","floor":32,"key":"LIFT"},{"data":"3","floor":40,"key":"LIFT"},{"data":"Rage","floor":46,"key":"SMITH"},{"data":"Double Tap","floor":49,"key":"SMITH"}],"neow_cost":"NO_GOLD","seed_source_timestamp":122634737182289,"circlet_count":0,"master_deck":["Strike_R","Defend_R","Defend_R","Spot Weakness+1","Infernal Blade+1","Shrug It Off","Panacea","Disarm+1","Infernal Blade","Limit Break+1","Seeing Red+1","Power Through","Immolate","Pommel Strike","Infernal Blade+1","Heavy Blade+1","Shrug It Off","Double Tap+1","Rage+1","Anger","Exhume","Flame Barrier+1","Shockwave","Headbutt+1","Flame Barrier+1","Battle Trance"],"special_seed":0,"relics":["Burning Blood","Bottled Flame","Empty Cage","Bag of Marbles","Girya","Lee\u0027s Waffle","Magic Flower","Pear","Eternal Feather","Pocketwatch","Darkstone Periapt","Kunai"],"potions_floor_usage":[20,25,27,30,33,33,39,41,45],"damage_taken":[{"damage":5.0,"enemies":"Cultist","floor":1.0,"turns":4.0},{"damage":9.0,"enemies":"Small Slimes","floor":2.0,"turns":5.0},{"damage":0.0,"enemies":"2 Louse","floor":3.0,"turns":1.0},{"damage":2.0,"enemies":"Looter","floor":5.0,"turns":3.0},{"damage":11.0,"enemies":"Lots of Slimes","floor":7.0,"turns":4.0},{"damage":4.0,"enemies":"Blue Slaver","floor":10.0,"turns":4.0},{"damage":16.0,"enemies":"Gremlin Gang","floor":11.0,"turns":7.0},{"damage":0.0,"enemies":"2 Fungi Beasts","floor":14.0,"turns":2.0},{"damage":62.0,"enemies":"Hexaghost","floor":16.0,"turns":17.0},{"damage":0.0,"enemies":"Chosen","floor":18.0,"turns":3.0},{"damage":10.0,"enemies":"Spheric Guardian","floor":19.0,"turns":4.0},{"damage":2,"enemies":"Cultist and Chosen","floor":20,"turns":4},{"damage":30,"enemies":"Snake Plant","floor":22,"turns":4},{"damage":5,"enemies":"Snecko","floor":25,"turns":5},{"damage":27,"enemies":"Slavers","floor":27,"turns":3},{"damage":17,"enemies":"Colosseum Slavers","floor":30,"turns":2},{"damage":24,"enemies":"Colosseum Nobs","floor":30,"turns":4},{"damage":17,"enemies":"Chosen and Byrds","floor":31,"turns":6},{"damage":36,"enemies":"Champ","floor":33,"turns":6},{"damage":0,"enemies":"3 Shapes","floor":35,"turns":1},{"damage":64,"enemies":"2 Orb Walkers","floor":36,"turns":5},{"damage":5,"enemies":"3 Darklings","floor":38,"turns":3},{"damage":30,"enemies":"Transient","floor":39,"turns":5},{"damage":10,"enemies":"Jaw Worm Horde","floor":41,"turns":4},{"damage":3,"enemies":"Maw","floor":42,"turns":6},{"damage":18,"enemies":"Spire Growth","floor":44,"turns":4},{"damage":12,"enemies":"Writhing Mass","floor":45,"turns":3},{"damage":12,"enemies":"4 Shapes","floor":47,"turns":4},{"damage":81,"enemies":"Time Eater","floor":50,"turns":10}],"seed_played":"8432588346500497627","potions_obtained":[{"floor":2.0,"key":"Explosive Potion"},{"floor":5.0,"key":"LiquidBronze"},{"floor":11.0,"key":"Explosive Potion"},{"floor":14.0,"key":"Poison Potion"},{"floor":16.0,"key":"BloodPotion"},{"floor":18.0,"key":"Ancient Potion"},{"floor":19.0,"key":"FearPotion"},{"floor":25,"key":"PowerPotion"},{"floor":27,"key":"PowerPotion"},{"floor":30,"key":"Strength Potion"},{"floor":33,"key":"Regen Potion"},{"floor":35,"key":"SpeedPotion"},{"floor":37,"key":"Block Potion"},{"floor":37,"key":"FairyPotion"},{"floor":39,"key":"Strength Potion"},{"floor":42,"key":"FairyPotion"}],"is_trial":false,"path_per_floor":["M","M","M","?","M","R","M","R","T","M","M","R","$","M","R","B",null,"M","M","M","?","M","R","?","M","T","E","$","R","?","M","R","B",null,"M","?","?","M","M","R","M","M","T","M","M","R","M","$","R","B",null],"character_chosen":"IRONCLAD","items_purchased":["Seeing Red","Rage","Lee\u0027s Waffle","Kunai"],"campfire_rested":0,"item_purchase_floors":[13,28,28,48],"current_hp_per_floor":[80,77,80,80,80,80,75,75,75,77,67,67,67,73,73,17,80,80,76,80,80,56,56,56,57,57,36,87,87,68,60,60,47,97,97,42,42,46,25,37,55,61,61,52,49,64,61,61,76,21],"gold":61,"neow_bonus":"REMOVE_TWO","is_prod":false,"is_daily":false,"chose_seed":false,"campfire_upgraded":7,"win_rate":0,"timestamp":1550000244,"path_taken":["M","?","M","?","M","R","M","R","T","M","M","R","?","M","R","BOSS","M","M","M","?","M","R","?","?","T","E","$","R","?","M","R","BOSS","M","?","?","M","M","R","M","M","T","M","M","R","M","$","R","BOSS"],"build_version":"2019-02-06","purchased_purges":2,"victory":true,"max_hp_per_floor":[80,80,80,80,80,80,80,80,80,80,80,80,80,80,80,80,80,80,80,80,80,80,80,80,80,80,80,87,87,97,97,97,97,97,97,97,97,97,97,97,97,97,97,97,97,97,97,97,97,97],"card_choices":[{"not_picked":["Clothesline","Body Slam"],"picked":"Spot Weakness","floor":1.0},{"not_picked":["Flex","Cleave"],"picked":"Infernal Blade","floor":2.0},{"not_picked":["Iron Wave","Sword Boomerang"],"picked":"Shrug It Off","floor":3.0},{"not_picked":["Warcry","Flex"],"picked":"Disarm","floor":5.0},{"not_picked":["Perfected Strike","Carnage","Flex"],"picked":"SKIP","floor":7.0},{"not_picked":["Fire Breathing","Shrug It Off"],"picked":"Infernal Blade","floor":10.0},{"not_picked":["Rupture","Flex"],"picked":"Limit Break","floor":11.0},{"not_picked":["Second Wind","Warcry"],"picked":"Power Through","floor":14.0},{"not_picked":["Juggernaut","Impervious"],"picked":"Immolate","floor":16.0},{"not_picked":["Rupture","Heavy Blade"],"picked":"Pommel Strike","floor":18.0},{"not_picked":["Burning Pact+1","Havoc"],"picked":"Infernal Blade+1","floor":19.0},{"not_picked":["Pommel Strike","Body Slam+1"],"picked":"Heavy Blade+1","floor":20},{"not_picked":["Flex","Brutality"],"picked":"Shrug It Off","floor":22},{"not_picked":["Iron Wave+1","Dual Wield+1","True Grit"],"picked":"SKIP","floor":25},{"not_picked":["Twin Strike","Dropkick"],"picked":"Double Tap","floor":27},{"not_picked":["Perfected Strike","Twin Strike+1"],"picked":"Anger","floor":31},{"not_picked":["Impervious","Fiend Fire"],"picked":"Exhume","floor":33},{"not_picked":["Blood for Blood+1","Havoc"],"picked":"Flame Barrier+1","floor":35},{"not_picked":["Clash+1","Havoc+1","Body Slam"],"picked":"SKIP","floor":38},{"not_picked":["True Grit+1","Wild Strike","Heavy Blade+1"],"picked":"SKIP","floor":39},{"not_picked":["Sword Boomerang","Body Slam"],"picked":"Shockwave","floor":41},{"not_picked":["Ghostly Armor+1","Wild Strike+1"],"picked":"Headbutt+1","floor":42},{"not_picked":["Fiend Fire","Feel No Pain","Dual Wield+1"],"picked":"SKIP","floor":44},{"not_picked":["Ghostly Armor+1","Havoc"],"picked":"Flame Barrier+1","floor":45},{"not_picked":["Body Slam","Armaments+1"],"picked":"Battle Trance","floor":47}],"player_experience":632700,"relics_obtained":[{"floor":9.0,"key":"Bottled Flame"},{"floor":26,"key":"Bag of Marbles"},{"floor":27,"key":"Girya"},{"floor":30,"key":"Magic Flower"},{"floor":30,"key":"Pear"},{"floor":36,"key":"Pocketwatch"},{"floor":43,"key":"Darkstone Periapt"}],"event_choices":[{"damage_healed":0.0,"max_hp_gain":0.0,"max_hp_loss":0.0,"gold_gain":0.0,"event_name":"Match and Keep!","player_choice":"1 cards matched","floor":4.0,"gold_loss":0.0,"damage_taken":0.0,"cards_obtained":["Panacea"]},{"damage_healed":0,"gold_gain":0,"player_choice":"Ignored","damage_taken":0,"max_hp_gain":0,"max_hp_loss":0,"event_name":"Ghosts","floor":21,"gold_loss":0},{"cards_removed":["Strike_R"],"damage_healed":0,"gold_gain":0,"player_choice":"Offered Basic","damage_taken":0,"max_hp_gain":0,"max_hp_loss":0,"event_name":"Bonfire Elementals","floor":24,"gold_loss":0},{"damage_healed":0,"gold_gain":0,"player_choice":"Fight","damage_taken":0,"max_hp_gain":0,"max_hp_loss":0,"event_name":"Colosseum","floor":30,"gold_loss":0},{"damage_healed":0,"gold_gain":0,"player_choice":"Fought Nobs","damage_taken":0,"max_hp_gain":0,"max_hp_loss":0,"event_name":"Colosseum","floor":30,"gold_loss":0},{"damage_healed":0,"gold_gain":0,"player_choice":"Fight","damage_taken":0,"max_hp_gain":0,"max_hp_loss":0,"event_name":"Mysterious Sphere","floor":36,"gold_loss":0},{"damage_healed":0,"gold_gain":0,"player_choice":"Got Potions","damage_taken":0,"max_hp_gain":0,"max_hp_loss":0,"event_name":"Lab","floor":37,"gold_loss":0}],"is_beta":true,"boss_relics":[{"not_picked":["Astrolabe","Cursed Key"],"picked":"Empty Cage"},{"not_picked":["White Beast Statue","Snecko Eye"],"picked":"Eternal Feather"}],"items_purged_floors":[13,48],"is_endless":false,"potions_floor_spawned":[2,5,11,14,16,18,19,25,27,30,33,35,39,42],"ascension_level":0}