{"gold_per_floor":[118,118,45,65,140,140,172,190,190,190,23,55,55,55],"floor_reached":14,"playtime":461,"items_purged":[],"score":101,"play_id":"67370acb-5760-4a24-8beb-4954bd65ed8f","local_time":"20180914115245","is_ascension_mode":true,"campfire_choices":[{"data":"Noxious Fumes","floor":6,"key":"SMITH"},{"floor":10,"key":"REST"}],"neow_cost":"NONE","seed_source_timestamp":8159601147933,"circlet_count":0,"master_deck":["Defend_G","Defend_G","Defend_G","Defend_G","Defend_G","Strike_G","Strike_G","Strike_G","Strike_G","Strike_G","Survivor","Neutralize+1","Setup","Noxious Fumes+1","Deadly Poison","Infinite Blades+1","Well Laid Plans+1","Noxious Fumes+1","Poisoned Stab+1","Crippling Poison","Leg Sweep"],"relics":["Ring of the Snake","Frozen Egg 2","Molten Egg 2","PreservedInsect"],"potions_floor_usage":[12],"damage_taken":[{"damage":10,"enemies":"Jaw Worm","floor":1,"turns":6},{"damage":2,"enemies":"Small Slimes","floor":4,"turns":5},{"damage":39,"enemies":"3 Sentries","floor":7,"turns":8},{"damage":0,"enemies":"2 Louse","floor":8,"turns":2},{"damage":18,"enemies":"Lagavulin","floor":12,"turns":5},{"damage":17,"enemies":"Red Slaver","floor":14,"turns":3}],"seed_played":"-2715247716346840830","potions_obtained":[{"floor":4,"key":"SteroidPotion"},{"floor":7,"key":"SkillPotion"}],"is_trial":false,"path_per_floor":["M","?","$","M","?","R","E","M","T","R","$","E","$"],"character_chosen":"THE_SILENT","items_purchased":["Noxious Fumes","Noxious Fumes+1","Poisoned Stab+1","Crippling Poison"],"campfire_rested":1,"item_purchase_floors":[3,11,11,11],"current_hp_per_floor":[60,60,60,58,47,47,8,8,8,29,29,11,11,0],"gold":55,"neow_bonus":"UPGRADE_CARD","is_prod":false,"is_daily":false,"chose_seed":false,"campfire_upgraded":1,"win_rate":0,"timestamp":1536951165,"path_taken":["M","?","$","M","?","R","E","M","T","R","?","E","$","M"],"build_version":"2018-09-12","purchased_purges":0,"victory":false,"max_hp_per_floor":[70,70,70,70,70,70,70,70,70,70,70,70,70,70],"card_choices":[{"not_picked":["Underhanded Strike","Dagger Throw"],"picked":"Setup","floor":1},{"not_picked":["Slice","Cloak And Dagger"],"picked":"Deadly Poison","floor":4},{"not_picked":["All Out Attack","Prepared"],"picked":"Infinite Blades","floor":7},{"not_picked":["Poisoned Stab","Backflip"],"picked":"Well Laid Plans+1","floor":8},{"not_picked":["Flechettes+1","Backflip"],"picked":"Leg Sweep","floor":12}],"player_experience":132048,"relics_obtained":[{"floor":7,"key":"Frozen Egg 2"},{"floor":9,"key":"Molten Egg 2"},{"floor":12,"key":"PreservedInsect"}],"event_choices":[{"event_name":"The Cleric","player_choice":"Leave","floor":2,"damage_taken":0},{"event_name":"World of Goop","player_choice":"Gather Gold","floor":5,"damage_taken":0}],"is_beta":true,"boss_relics":[],"items_purged_floors":[],"is_endless":false,"potions_floor_spawned":[4,7],"killed_by":"Red Slaver","ascension_level":1}