{"gold_per_floor":[119,135,149,164,174,174,188,188,215,290,290,305,320,300,300,400,400,416,436,447,458,97,97,22,51,51,66,66,79,129,148,148,247,247,258,278,360,22,40,40],"floor_reached":40,"playtime":4347,"items_purged":["Strike_G"],"score":408,"play_id":"6e6495c0-d148-4bf9-a4a8-72ceff131c32","local_time":"20190629201811","is_ascension_mode":false,"campfire_choices":[{"data":"Noxious Fumes","floor":6,"key":"SMITH"},{"data":"Crippling Poison","floor":8,"key":"SMITH"},{"floor":11,"key":"REST"},{"data":"Dodge and Roll","floor":15,"key":"SMITH"},{"data":"Outmaneuver","floor":23,"key":"SMITH"},{"floor":28,"key":"REST"},{"floor":32,"key":"REST"}],"neow_cost":"NONE","seed_source_timestamp":182854251183400,"circlet_count":0,"master_deck":["Defend_G","Defend_G","Defend_G","Defend_G","Defend_G","Strike_G","Strike_G","Strike_G","Survivor","Neutralize","Backflip","Acrobatics","Noxious Fumes+1","Well Laid Plans","Crippling Poison+1","Dodge and Roll+1","Deflect","Calculated Gamble","Outmaneuver+1","Blur","Noxious Fumes+1","Good Instincts","Dodge and Roll+1","Deadly Poison","Catalyst","Catalyst"],"relics":["Ring of the Serpent","Ancient Tea Set","DollysMirror","Bag of Marbles","Kunai","WristBlade","Matryoshka","TwistedFunnel","Bag of Preparation"],"potions_floor_usage":[16,16],"damage_taken":[{"damage":0,"enemies":"Cultist","floor":1,"turns":5},{"damage":0,"enemies":"2 Louse","floor":2,"turns":3},{"damage":6,"enemies":"Jaw Worm","floor":3,"turns":5},{"damage":3,"enemies":"2 Fungi Beasts","floor":4,"turns":4},{"damage":0,"enemies":"Blue Slaver","floor":5,"turns":7},{"damage":17,"enemies":"3 Louse","floor":7,"turns":4},{"damage":0,"enemies":"Red Slaver","floor":12,"turns":4},{"damage":2,"enemies":"Looter","floor":13,"turns":4},{"damage":4,"enemies":"Exordium Thugs","floor":14,"turns":4},{"damage":20,"enemies":"The Guardian","floor":16,"turns":12},{"damage":0,"enemies":"Chosen","floor":18,"turns":6},{"damage":0,"enemies":"3 Byrds","floor":19,"turns":4},{"damage":9,"enemies":"Cultist and Chosen","floor":20,"turns":7},{"damage":5,"enemies":"Centurion and Healer","floor":21,"turns":9},{"damage":12,"enemies":"Gremlin Leader","floor":25,"turns":9},{"damage":11,"enemies":"Chosen and Byrds","floor":27,"turns":5},{"damage":7,"enemies":"Snake Plant","floor":29,"turns":6},{"damage":10,"enemies":"Snecko","floor":31,"turns":7},{"damage":37,"enemies":"Collector","floor":33,"turns":10},{"damage":22,"enemies":"Orb Walker","floor":35,"turns":7},{"damage":20,"enemies":"3 Darklings","floor":36,"turns":5},{"damage":31,"enemies":"Transient","floor":39,"turns":5},{"damage":4,"enemies":"Jaw Worm Horde","floor":40,"turns":1}],"seed_played":"-6476570366548291882","potions_obtained":[{"floor":2,"key":"Dexterity Potion"},{"floor":3,"key":"Dexterity Potion"},{"floor":5,"key":"Energy Potion"},{"floor":18,"key":"EntropicBrew"},{"floor":20,"key":"Weak Potion"},{"floor":33,"key":"Swift Potion"}],"is_trial":false,"path_per_floor":["M","M","M","M","M","R","M","R","T","?","R","M","M","M","R","B",null,"M","M","M","M","$","R","?","E","T","M","R","M","?","M","R","B",null,"M","M","T","$","M","M"],"character_chosen":"THE_SILENT","items_purchased":["DollysMirror","Good Instincts","TwistedFunnel","Bag of Preparation"],"campfire_rested":3,"item_purchase_floors":[22,22,38,38],"current_hp_per_floor":[77,77,71,68,68,68,51,51,51,40,63,63,61,57,57,37,77,77,77,68,63,63,63,63,51,51,40,63,56,56,46,69,32,77,55,35,35,35,4,0],"gold":40,"neow_bonus":"TEN_PERCENT_HP_BONUS","is_prod":false,"is_daily":false,"chose_seed":false,"campfire_upgraded":4,"win_rate":0.0,"timestamp":1561821491,"path_taken":["M","M","M","?","M","R","M","R","T","?","R","M","M","M","R","BOSS","M","M","M","M","$","R","?","E","T","M","R","M","?","M","R","BOSS","M","M","?","$","M","M"],"build_version":"2019-01-23","purchased_purges":1,"victory":false,"max_hp_per_floor":[77,77,77,77,77,77,77,77,77,77,77,77,77,77,77,77,77,77,77,77,77,77,77,77,77,77,77,77,77,77,77,77,77,77,77,77,77,77,77,77],"card_choices":[{"not_picked":["Dodge and Roll","Endless Agony"],"picked":"Backflip","floor":1},{"not_picked":["Infinite Blades","Poisoned Stab"],"picked":"Acrobatics","floor":2},{"not_picked":["Bane","Choke"],"picked":"Noxious Fumes","floor":3},{"not_picked":["Flying Knee","Masterful Stab"],"picked":"Well Laid Plans","floor":4},{"not_picked":["Blade Dance","Tactician"],"picked":"Crippling Poison","floor":5},{"not_picked":["Cloak And Dagger","Sucker Punch","PiercingWail"],"picked":"SKIP","floor":7},{"not_picked":["Bane","PiercingWail","Flying Knee"],"picked":"SKIP","floor":12},{"not_picked":["Skewer","Venomology"],"picked":"Dodge and Roll","floor":13},{"not_picked":["Dodge and Roll","Quick Slash"],"picked":"Deflect","floor":14},{"not_picked":["Quick Slash+1","Flying Knee"],"picked":"Calculated Gamble","floor":18},{"not_picked":["Leg Sweep","Backstab"],"picked":"Outmaneuver","floor":19},{"not_picked":["Dagger Spray","Dagger Throw","Quick Slash"],"picked":"SKIP","floor":20},{"not_picked":["Deflect","Slice"],"picked":"Blur","floor":21},{"not_picked":["Phantasmal Killer","Crippling Poison","PiercingWail"],"picked":"SKIP","floor":25},{"not_picked":["Flying Knee","Acrobatics"],"picked":"Dodge and Roll+1","floor":27},{"not_picked":["Blade Dance","Crippling Poison","Eviscerate"],"picked":"SKIP","floor":29},{"not_picked":["Dash","Calculated Gamble"],"picked":"Deadly Poison","floor":31},{"not_picked":["Deflect","Underhanded Strike"],"picked":"Catalyst","floor":35},{"not_picked":["Masterful Stab","Poisoned Stab","Blade Dance"],"picked":"SKIP","floor":36},{"not_picked":["Choke+1","Eviscerate"],"picked":"Catalyst","floor":39}],"player_experience":50819,"relics_obtained":[{"floor":9,"key":"Ancient Tea Set"},{"floor":25,"key":"Bag of Marbles"},{"floor":26,"key":"Kunai"},{"floor":37,"key":"Matryoshka"}],"event_choices":[{"damage_healed":0,"gold_gain":75,"player_choice":"Gather Gold","damage_taken":11,"max_hp_gain":0,"max_hp_loss":0,"event_name":"World of Goop","floor":10,"gold_loss":0},{"cards_removed":["Strike_G"],"damage_healed":0,"gold_gain":0,"player_choice":"Gave Gold","damage_taken":0,"max_hp_gain":0,"max_hp_loss":0,"event_name":"Beggar","floor":24,"gold_loss":75},{"damage_healed":0,"gold_gain":100,"player_choice":"Bet on Murderer","damage_taken":0,"max_hp_gain":0,"max_hp_loss":0,"event_name":"The Joust","floor":30,"gold_loss":50}],"is_beta":false,"boss_relics":[{"not_picked":["Coffee Dripper","Orrery"],"picked":"Ring of the Serpent"},{"not_picked":["HoveringKite","Calling Bell"],"picked":"WristBlade"}],"items_purged_floors":[22],"is_endless":false,"potions_floor_spawned":[2,3,5,12,13,18,20,25,27,33,39],"killed_by":"Jaw Worm Horde","ascension_level":0}