{"gold_per_floor":[109,42,59,70,70,70,82,82,130,165,185,199,199,31,31,131,131,149,164,177,194,207,207,221,247,324,324,239,239,30,30,30,30],"floor_reached":33,"playtime":1441,"items_purged":["Bash","Strike_R"],"score":269,"play_id":"48d855c3-fd67-463d-a3aa-ca992f419a66","local_time":"20190404175510","is_ascension_mode":false,"campfire_choices":[{"data":"Metallicize","floor":6,"key":"SMITH"},{"data":"Intimidate","floor":8,"key":"SMITH"},{"data":"Seeing Red","floor":13,"key":"SMITH"},{"data":"Uppercut","floor":15,"key":"SMITH"},{"data":"Metallicize","floor":23,"key":"SMITH"},{"floor":27,"key":"REST"},{"data":"Bloodletting","floor":29,"key":"SMITH"},{"data":"Metallicize","floor":32,"key":"SMITH"}],"neow_cost":"TEN_PERCENT_HP_LOSS","seed_source_timestamp":100523509275,"circlet_count":0,"master_deck":["Strike_R","Strike_R","Strike_R","Strike_R","Defend_R","Defend_R","Defend_R","Battle Trance","Metallicize+1","Shrug It Off","Reinforced Body","Intimidate+1","Headbutt","Seeing Red+1","Uppercut+1","Flash of Steel","Immolate","Inflame+1","Bloodletting+1","Pommel Strike","Metallicize+1","Pommel Strike+1","Metallicize+1","Power Through"],"relics":["Burning Blood","Mango","Blood Vial","Strawberry","Runic Pyramid","PreservedInsect","Tiny Chest","Anchor"],"potions_floor_usage":[10,20,25,33],"damage_taken":[{"damage":5,"enemies":"Cultist","floor":1,"turns":4},{"damage":11,"enemies":"Small Slimes","floor":3,"turns":3},{"damage":1,"enemies":"2 Louse","floor":4,"turns":4},{"damage":11,"enemies":"Exordium Thugs","floor":7,"turns":6},{"damage":15,"enemies":"3 Sentries","floor":10,"turns":8},{"damage":8,"enemies":"Red Slaver","floor":11,"turns":4},{"damage":1,"enemies":"Large Slime","floor":12,"turns":6},{"damage":15,"enemies":"The Guardian","floor":16,"turns":15},{"damage":14,"enemies":"Spheric Guardian","floor":18,"turns":6},{"damage":12,"enemies":"Shell Parasite","floor":19,"turns":6},{"damage":14,"enemies":"3 Cultists","floor":20,"turns":5},{"damage":6,"enemies":"Snecko","floor":21,"turns":6},{"damage":28,"enemies":"Shelled Parasite and Fungi","floor":22,"turns":7},{"damage":5,"enemies":"Chosen and Byrds","floor":24,"turns":4},{"damage":49,"enemies":"Gremlin Leader","floor":25,"turns":9},{"damage":59,"enemies":"Automaton","floor":33,"turns":8}],"seed_played":"-3419783826385206927","potions_obtained":[{"floor":1,"key":"BloodPotion"},{"floor":4,"key":"Poison Potion"},{"floor":18,"key":"Energy Potion"},{"floor":24,"key":"Block Potion"}],"is_trial":false,"path_per_floor":["M","$","M","M","?","R","M","R","T","E","M","M","R","$","R","B",null,"M","M","M","M","M","R","M","E","T","R","?","R","$","T","R","B"],"character_chosen":"IRONCLAD","items_purchased":["Metallicize","Flash of Steel","Metallicize","Power Through"],"campfire_rested":1,"item_purchase_floors":[2,14,30,30],"current_hp_per_floor":[86,86,81,86,86,86,81,81,81,81,81,88,88,88,88,81,93,85,81,75,77,57,57,60,19,19,46,46,46,46,46,46,0],"gold":30,"neow_bonus":"ONE_RARE_RELIC","is_prod":false,"is_daily":false,"chose_seed":false,"campfire_upgraded":7,"win_rate":0,"timestamp":1554387910,"path_taken":["M","$","M","?","?","R","M","R","T","E","?","M","R","$","R","BOSS","M","M","?","M","M","R","?","E","T","R","?","R","$","?","R","BOSS"],"build_version":"2019-03-15","purchased_purges":2,"victory":false,"max_hp_per_floor":[86,86,86,86,86,86,86,86,86,93,93,93,93,93,93,93,93,93,93,93,93,93,93,93,93,93,93,93,93,93,93,93,93],"card_choices":[{"not_picked":["Power Through","Thunderclap"],"picked":"Battle Trance","floor":1},{"not_picked":["Blood for Blood","Pommel Strike"],"picked":"Shrug It Off","floor":3},{"not_picked":["Perfected Strike","Sword Boomerang","True Grit"],"picked":"SKIP","floor":4},{"not_picked":["Second Wind","Ghostly Armor"],"picked":"Intimidate","floor":7},{"not_picked":["Exhume","Dropkick"],"picked":"Headbutt","floor":10},{"not_picked":["Hemokinesis","Headbutt"],"picked":"Seeing Red","floor":11},{"not_picked":["Headbutt","Bloodletting"],"picked":"Uppercut","floor":12},{"not_picked":["Impervious","Berserk"],"picked":"Immolate","floor":16},{"not_picked":["Iron Wave","Thunderclap","Flex"],"picked":"SKIP","floor":18},{"not_picked":["Power Through","Wild Strike"],"picked":"Inflame+1","floor":19},{"not_picked":["Headbutt","True Grit"],"picked":"Bloodletting","floor":20},{"not_picked":["Thunderclap+1","Cleave+1"],"picked":"Pommel Strike","floor":21},{"not_picked":["Shrug It Off","Body Slam"],"picked":"Metallicize","floor":22},{"not_picked":["Flex","Body Slam","Pommel Strike"],"picked":"SKIP","floor":24},{"not_picked":["Warcry","Cleave"],"picked":"Pommel Strike+1","floor":25}],"player_experience":654434,"relics_obtained":[{"floor":9,"key":"Blood Vial"},{"floor":10,"key":"Strawberry"},{"floor":25,"key":"PreservedInsect"},{"floor":26,"key":"Tiny Chest"}],"event_choices":[{"cards_removed":["Defend_R"],"damage_healed":0,"gold_gain":0,"player_choice":"Took Card","damage_taken":0,"max_hp_gain":0,"max_hp_loss":0,"event_name":"NoteForYourself","floor":5,"gold_loss":0,"cards_obtained":["Reinforced Body"]},{"damage_healed":0,"gold_gain":0,"player_choice":"Obtained Relic","damage_taken":0,"relics_obtained":["Anchor"],"max_hp_gain":0,"max_hp_loss":0,"event_name":"Addict","floor":28,"gold_loss":85}],"is_beta":true,"boss_relics":[{"not_picked":["Fusion Hammer","Runic Cube"],"picked":"Runic Pyramid"}],"items_purged_floors":[14,30],"is_endless":false,"potions_floor_spawned":[1,4,18,24],"killed_by":"Automaton","ascension_level":0}