{"gold_per_floor":[12,25,25,37,53,53,53,53,77,87,106,124,152,182,182,278,278,290,302,302,325,345,345,445,462,511,270,270,270,283,41,41,143,143,155,155,167,15,15,40,40,56,56,56,56,70,87,47,47,47],"floor_reached":51,"playtime":2236,"items_purged":["Writhe"],"score":704,"play_id":"d18ea168-9d5b-4124-82ad-0212bccfa755","local_time":"20190210204108","is_ascension_mode":false,"campfire_choices":[{"data":"Barricade","floor":6.0,"key":"SMITH"},{"data":"Metallicize","floor":8.0,"key":"SMITH"},{"data":"Spot Weakness","floor":15.0,"key":"SMITH"},{"data":"Infernal Blade","floor":23.0,"key":"SMITH"},{"data":"Fire Breathing","floor":28.0,"key":"SMITH"},{"data":"Double Tap","floor":32.0,"key":"SMITH"},{"data":"Dual Wield","floor":41.0,"key":"SMITH"},{"data":"Armaments","floor":44.0,"key":"SMITH"},{"data":"Metallicize","floor":49,"key":"SMITH"}],"neow_cost":"NO_GOLD","seed_source_timestamp":11605000739035,"circlet_count":0,"master_deck":["Strike_R","Strike_R","Strike_R","Strike_R+1","Defend_R","Defend_R","Defend_R","Defend_R","Barricade+1","Metallicize+1","Armaments+1","Battle Trance","Dual Wield+1","Spot Weakness+1","Uppercut","Double Tap+1","Fire Breathing+1","Heavy Blade+1","Infernal Blade+1","Power Through+1","Shockwave","Headbutt+1","Metallicize+1","Intimidate","Metallicize+1"],"special_seed":0,"relics":["Black Blood","Smiling Mask","Ancient Tea Set","Tiny Chest","Coffee Dripper","Bag of Marbles","Lantern","Pocketwatch","Shuriken","Anchor","Lee\u0027s Waffle","Dodecahedron","Orichalcum","PreservedInsect","Whetstone"],"potions_floor_usage":[50],"damage_taken":[{"damage":6.0,"enemies":"Cultist","floor":1.0,"turns":3.0},{"damage":2.0,"enemies":"Jaw Worm","floor":2.0,"turns":5.0},{"damage":6.0,"enemies":"Small Slimes","floor":4.0,"turns":4.0},{"damage":2.0,"enemies":"Exordium Wildlife","floor":5.0,"turns":5.0},{"damage":15.0,"enemies":"2 Fungi Beasts","floor":10.0,"turns":5.0},{"damage":10.0,"enemies":"3 Louse","floor":11.0,"turns":7.0},{"damage":3.0,"enemies":"Exordium Thugs","floor":12.0,"turns":7.0},{"damage":22.0,"enemies":"Lagavulin","floor":13.0,"turns":9.0},{"damage":18.0,"enemies":"Hexaghost","floor":16.0,"turns":10.0},{"damage":13.0,"enemies":"Chosen","floor":18.0,"turns":5.0},{"damage":14.0,"enemies":"Spheric Guardian","floor":19.0,"turns":6.0},{"damage":24.0,"enemies":"Centurion and Healer","floor":22.0,"turns":9.0},{"damage":24.0,"enemies":"Colosseum Slavers","floor":24.0,"turns":4.0},{"damage":20.0,"enemies":"Colosseum Nobs","floor":24.0,"turns":5.0},{"damage":8.0,"enemies":"Snecko","floor":25.0,"turns":4.0},{"damage":4.0,"enemies":"Snake Plant","floor":30.0,"turns":4.0},{"damage":35.0,"enemies":"Champ","floor":33.0,"turns":10.0},{"damage":5.0,"enemies":"Orb Walker","floor":35.0,"turns":3.0},{"damage":0.0,"enemies":"3 Darklings","floor":37.0,"turns":4.0},{"damage":47.0,"enemies":"Reptomancer","floor":40.0,"turns":8.0},{"damage":0.0,"enemies":"Transient","floor":42.0,"turns":5.0},{"damage":9,"enemies":"Spire Growth","floor":46,"turns":4},{"damage":8,"enemies":"3 Darklings","floor":47,"turns":5},{"damage":59,"enemies":"Awakened One","floor":50,"turns":14}],"seed_played":"-723287625642048020","potions_obtained":[{"floor":1.0,"key":"Strength Potion"},{"floor":3.0,"key":"BloodPotion"},{"floor":3.0,"key":"Fruit Juice"},{"floor":3.0,"key":"SkillPotion"},{"floor":4.0,"key":"Ancient Potion"},{"floor":12.0,"key":"FearPotion"},{"floor":18.0,"key":"Poison Potion"},{"floor":25.0,"key":"EssenceOfSteel"},{"floor":30.0,"key":"Dexterity Potion"},{"floor":33.0,"key":"SkillPotion"},{"floor":47,"key":"SkillPotion"}],"is_trial":false,"path_per_floor":["M","M","?","M","M","R","?","R","T","M","M","M","E","?","R","B",null,"M","M","?","T","M","R","?","M","T","$","R","?","M","$","R","B",null,"M","?","M","$","?","E","R","M","T","R","?","M","M","$","R","B",null],"character_chosen":"IRONCLAD","items_purchased":["Lee\u0027s Waffle","Dodecahedron","Orichalcum","Metallicize"],"campfire_rested":0,"item_purchase_floors":[27,31,38,48],"current_hp_per_floor":[80,80,85,85,85,85,78,78,78,69,65,68,52,52,52,40,85,78,70,70,70,52,52,28,26,26,92,92,92,92,92,92,63,92,92,92,92,92,92,55,55,65,65,65,65,66,68,68,68,19],"gold":47,"neow_bonus":"THREE_RARE_CARDS","is_prod":false,"is_daily":false,"chose_seed":false,"campfire_upgraded":9,"win_rate":0,"timestamp":1549818668,"path_taken":["M","M","?","M","?","R","?","R","T","M","M","M","E","?","R","BOSS","M","?","?","?","M","R","?","M","T","$","R","?","?","?","R","BOSS","M","?","M","$","?","E","R","M","T","R","?","M","M","$","R","BOSS"],"build_version":"2019-02-06","purchased_purges":1,"victory":true,"max_hp_per_floor":[80,80,85,85,85,85,85,85,85,85,85,85,85,85,85,85,85,85,85,85,85,85,85,85,85,85,92,92,92,92,92,92,92,92,92,92,92,92,92,92,92,92,92,92,92,92,92,92,92,92],"card_choices":[{"not_picked":["Bludgeon","Offering"],"picked":"Barricade","floor":0.0},{"not_picked":["Havoc","Perfected Strike"],"picked":"Metallicize","floor":1.0},{"not_picked":["Combust","Fire Breathing"],"picked":"Armaments","floor":2.0},{"not_picked":["Anger","Wild Strike"],"picked":"Battle Trance","floor":4.0},{"not_picked":["Havoc","Anger"],"picked":"Dual Wield","floor":5.0},{"not_picked":["Reckless Charge","Corruption","Searing Blow"],"picked":"SKIP","floor":10.0},{"not_picked":["Carnage","Body Slam","Sword Boomerang"],"picked":"SKIP","floor":11.0},{"not_picked":["Brutality","Havoc"],"picked":"Spot Weakness","floor":12.0},{"not_picked":["Body Slam","Cleave"],"picked":"Uppercut","floor":13.0},{"not_picked":["Feed","Fiend Fire"],"picked":"Double Tap","floor":16.0},{"not_picked":["Havoc","Burning Pact"],"picked":"Fire Breathing","floor":18.0},{"not_picked":["Havoc","Warcry"],"picked":"Heavy Blade","floor":19.0},{"not_picked":["Armaments+1","Perfected Strike+1"],"picked":"Infernal Blade","floor":22.0},{"not_picked":["True Grit","Sword Boomerang"],"picked":"Power Through+1","floor":24.0},{"not_picked":["Cleave","True Grit"],"picked":"Shockwave","floor":25.0},{"not_picked":["Wild Strike","Hemokinesis"],"picked":"Headbutt+1","floor":30.0},{"not_picked":["Uppercut","Twin Strike+1"],"picked":"Metallicize+1","floor":35.0},{"not_picked":["True Grit+1","Corruption+1","Headbutt+1"],"picked":"SKIP","floor":37.0},{"not_picked":["Rage","Pommel Strike+1","Sword Boomerang+1"],"picked":"SKIP","floor":40.0},{"not_picked":["Twin Strike+1","True Grit+1","Armaments"],"picked":"SKIP","floor":42.0},{"not_picked":["Wild Strike","Clash"],"picked":"Intimidate","floor":46},{"not_picked":["Infernal Blade","Corruption","Sword Boomerang"],"picked":"SKIP","floor":47}],"player_experience":624088,"relics_obtained":[{"floor":9.0,"key":"Smiling Mask"},{"floor":13.0,"key":"Ancient Tea Set"},{"floor":21.0,"key":"Lantern"},{"floor":24.0,"key":"Pocketwatch"},{"floor":24.0,"key":"Shuriken"},{"floor":26.0,"key":"Anchor"},{"floor":40.0,"key":"PreservedInsect"},{"floor":43.0,"key":"Whetstone"}],"event_choices":[{"damage_healed":0.0,"max_hp_gain":0.0,"max_hp_loss":0.0,"gold_gain":0.0,"event_name":"Lab","player_choice":"Got Potions","floor":3.0,"gold_loss":0.0,"damage_taken":0.0},{"cards_removed":["Bash"],"damage_healed":0.0,"max_hp_gain":0.0,"max_hp_loss":0.0,"gold_gain":0.0,"event_name":"Golden Wing","player_choice":"Card Removal","floor":7.0,"gold_loss":0.0,"damage_taken":7.0},{"damage_healed":0.0,"max_hp_gain":0.0,"max_hp_loss":0.0,"gold_gain":0.0,"event_name":"WeMeetAgain","player_choice":"Gave Potion","floor":14.0,"gold_loss":0.0,"damage_taken":0.0,"relics_obtained":["Tiny Chest"]},{"damage_healed":0.0,"max_hp_gain":0.0,"max_hp_loss":0.0,"gold_gain":0.0,"event_name":"The Mausoleum","player_choice":"Opened","floor":20.0,"gold_loss":0.0,"damage_taken":0.0,"relics_obtained":["Bag of Marbles"],"cards_obtained":["Writhe"]},{"damage_healed":0.0,"max_hp_gain":0.0,"max_hp_loss":0.0,"gold_gain":0.0,"event_name":"Colosseum","player_choice":"Fight","floor":24.0,"gold_loss":0.0,"damage_taken":0.0},{"damage_healed":0.0,"max_hp_gain":0.0,"max_hp_loss":0.0,"gold_gain":0.0,"event_name":"Colosseum","player_choice":"Fought Nobs","floor":24.0,"gold_loss":0.0,"damage_taken":0.0},{"damage_healed":0.0,"max_hp_gain":0.0,"max_hp_loss":0.0,"gold_gain":0.0,"event_name":"NoteForYourself","player_choice":"Ignored","floor":29.0,"gold_loss":0.0,"damage_taken":0.0},{"damage_healed":0.0,"max_hp_gain":0.0,"max_hp_loss":0.0,"gold_gain":0.0,"event_name":"Tomb of Lord Red Mask","player_choice":"Ignored","floor":36.0,"gold_loss":0.0,"damage_taken":0.0},{"damage_healed":0.0,"max_hp_gain":0.0,"max_hp_loss":0.0,"gold_gain":0.0,"event_name":"SensoryStone","player_choice":"Memory 1","floor":39.0,"gold_loss":0.0,"damage_taken":0.0},{"cards_removed":["Strike_R"],"damage_healed":0.0,"max_hp_gain":0.0,"max_hp_loss":0.0,"gold_gain":0.0,"event_name":"Bonfire Elementals","player_choice":"Offered Basic","floor":45.0,"gold_loss":0.0,"damage_taken":0.0}],"is_beta":true,"boss_relics":[{"not_picked":["Busted Crown","Snecko Eye"],"picked":"Coffee Dripper"},{"not_picked":["Runic Dome","Velvet Choker"],"picked":"Black Blood"}],"items_purged_floors":[27],"is_endless":false,"potions_floor_spawned":[1,4,5,12,18,24,25,30,33,47],"ascension_level":0}