{"gold_per_floor":[115,390,409,423,423,423,458,458,458,472,501,501,512,525,525,624,624,635,646,646,646],"floor_reached":21,"playtime":924,"items_purged":[],"score":227,"play_id":"e25f487d-8187-43ba-a787-4d32bb94f16d","local_time":"20181226175320","is_ascension_mode":true,"campfire_choices":[{"data":"Flex","floor":6,"key":"SMITH"},{"data":"Carnage","floor":8,"key":"SMITH"},{"data":"Demon Form","floor":12,"key":"SMITH"},{"floor":15,"key":"REST"}],"neow_cost":"NONE","seed_source_timestamp":180938068890467,"circlet_count":0,"master_deck":["Strike_R","Strike_R","Strike_R","Strike_R","Strike_R","Defend_R","Defend_R","Defend_R","Defend_R","Bash","Flex+1","Regret","Anger","Carnage+1","Battle Trance","Shrug It Off+1","Demon Form+1","Power Through+1","Barricade","Anger","Rage+1"],"relics":["Burning Blood","NeowsBlessing","Omamori","Toxic Egg 2","Self Forming Clay","Runic Pyramid","MutagenicStrength"],"potions_floor_usage":[7,11,16,18],"damage_taken":[{"damage":0,"enemies":"Small Slimes","floor":1,"turns":1},{"damage":0,"enemies":"Cultist","floor":3,"turns":1},{"damage":0,"enemies":"2 Louse","floor":4,"turns":1},{"damage":32,"enemies":"Gremlin Nob","floor":7,"turns":4},{"damage":8,"enemies":"Red Slaver","floor":10,"turns":4},{"damage":3,"enemies":"3 Sentries","floor":11,"turns":6},{"damage":11,"enemies":"Gremlin Gang","floor":13,"turns":7},{"damage":18,"enemies":"Large Slime","floor":14,"turns":3},{"damage":35,"enemies":"The Guardian","floor":16,"turns":8},{"damage":56,"enemies":"3 Byrds","floor":18,"turns":9},{"damage":29,"enemies":"Spheric Guardian","floor":19,"turns":6},{"damage":22,"enemies":"Cultist and Chosen","floor":21,"turns":6}],"seed_played":"-5923218996598887198","potions_obtained":[{"floor":1,"key":"SkillPotion"},{"floor":3,"key":"BloodPotion"},{"floor":10,"key":"SpeedPotion"},{"floor":14,"key":"Dexterity Potion"}],"is_trial":false,"path_per_floor":["M","?","M","M","?","R","E","R","T","M","E","R","M","M","R","B",null,"M","M","?","M"],"character_chosen":"IRONCLAD","items_purchased":[],"campfire_rested":1,"item_purchase_floors":[],"current_hp_per_floor":[80,80,80,80,72,72,46,46,46,44,47,47,42,30,54,25,80,38,15,15,0],"gold":646,"neow_bonus":"THREE_ENEMY_KILL","is_prod":false,"is_daily":false,"chose_seed":false,"campfire_upgraded":3,"win_rate":0,"timestamp":1545834200,"path_taken":["M","?","?","M","?","R","E","R","T","?","E","R","M","M","R","BOSS","M","?","?","M"],"build_version":"2018-12-25","purchased_purges":0,"victory":false,"max_hp_per_floor":[80,80,80,80,80,80,80,80,80,80,80,80,80,80,80,80,80,80,80,80,80],"card_choices":[{"not_picked":["Sever Soul","Warcry"],"picked":"Flex","floor":1},{"not_picked":["Flex","Clash"],"picked":"Anger","floor":3},{"not_picked":["Body Slam","True Grit"],"picked":"Carnage","floor":4},{"not_picked":["Twin Strike","Intimidate"],"picked":"Battle Trance","floor":7},{"not_picked":["Havoc+1","Searing Blow"],"picked":"Shrug It Off+1","floor":10},{"not_picked":["Uppercut","Wild Strike"],"picked":"Demon Form","floor":11},{"not_picked":["Sword Boomerang","Perfected Strike"],"picked":"Power Through+1","floor":13},{"not_picked":["True Grit+1","Clothesline","Twin Strike"],"picked":"SKIP","floor":14},{"not_picked":["Limit Break+1","Fiend Fire"],"picked":"Barricade","floor":16},{"not_picked":["Burning Pact+1","Flex+1"],"picked":"Anger","floor":18},{"not_picked":["Perfected Strike+1","Evolve"],"picked":"Rage+1","floor":19}],"player_experience":245896,"relics_obtained":[{"floor":7,"key":"Omamori"},{"floor":9,"key":"Toxic Egg 2"},{"floor":11,"key":"Self Forming Clay"}],"event_choices":[{"damage_healed":0,"gold_gain":275,"player_choice":"Desecrate","damage_taken":0,"max_hp_gain":0,"max_hp_loss":0,"event_name":"Golden Shrine","floor":2,"gold_loss":0,"cards_obtained":["Regret"]},{"damage_healed":0,"gold_gain":0,"player_choice":"Damaged","damage_taken":8,"max_hp_gain":0,"max_hp_loss":0,"event_name":"Wheel of Change","floor":5,"gold_loss":0},{"damage_healed":0,"gold_gain":0,"player_choice":"Inject Mutagens","damage_taken":0,"relics_obtained":["MutagenicStrength"],"max_hp_gain":0,"max_hp_loss":0,"event_name":"Drug Dealer","floor":20,"gold_loss":0}],"is_beta":true,"boss_relics":[{"not_picked":["White Beast Statue","Philosopher\u0027s Stone"],"picked":"Runic Pyramid"}],"items_purged_floors":[],"is_endless":false,"potions_floor_spawned":[1,3,10,14],"killed_by":"Cultist and Chosen","ascension_level":1}