{"gold_per_floor":[112,131,131,206,219,219,258,258,258,258,282,300,314,32,32,152,152,165,188,8,23,23,23,41,41,41,51,51,51,51,64,64,164,164,179,25,0,0,10,10,41,56,56,56,56],"floor_reached":45,"playtime":2180,"items_purged":["Injury"],"score":512,"play_id":"549979a7-a7c4-441e-9277-97543964426f","local_time":"20190801173130","is_ascension_mode":true,"campfire_choices":[{"floor":6.0,"key":"REST"},{"data":"Echo Form","floor":8.0,"key":"SMITH"},{"data":"Zap","floor":10.0,"key":"SMITH"},{"data":"Capacitor","floor":15.0,"key":"SMITH"},{"data":"Buffer","floor":23.0,"key":"SMITH"},{"data":"Reboot","floor":28.0,"key":"SMITH"},{"data":"Static Discharge","floor":30,"key":"SMITH"},{"floor":32,"key":"REST"},{"data":"Barrage","floor":40,"key":"SMITH"},{"data":"Reboot","floor":44,"key":"SMITH"}],"neow_cost":"CURSE","seed_source_timestamp":316066343804,"circlet_count":0,"master_deck":["Strike_B","Strike_B","Strike_B","Strike_B","Defend_B","Defend_B","Defend_B","Defend_B","Zap+1","Dualcast","Echo Form+1","Barrage+1","Glacier","Coolheaded","Static Discharge+1","Turbo","Chaos","Reboot+1","Self Repair","Bandage Up","Capacitor+1","Buffer+1","Cold Snap+1","Hologram","Hologram","Self Repair","Reboot+1","Barrage+1","FTL+1","Hologram+1","Reboot+1","Barrage+1","Injury"],"special_seed":0,"relics":["Cracked Core","Bloody Idol","Molten Egg 2","The Courier","Blood Vial","Nuclear Battery","Orichalcum","Bottled Tornado","Cursed Key","PreservedInsect","Red Mask","Centennial Puzzle","Meat on the Bone"],"potions_floor_usage":[33,45,45],"damage_taken":[{"damage":0.0,"enemies":"Small Slimes","floor":1.0,"turns":3.0},{"damage":7.0,"enemies":"2 Louse","floor":2.0,"turns":2.0},{"damage":1.0,"enemies":"Cultist","floor":5.0,"turns":4.0},{"damage":2.0,"enemies":"Lagavulin","floor":7.0,"turns":7.0},{"damage":1.0,"enemies":"Exordium Thugs","floor":11.0,"turns":4.0},{"damage":14.0,"enemies":"Red Slaver","floor":12.0,"turns":3.0},{"damage":6.0,"enemies":"Blue Slaver","floor":13.0,"turns":4.0},{"damage":34.0,"enemies":"The Guardian","floor":16.0,"turns":12.0},{"damage":29.0,"enemies":"Shell Parasite","floor":18.0,"turns":7.0},{"damage":27.0,"enemies":"3 Byrds","floor":19.0,"turns":6.0},{"damage":27.0,"enemies":"Snake Plant","floor":21.0,"turns":5.0},{"damage":21.0,"enemies":"Centurion and Healer","floor":24.0,"turns":8.0},{"damage":5.0,"enemies":"Snecko","floor":27.0,"turns":4.0},{"damage":20,"enemies":"Chosen and Byrds","floor":31,"turns":6},{"damage":53,"enemies":"Collector","floor":33,"turns":12},{"damage":14,"enemies":"Orb Walker","floor":35,"turns":5},{"damage":36,"enemies":"3 Darklings","floor":39,"turns":9},{"damage":4,"enemies":"Nemesis","floor":41,"turns":6},{"damage":10,"enemies":"Transient","floor":42,"turns":5},{"damage":107,"enemies":"Reptomancer","floor":45,"turns":4}],"seed_played":"4940671642623911015","potions_obtained":[{"floor":5.0,"key":"FocusPotion"},{"floor":7.0,"key":"LiquidBronze"},{"floor":18.0,"key":"Dexterity Potion"},{"floor":21.0,"key":"Poison Potion"},{"floor":31,"key":"Weak Potion"},{"floor":33,"key":"SpeedPotion"},{"floor":42,"key":"Regen Potion"}],"is_trial":false,"path_per_floor":["M","M","?","?","M","R","E","R","T","R","M","M","M","$","R","B",null,"M","M","$","M","?","R","M","?","T","M","R","?","R","M","R","B",null,"M","$","?","?","M","R","E","M","T","R","E"],"character_chosen":"DEFECT","items_purchased":["Self Repair","Bandage Up","Blood Vial","Capacitor","Orichalcum","PreservedInsect","FTL+1"],"campfire_rested":2,"item_purchase_floors":[14,14,14,14,20,36,36],"current_hp_per_floor":[75,68,50,39,38,60,58,58,58,58,57,43,37,37,37,16,75,61,54,54,44,44,44,41,41,41,57,57,57,57,52,74,41,75,75,75,75,75,73,73,75,75,75,75,0],"gold":56,"neow_bonus":"THREE_RARE_CARDS","is_prod":false,"is_daily":false,"chose_seed":false,"campfire_upgraded":8,"win_rate":0,"timestamp":1564668090,"path_taken":["M","M","?","?","M","R","E","R","T","R","M","M","M","$","R","BOSS","M","M","$","M","?","R","M","?","T","M","R","?","R","M","R","BOSS","M","$","?","?","?","R","E","M","T","R","E"],"build_version":"2019-07-18","purchased_purges":1,"victory":false,"max_hp_per_floor":[75,75,75,75,75,75,75,75,75,75,75,75,75,75,75,75,75,75,75,75,75,75,75,75,75,75,75,75,75,75,75,75,75,75,75,75,75,75,75,75,75,75,75,75,75],"card_choices":[{"not_picked":["Buffer","Creative AI"],"picked":"Echo Form","floor":0.0},{"not_picked":["Streamline","Go for the Eyes"],"picked":"Barrage","floor":1.0},{"not_picked":["Skim","Compile Driver"],"picked":"Glacier","floor":2.0},{"not_picked":["Consume","Streamline"],"picked":"Coolheaded","floor":5.0},{"not_picked":["Rebound","Self Repair"],"picked":"Static Discharge","floor":7.0},{"not_picked":["Cold Snap+1","Blizzard+1"],"picked":"Turbo","floor":11.0},{"not_picked":["Skim","Gash+1"],"picked":"Chaos","floor":12.0},{"not_picked":["Steam","Streamline+1"],"picked":"Reboot","floor":13.0},{"not_picked":["Meteor Strike+1","Hyperbeam+1"],"picked":"Buffer","floor":16.0},{"not_picked":["Redo","Reprogram"],"picked":"Cold Snap+1","floor":18.0},{"not_picked":["Leap+1","Turbo"],"picked":"Hologram","floor":19.0},{"not_picked":["Cold Snap+1","Streamline+1"],"picked":"Hologram","floor":21.0},{"not_picked":["Barrage+1","Chill"],"picked":"Self Repair","floor":24.0},{"not_picked":["Turbo","Doom and Gloom+1","Coolheaded"],"picked":"SKIP","floor":27.0},{"not_picked":["Ball Lightning+1","Go for the Eyes+1","Stack"],"picked":"SKIP","floor":31},{"not_picked":["Fission","Machine Learning"],"picked":"Reboot","floor":33},{"not_picked":["Chaos+1","Auto Shields+1"],"picked":"Barrage+1","floor":35},{"not_picked":["Streamline+1","Double Energy"],"picked":"Hologram+1","floor":39},{"not_picked":["Leap","Doom and Gloom+1"],"picked":"Reboot","floor":41},{"not_picked":["Turbo","Heatsinks+1"],"picked":"Barrage+1","floor":42}],"player_experience":765596,"relics_obtained":[{"floor":7.0,"key":"Molten Egg 2"},{"floor":9.0,"key":"The Courier"},{"floor":26.0,"key":"Bottled Tornado"},{"floor":41,"key":"Centennial Puzzle"},{"floor":43,"key":"Meat on the Bone"}],"event_choices":[{"damage_healed":0.0,"max_hp_gain":0.0,"max_hp_loss":0.0,"gold_gain":0.0,"event_name":"Golden Idol","player_choice":"Take Damage","floor":3.0,"gold_loss":0.0,"damage_taken":18.0,"relics_obtained":["Golden Idol"]},{"damage_healed":0.0,"max_hp_gain":0.0,"max_hp_loss":0.0,"gold_gain":75.0,"event_name":"World of Goop","player_choice":"Gather Gold","floor":4.0,"gold_loss":0.0,"damage_taken":11.0},{"damage_healed":0.0,"max_hp_gain":0.0,"max_hp_loss":0.0,"gold_gain":0.0,"event_name":"Forgotten Altar","player_choice":"Gave Idol","floor":22.0,"relics_lost":["Golden Idol"],"gold_loss":0.0,"damage_taken":0.0,"relics_obtained":["Bloody Idol"]},{"damage_healed":0.0,"max_hp_gain":0.0,"max_hp_loss":0.0,"gold_gain":0.0,"event_name":"Cursed Tome","player_choice":"Ignored","floor":25.0,"gold_loss":0.0,"damage_taken":0.0},{"damage_healed":0,"gold_gain":0,"player_choice":"Paid","damage_taken":0,"relics_obtained":["Red Mask"],"max_hp_gain":0,"max_hp_loss":0,"event_name":"Tomb of Lord Red Mask","floor":37,"gold_loss":25},{"damage_healed":0,"gold_gain":0,"player_choice":"Upgraded","damage_taken":0,"max_hp_gain":0,"max_hp_loss":0,"event_name":"Upgrade Shrine","floor":38,"gold_loss":0,"cards_upgraded":["Reboot"]}],"is_beta":true,"boss_relics":[{"not_picked":["White Beast Statue","Snecko Eye"],"picked":"Nuclear Battery"},{"not_picked":["Fusion Hammer","Empty Cage"],"picked":"Cursed Key"}],"items_purged_floors":[20],"is_endless":false,"potions_floor_spawned":[5,7,18,21,31,33,42],"killed_by":"Reptomancer","ascension_level":3}