{"gold_per_floor":[116,126,136,136,286,286,317,327,327,252,252,263,295,110,110,189,189,200,219,144,161,161,161,190,190,190,209,226,256,272,8,8,87,87,99,99,114,124,138,166,166,201,201,201,201,228,580,591,591,591],"floor_reached":51,"playtime":9433,"items_purged":["Doubt","Strike_B"],"score":1487,"play_id":"0484acf1-1f1b-4f7c-8e61-8c01337299da","local_time":"20190726192716","is_ascension_mode":true,"campfire_choices":[{"data":"Dualcast","floor":6.0,"key":"SMITH"},{"data":"Hologram","floor":11.0,"key":"SMITH"},{"data":"Go for the Eyes","floor":15.0,"key":"SMITH"},{"data":"Biased Cognition","floor":23.0,"key":"SMITH"},{"data":"Streamline","floor":25,"key":"SMITH"},{"data":"Doom and Gloom","floor":32,"key":"SMITH"},{"data":"Self Repair","floor":41,"key":"SMITH"},{"data":"Sweeping Beam","floor":44,"key":"SMITH"},{"floor":49,"key":"REST"}],"neow_cost":"TEN_PERCENT_HP_LOSS","seed_source_timestamp":1424505850757915,"circlet_count":0,"master_deck":["AscendersBane","Defend_B+1","Defend_B+1","Defend_B+1","Defend_B","Zap+1","Dualcast+1","Sweeping Beam+1","Glacier","FTL","Hologram+1","Compile Driver","Go for the Eyes+1","Undo","Biased Cognition+1","Streamline+1","Coolheaded+1","White Noise","Conserve Battery","Self Repair+1","Chaos+1","Chill","Doom and Gloom+1","Stack+1","Compile Driver","Creative AI","Glacier+1","Ball Lightning","Madness","Madness","Aggregate+1","Hologram+1","Consume+1"],"special_seed":0,"relics":["Cracked Core","Ice Cream","Lantern","Bag of Preparation","Cables","Cursed Key","Happy Flower","Gambling Chip","Regal Pillow","Kunai","Empty Cage","Centennial Puzzle","War Paint","Toxic Egg 2","Old Coin"],"potions_floor_usage":[29,37,47,50,50],"damage_taken":[{"damage":0.0,"enemies":"Small Slimes","floor":1.0,"turns":3.0},{"damage":2.0,"enemies":"Jaw Worm","floor":2.0,"turns":3.0},{"damage":0.0,"enemies":"Cultist","floor":3.0,"turns":3.0},{"damage":7.0,"enemies":"3 Sentries","floor":7.0,"turns":8.0},{"damage":0.0,"enemies":"2 Fungi Beasts","floor":8.0,"turns":2.0},{"damage":0.0,"enemies":"Looter","floor":12.0,"turns":3.0},{"damage":1.0,"enemies":"Lagavulin","floor":13.0,"turns":6.0},{"damage":12.0,"enemies":"Hexaghost","floor":16.0,"turns":11.0},{"damage":0.0,"enemies":"Spheric Guardian","floor":18.0,"turns":3.0},{"damage":2.0,"enemies":"Chosen","floor":19.0,"turns":3.0},{"damage":0.0,"enemies":"Shelled Parasite and Fungi","floor":21.0,"turns":6.0},{"damage":7,"enemies":"Gremlin Leader","floor":24,"turns":7},{"damage":0,"enemies":"Cultist and Chosen","floor":27,"turns":4},{"damage":0,"enemies":"Sentry and Sphere","floor":28,"turns":3},{"damage":0,"enemies":"Book of Stabbing","floor":29,"turns":4},{"damage":0,"enemies":"Snake Plant","floor":30,"turns":3},{"damage":19,"enemies":"Automaton","floor":33,"turns":9},{"damage":15,"enemies":"3 Darklings","floor":35,"turns":6},{"damage":0,"enemies":"Orb Walker","floor":37,"turns":3},{"damage":7,"enemies":"Jaw Worm Horde","floor":38,"turns":3},{"damage":7,"enemies":"4 Shapes","floor":39,"turns":7},{"damage":0,"enemies":"Reptomancer","floor":40,"turns":9},{"damage":0,"enemies":"Giant Head","floor":42,"turns":9},{"damage":27,"enemies":"Reptomancer","floor":46,"turns":7},{"damage":8,"enemies":"2 Orb Walkers","floor":47,"turns":5},{"damage":5,"enemies":"Sphere and 2 Shapes","floor":48,"turns":21},{"damage":30,"enemies":"Donu and Deca","floor":50,"turns":10}],"seed_played":"-2383225968142198902","potions_obtained":[{"floor":1.0,"key":"AttackPotion"},{"floor":7.0,"key":"SpeedPotion"},{"floor":16.0,"key":"GamblersBrew"},{"floor":21.0,"key":"Ancient Potion"},{"floor":28,"key":"PowerPotion"},{"floor":29,"key":"Fruit Juice"},{"floor":35,"key":"GamblersBrew"},{"floor":37,"key":"Fruit Juice"},{"floor":46,"key":"Weak Potion"},{"floor":47,"key":"Poison Potion"}],"is_trial":false,"path_per_floor":["M","M","M","?","?","R","E","M","T","$","R","M","E","$","R","B",null,"M","M","?","M","?","R","E","R","T","M","M","E","M","$","R","B",null,"M","$","M","M","M","E","R","E","T","R","?","E","?","M","R","B",null],"character_chosen":"DEFECT","items_purchased":["Ancient Potion","Kunai"],"campfire_rested":1,"item_purchase_floors":[14,31],"current_hp_per_floor":[64,62,62,43,43,43,36,36,36,36,36,36,35,35,35,23,54,54,52,52,52,52,52,52,52,52,59,64,69,69,69,69,57,66,58,58,63,63,63,70,70,74,74,74,61,34,26,31,68,38],"gold":591,"neow_bonus":"ONE_RARE_RELIC","is_prod":false,"is_daily":false,"chose_seed":false,"campfire_upgraded":8,"win_rate":0,"timestamp":1564183636,"path_taken":["M","M","M","?","?","R","E","M","T","$","R","M","E","$","R","BOSS","M","M","?","?","?","R","E","R","T","M","M","E","M","$","R","BOSS","M","$","M","M","M","E","R","E","T","R","?","E","?","M","R","BOSS"],"build_version":"2019-07-17","purchased_purges":2,"victory":true,"max_hp_per_floor":[64,64,64,64,64,64,64,64,64,64,64,64,64,64,64,64,64,64,64,64,64,64,64,64,64,64,64,64,69,69,69,69,69,69,69,69,74,74,74,74,74,74,74,74,74,74,74,74,74,74],"card_choices":[{"not_picked":["Auto Shields","Loop"],"picked":"Sweeping Beam","floor":1.0},{"not_picked":["Hologram","Sunder"],"picked":"Glacier","floor":2.0},{"not_picked":["Stack","Fusion"],"picked":"FTL","floor":3.0},{"not_picked":["Creative AI","Conserve Battery"],"picked":"Hologram","floor":7.0},{"not_picked":["Steam Power","Cold Snap"],"picked":"Compile Driver","floor":8.0},{"not_picked":["BootSequence","Steam"],"picked":"Go for the Eyes","floor":12.0},{"not_picked":["Reprogram","Fission"],"picked":"Undo","floor":13.0},{"not_picked":["Multi-Cast","Rainbow"],"picked":"Biased Cognition","floor":16.0},{"not_picked":["Beam Cell","Force Field"],"picked":"Streamline","floor":18.0},{"not_picked":["Conserve Battery","Beam Cell"],"picked":"Coolheaded+1","floor":19.0},{"not_picked":["Gash","Heatsinks"],"picked":"Self Repair","floor":21.0},{"not_picked":["Go for the Eyes","Sweeping Beam"],"picked":"Chaos+1","floor":24},{"not_picked":["Steam","Machine Learning"],"picked":"Chill","floor":27},{"not_picked":["Conserve Battery","Cold Snap"],"picked":"Doom and Gloom","floor":28},{"not_picked":["Barrage","Leap"],"picked":"Stack+1","floor":29},{"not_picked":["Coolheaded","Reprogram"],"picked":"Compile Driver","floor":30},{"not_picked":["Reboot","Machine Learning"],"picked":"Creative AI","floor":33},{"not_picked":["Turbo","Ball Lightning","Hello World+1"],"picked":"SKIP","floor":35},{"not_picked":["Coolheaded","Double Energy","Conserve Battery+1"],"picked":"SKIP","floor":37},{"not_picked":["Coolheaded","Rip and Tear","Leap"],"picked":"SKIP","floor":38},{"not_picked":["Leap","Steam+1"],"picked":"Glacier+1","floor":39},{"not_picked":["Multi-Cast","Barrage"],"picked":"Ball Lightning","floor":40},{"not_picked":["Rip and Tear","Heatsinks","Conserve Battery"],"picked":"SKIP","floor":42},{"not_picked":["Scrape","Rebound"],"picked":"Aggregate+1","floor":46},{"not_picked":["Go for the Eyes","Barrage+1"],"picked":"Hologram+1","floor":47},{"not_picked":["Hologram+1","Stack+1"],"picked":"Consume+1","floor":48}],"player_experience":812963,"relics_obtained":[{"floor":7.0,"key":"Lantern"},{"floor":9.0,"key":"Bag of Preparation"},{"floor":13.0,"key":"Cables"},{"floor":24,"key":"Gambling Chip"},{"floor":29,"key":"Regal Pillow"},{"floor":40,"key":"Centennial Puzzle"},{"floor":42,"key":"War Paint"},{"floor":46,"key":"Toxic Egg 2"},{"floor":47,"key":"Old Coin"}],"event_choices":[{"damage_healed":0.0,"max_hp_gain":0.0,"max_hp_loss":0.0,"gold_gain":0.0,"event_name":"Shining Light","player_choice":"Entered Light","floor":4.0,"gold_loss":0.0,"damage_taken":19.0,"cards_upgraded":["Defend_B","Zap"]},{"damage_healed":0.0,"max_hp_gain":0.0,"max_hp_loss":0.0,"gold_gain":150.0,"event_name":"Liars Game","player_choice":"AGREE","floor":5.0,"gold_loss":0.0,"damage_taken":0.0,"cards_obtained":["Doubt"]},{"damage_healed":0.0,"max_hp_gain":0.0,"max_hp_loss":0.0,"gold_gain":0.0,"cards_transformed":["Strike_B","Strike_B"],"event_name":"Designer","player_choice":"Transformed Cards","floor":20.0,"gold_loss":75.0,"damage_taken":0.0,"cards_obtained":["White Noise","Conserve Battery"]},{"damage_healed":0.0,"max_hp_gain":0.0,"max_hp_loss":0.0,"gold_gain":0.0,"event_name":"The Mausoleum","player_choice":"Opened","floor":22.0,"gold_loss":0.0,"damage_taken":0.0,"relics_obtained":["Happy Flower"],"cards_obtained":["Writhe"]},{"damage_healed":0,"gold_gain":0,"player_choice":"Embrace Madness","damage_taken":13,"max_hp_gain":0,"max_hp_loss":0,"event_name":"Winding Halls","floor":45,"gold_loss":0,"cards_obtained":["Madness","Madness"]},{"damage_healed":0,"gold_gain":0,"player_choice":"Fight","damage_taken":0,"max_hp_gain":0,"max_hp_loss":0,"event_name":"Mysterious Sphere","floor":47,"gold_loss":0}],"is_beta":false,"boss_relics":[{"not_picked":["Sozu","Inserter"],"picked":"Cursed Key"},{"not_picked":["Runic Pyramid","Coffee Dripper"],"picked":"Empty Cage"}],"items_purged_floors":[10,14],"is_endless":false,"potions_floor_spawned":[1,7,16,21,24,28,29,35,37,46,47],"ascension_level":16}