{"gold_per_floor":[113,113,131,143,76,76,93,106,106,106,117,117,133,12,12,111,111,124,223,197,247,262,262,293,293,318,330,354,385,397,165,165,270,270,284,302,5,18,18,18,38,70,148,148,248,52,62,62,62,62],"floor_reached":51,"playtime":3002,"items_purged":["Strike_G","Strike_G","Strike_G","Strike_G"],"score":839,"play_id":"70c18232-12ac-412b-a829-916fd5761bd4","local_time":"20190721211845","is_ascension_mode":true,"campfire_choices":[{"data":"Noxious Fumes","floor":6.0,"key":"SMITH"},{"data":"Caltrops","floor":10,"key":"SMITH"},{"data":"Footwork","floor":12,"key":"SMITH"},{"floor":15,"key":"REST"},{"data":"Caltrops","floor":23,"key":"SMITH"},{"data":"Adrenaline","floor":25,"key":"SMITH"},{"data":"Caltrops","floor":27,"key":"SMITH"},{"data":"Neutralize","floor":30,"key":"SMITH"},{"floor":32,"key":"REST"},{"data":"Dodge and Roll","floor":40,"key":"SMITH"},{"data":"Dodge and Roll","floor":44,"key":"SMITH"},{"data":"Dodge and Roll","floor":49,"key":"SMITH"}],"neow_cost":"NONE","seed_source_timestamp":0,"circlet_count":0,"master_deck":["Strike_G","Defend_G","Defend_G","Defend_G","Defend_G","Defend_G","Neutralize+1","Footwork+1","Caltrops+1","Noxious Fumes+1","Dodge and Roll+1","Footwork+1","Deflect","Adrenaline+1","Caltrops+1","Dodge and Roll+1","Caltrops+1","Prepared","Dodge and Roll+1","Blur","Finesse","Dodge and Roll+1","Finesse","Noxious Fumes+1"],"special_seed":0,"relics":["Ring of the Snake","NeowsBlessing","Omamori","Black Star","Bag of Preparation","Shuriken","MawBank","Bronze Scales","Eternal Feather","Potion Belt","Smiling Mask","Pantograph","StoneCalendar","Oddly Smooth Stone"],"potions_floor_usage":[20,24,24,33,35,36],"damage_taken":[{"damage":0.0,"enemies":"Jaw Worm","floor":1.0,"turns":1.0},{"damage":0.0,"enemies":"Cultist","floor":3.0,"turns":1.0},{"damage":0.0,"enemies":"Small Slimes","floor":4.0,"turns":1.0},{"damage":15.0,"enemies":"Gremlin Gang","floor":7.0,"turns":7.0},{"damage":11.0,"enemies":"Looter","floor":8.0,"turns":4.0},{"damage":4,"enemies":"2 Fungi Beasts","floor":11,"turns":4},{"damage":16,"enemies":"Lots of Slimes","floor":13,"turns":5},{"damage":3,"enemies":"The Guardian","floor":16,"turns":12},{"damage":0,"enemies":"Shell Parasite","floor":18,"turns":6},{"damage":11,"enemies":"2 Thieves","floor":20,"turns":5},{"damage":6,"enemies":"Centurion and Healer","floor":22,"turns":12},{"damage":0,"enemies":"Book of Stabbing","floor":24,"turns":7},{"damage":0,"enemies":"Chosen and Byrds","floor":28,"turns":5},{"damage":0,"enemies":"Snake Plant","floor":29,"turns":5},{"damage":48,"enemies":"Collector","floor":33,"turns":13},{"damage":30,"enemies":"3 Darklings","floor":35,"turns":5},{"damage":3,"enemies":"Orb Walker","floor":36,"turns":5},{"damage":7,"enemies":"Writhing Mass","floor":38,"turns":5},{"damage":5,"enemies":"Spire Growth","floor":41,"turns":8},{"damage":13,"enemies":"Nemesis","floor":42,"turns":11},{"damage":8,"enemies":"Mind Bloom Boss Battle","floor":45,"turns":13},{"damage":0,"enemies":"Maw","floor":47,"turns":10},{"damage":2,"enemies":"Time Eater","floor":50,"turns":13}],"seed_played":"-5397646625017399779","potions_obtained":[{"floor":3.0,"key":"Dexterity Potion"},{"floor":4.0,"key":"AttackPotion"},{"floor":8.0,"key":"SteroidPotion"},{"floor":20,"key":"Block Potion"},{"floor":28,"key":"Dexterity Potion"},{"floor":29,"key":"FairyPotion"},{"floor":35,"key":"Regen Potion"},{"floor":36,"key":"PowerPotion"},{"floor":42,"key":"Energy Potion"},{"floor":45,"key":"SpeedPotion"}],"is_trial":false,"path_per_floor":["M","?","M","M","$","R","M","M","T","R","M","R","M","$","R","B",null,"M","?","M","?","M","R","E","R","T","R","M","M","R","$","R","B",null,"M","M","$","M","?","R","M","E","T","R","?","$","M","?","R","B",null],"character_chosen":"THE_SILENT","items_purchased":["Noxious Fumes","Deflect","Bronze Scales","Blur","Finesse","Dodge and Roll","Oddly Smooth Stone"],"campfire_rested":2,"item_purchase_floors":[5,14,31,37,37,37,46],"current_hp_per_floor":[70,70,70,70,70,70,55,44,44,44,40,40,24,24,45,42,70,70,70,59,59,53,53,53,53,53,53,53,53,53,53,70,22,70,40,52,52,45,40,55,50,37,37,52,62,62,62,62,70,68],"gold":62,"neow_bonus":"THREE_ENEMY_KILL","is_prod":false,"is_daily":false,"chose_seed":false,"campfire_upgraded":10,"win_rate":0,"timestamp":1563725925,"path_taken":["M","?","M","?","$","R","M","M","T","R","M","R","M","$","R","BOSS","M","?","M","?","?","R","E","R","T","R","M","M","R","$","R","BOSS","M","?","$","M","?","R","M","E","T","R","?","$","M","?","R","BOSS"],"build_version":"2019-07-17","purchased_purges":4,"victory":true,"max_hp_per_floor":[70,70,70,70,70,70,70,70,70,70,70,70,70,70,70,70,70,70,70,70,70,70,70,70,70,70,70,70,70,70,70,70,70,70,70,70,70,70,70,70,70,70,70,70,70,70,70,70,70,70],"card_choices":[{"not_picked":["Acrobatics","Leg Sweep"],"picked":"Footwork","floor":1.0},{"not_picked":["Reflex","Eviscerate"],"picked":"Caltrops","floor":3.0},{"not_picked":["Slice","Dagger Spray","Dagger Throw"],"picked":"SKIP","floor":4.0},{"not_picked":["Sucker Punch","Calculated Gamble","Reflex"],"picked":"SKIP","floor":7.0},{"not_picked":["Corpse Explosion","Dagger Throw"],"picked":"Dodge and Roll","floor":8.0},{"not_picked":["Acrobatics","Concentrate"],"picked":"Footwork","floor":11},{"not_picked":["Setup","Flying Knee","Poisoned Stab"],"picked":"SKIP","floor":13},{"not_picked":["Unload","Storm of Steel"],"picked":"Adrenaline","floor":16},{"not_picked":["Predator","Deadly Poison"],"picked":"Caltrops","floor":18},{"not_picked":["Flechettes+1","Dagger Spray+1"],"picked":"Dodge and Roll","floor":20},{"not_picked":["Expertise+1","Cloak And Dagger"],"picked":"Caltrops","floor":22},{"not_picked":["Sucker Punch","Outmaneuver","Setup"],"picked":"SKIP","floor":24},{"not_picked":["Infinite Blades","Riddle With Holes","Dagger Spray"],"picked":"SKIP","floor":28},{"not_picked":["Dagger Spray+1","Deadly Poison"],"picked":"Prepared","floor":29},{"not_picked":["Quick Slash","Sucker Punch+1","Slice"],"picked":"SKIP","floor":35},{"not_picked":["Dash","Cloak And Dagger+1"],"picked":"Dodge and Roll+1","floor":36},{"not_picked":["Deadly Poison","Poisoned Stab","Cloak And Dagger+1"],"picked":"SKIP","floor":38},{"not_picked":["Master of Strategy","Flash of Steel"],"picked":"Finesse","floor":39},{"not_picked":["Underhanded Strike+1","Expertise+1","Crippling Poison"],"picked":"SKIP","floor":41},{"not_picked":["Blade Dance+1","Leg Sweep+1","Cloak And Dagger+1"],"picked":"SKIP","floor":42},{"not_picked":["Calculated Gamble+1","Sucker Punch+1"],"picked":"Noxious Fumes+1","floor":47}],"player_experience":151832,"relics_obtained":[{"floor":9,"key":"Omamori"},{"floor":24,"key":"Bag of Preparation"},{"floor":24,"key":"Shuriken"},{"floor":26,"key":"MawBank"},{"floor":42,"key":"Potion Belt"},{"floor":42,"key":"Smiling Mask"},{"floor":43,"key":"Pantograph"},{"floor":45,"key":"StoneCalendar"}],"event_choices":[{"damage_healed":0.0,"max_hp_gain":0.0,"max_hp_loss":0.0,"gold_gain":0.0,"event_name":"Accursed Blacksmith","player_choice":"Forge","floor":2.0,"gold_loss":0.0,"damage_taken":0.0,"cards_upgraded":["Footwork"]},{"damage_healed":0,"gold_gain":99,"player_choice":"Stole From Cult","damage_taken":0,"max_hp_gain":0,"max_hp_loss":0,"event_name":"Nest","floor":19,"gold_loss":0},{"damage_healed":0,"gold_gain":100,"player_choice":"Bet on Murderer","damage_taken":0,"max_hp_gain":0,"max_hp_loss":0,"event_name":"The Joust","floor":21,"gold_loss":50},{"damage_healed":0,"gold_gain":0,"player_choice":"Memory 2","damage_taken":5,"max_hp_gain":0,"max_hp_loss":0,"event_name":"SensoryStone","floor":39,"gold_loss":0},{"damage_healed":0,"gold_gain":0,"player_choice":"Fight","damage_taken":0,"max_hp_gain":0,"max_hp_loss":0,"event_name":"MindBloom","floor":45,"gold_loss":0},{"cards_removed":["Survivor"],"damage_healed":0,"gold_gain":0,"player_choice":"Offered Basic","damage_taken":0,"max_hp_gain":0,"max_hp_loss":0,"event_name":"Bonfire Elementals","floor":48,"gold_loss":0}],"is_beta":false,"boss_relics":[{"not_picked":["HoveringKite","Coffee Dripper"],"picked":"Black Star"},{"not_picked":["Pandora\u0027s Box","Lizard Tail"],"picked":"Eternal Feather"}],"items_purged_floors":[14,31,37,46],"is_endless":false,"potions_floor_spawned":[3,4,8,13,20,28,29,35,36,42,45],"ascension_level":3}