{"path_per_floor":["M","?","?","M","M","R","T","$","T","M","$","R","E","$","R","B",null,"M","$","M","M","?","R","?","$","T","$","R","M","R","M","R"],"character_chosen":"THE_SILENT","items_purchased":["Bandage Up","Caltrops","Terror","Outmaneuver","Noxious Fumes","Acrobatics","Calculated Gamble"],"gold_per_floor":[219,294,294,304,324,324,324,71,71,82,12,12,44,44,44,143,143,159,59,45,57,57,57,57,57,81,43,43,55,55,65,65],"floor_reached":33,"campfire_rested":6,"playtime":1618,"current_hp_per_floor":[70,59,45,45,41,41,41,41,41,45,45,66,33,33,54,17,70,53,53,38,6,6,20,20,20,20,20,34,16,30,21,35],"items_purged":["Strike_G"],"gold":65,"play_id":"819d49cd-415e-4c29-a448-dc81a49c356e","is_prod":false,"is_daily":false,"campfire_rituals":0,"campfire_upgraded":1,"is_hardmode":false,"path_taken":["M","?","?","?","M","R","?","$","T","?","?","R","E","$","R","BOSS","M","$","M","M","?","R","?","?","T","$","R","M","R","M","R","BOSS"],"build_version":"2018-01-18-PROD4","purchased_purges":1,"victory":false,"master_deck":["Defend_G","Defend_G","Defend_G","Defend_G","Defend_G","Survivor","Neutralize","Poisoned Stab","Footwork","Poisoned Stab","Bandage Up","Caltrops","Terror","Outmaneuver","Acrobatics","Noxious Fumes","Tools of the Trade","Outmaneuver","Acrobatics","PiercingWail","Slice","Bite_G","Bite_G","Bite_G","Bite_G","Bite_G","Calculated Gamble","Prepared"],"max_hp_per_floor":[70,70,70,70,70,70,70,70,70,70,70,70,70,70,70,70,70,70,70,70,70,49,49,49,49,49,49,49,49,49,49,49],"relics":["Ring of the Snake","Frozen Eye","Calipers","Toxic Egg","Sozu","Bag of Preparation"],"campfire_meditates":0,"card_choices":[{"not_picked":["Backstab","Dodge and Roll"],"picked":"Poisoned Stab"},{"not_picked":["Bane","Choke"],"picked":"Footwork"},{"not_picked":["Bane","Dodge and Roll"],"picked":"Poisoned Stab"},{"not_picked":["Sucker Punch","Dagger Spray"],"picked":"Acrobatics"},{"not_picked":["Tactician","Burst"],"picked":"Tools of the Trade"},{"not_picked":["Catalyst","Blur"],"picked":"Outmaneuver"},{"not_picked":["Crippling Poison","Deadly Poison"],"picked":"PiercingWail"},{"not_picked":["Dagger Throw","Outmaneuver"],"picked":"Slice"},{"not_picked":["Bouncing Flask","Dagger Spray"],"picked":"Prepared"}],"player_experience":34084,"potions_floor_usage":[16],"damage_taken":[{"damage":0,"enemies":"Small Slimes","floor":1,"turns":5},{"damage":0,"enemies":"2 Louse","floor":4,"turns":2},{"damage":4,"enemies":"Jaw Worm","floor":5,"turns":5},{"damage":0,"enemies":"Looter","floor":10,"turns":4},{"damage":37,"enemies":"Gremlin Nob","floor":13,"turns":4},{"damage":43,"enemies":"The Guardian","floor":16,"turns":9},{"damage":17,"enemies":"3 Byrds","floor":18,"turns":4},{"damage":21,"enemies":"2 Thieves","floor":20,"turns":4},{"damage":38,"enemies":"Sentry and Sphere","floor":21,"turns":8},{"damage":50,"enemies":"Slaver and Parasite","floor":29,"turns":10},{"damage":35,"enemies":"Centurion and Healer","floor":31,"turns":8},{"damage":50,"enemies":"Collector","floor":33,"turns":5}],"event_choices":[{"event_name":"World of Goop","player_choice":"Gather Gold","floor":2,"damage_taken":0},{"event_name":"Shining Light","player_choice":"Entered Light","floor":3,"damage_taken":0},{"event_name":"Vampires","player_choice":"Became a vampire","floor":22,"damage_taken":0},{"event_name":"Addict","player_choice":"Ignored","floor":24,"damage_taken":0}],"boss_relics":[{"not_picked":["Question Card","The Specimen"],"picked":"Sozu"}],"potions_floor_spawned":[1,10,13,31],"seed_played":"8725551187834469910","killed_by":"Collector","is_trial":false}