{"gold_per_floor":[119,119,133,133,147,180,180,199,223,223,243,278,290,309,309,383,383,403,414,414,414,414],"floor_reached":22,"playtime":2903,"items_purged":[],"score":386,"play_id":"bb687956-630c-49e2-9d74-7591d3190065","local_time":"20190731184238","is_ascension_mode":true,"campfire_choices":[{"floor":7.0,"key":"REST"},{"floor":10.0,"key":"REST"},{"floor":15.0,"key":"REST"}],"neow_cost":"NONE","seed_source_timestamp":1860270279318754,"circlet_count":0,"master_deck":["AscendersBane","Strike_G+1","Strike_G+1","Strike_G","Defend_G","Defend_G","Defend_G","Defend_G","Defend_G","Survivor","Neutralize","Sucker Punch+1","Quick Slash","Crippling Poison","Leg Sweep","All Out Attack","Deflect","Dash","Caltrops","Noxious Fumes","Deadly Poison","Cloak And Dagger","Doppelganger","Footwork","Caltrops","Deadly Poison","Poisoned Stab","Backflip","Backflip+1","Tools of the Trade","Flechettes"],"special_seed":0,"relics":["Ring of the Snake","Happy Flower","Dream Catcher","Regal Pillow","Orrery"],"potions_floor_usage":[],"damage_taken":[{"damage":3.0,"enemies":"2 Louse","floor":1.0,"turns":3.0},{"damage":0.0,"enemies":"Cultist","floor":3.0,"turns":3.0},{"damage":0.0,"enemies":"Small Slimes","floor":5.0,"turns":4.0},{"damage":20.0,"enemies":"3 Sentries","floor":6.0,"turns":12.0},{"damage":3.0,"enemies":"Looter","floor":8.0,"turns":4.0},{"damage":0.0,"enemies":"3 Louse","floor":11.0,"turns":4.0},{"damage":11.0,"enemies":"Lagavulin","floor":12.0,"turns":9.0},{"damage":13.0,"enemies":"Exordium Wildlife","floor":13.0,"turns":3.0},{"damage":0.0,"enemies":"Looter","floor":14.0,"turns":3.0},{"damage":60.0,"enemies":"Slime Boss","floor":16.0,"turns":11.0},{"damage":22.0,"enemies":"2 Thieves","floor":18.0,"turns":5.0},{"damage":8.0,"enemies":"Chosen","floor":19.0,"turns":5.0},{"damage":21,"enemies":"Snake Plant","floor":22,"turns":3}],"seed_played":"6123084630362541409","potions_obtained":[{"floor":5.0,"key":"GamblersBrew"},{"floor":11.0,"key":"Block Potion"},{"floor":13.0,"key":"SpeedPotion"},{"floor":16.0,"key":"Weak Potion"}],"is_trial":false,"path_per_floor":["M","?","M","?","M","E","R","M","T","R","M","E","M","M","R","B",null,"M","M","?","?","M"],"character_chosen":"THE_SILENT","items_purchased":[],"campfire_rested":3,"item_purchase_floors":[],"current_hp_per_floor":[56,36,36,36,36,16,35,32,32,51,51,40,27,27,61,1,50,28,20,20,20,0],"gold":414,"neow_bonus":"THREE_CARDS","is_prod":false,"is_daily":false,"chose_seed":false,"campfire_upgraded":0,"win_rate":0,"timestamp":1564612958,"path_taken":["M","?","M","?","M","E","R","?","T","R","M","E","M","M","R","BOSS","M","M","?","?","M"],"build_version":"2019-07-17","purchased_purges":0,"victory":false,"max_hp_per_floor":[66,66,66,66,66,66,66,66,66,66,66,66,66,66,66,66,66,66,66,66,66,66],"card_choices":[{"not_picked":["Eviscerate","Bane"],"picked":"Sucker Punch","floor":0.0},{"not_picked":["Outmaneuver","Infinite Blades"],"picked":"Quick Slash","floor":1.0},{"not_picked":["Bane","Eviscerate"],"picked":"Crippling Poison","floor":3.0},{"not_picked":["Setup","Blade Dance"],"picked":"Leg Sweep","floor":5.0},{"not_picked":["Terror","Riddle With Holes"],"picked":"All Out Attack","floor":6.0},{"not_picked":["Quick Slash","Calculated Gamble","Sucker Punch"],"picked":"SKIP","floor":8.0},{"not_picked":["Bane","Backflip"],"picked":"Deflect","floor":10.0},{"not_picked":["Cloak And Dagger","Poisoned Stab"],"picked":"Dash","floor":11.0},{"not_picked":["Burst","Deflect"],"picked":"Caltrops","floor":12.0},{"not_picked":["Eviscerate","Well Laid Plans"],"picked":"Noxious Fumes","floor":13.0},{"not_picked":["Setup","Flying Knee"],"picked":"Deadly Poison","floor":14.0},{"not_picked":["Accuracy","Outmaneuver"],"picked":"Cloak And Dagger","floor":15.0},{"not_picked":["Phantasmal Killer","Bullet Time"],"picked":"Doppelganger","floor":16.0},{"not_picked":["Blur","Dagger Spray"],"picked":"Footwork","floor":17.0},{"not_picked":["Prepared","Endless Agony"],"picked":"Caltrops","floor":17.0},{"not_picked":["Prepared","Dagger Spray"],"picked":"Deadly Poison","floor":17.0},{"not_picked":["Masterful Stab","Prepared"],"picked":"Poisoned Stab","floor":17.0},{"not_picked":["Dodge and Roll","Setup"],"picked":"Backflip","floor":17.0},{"not_picked":["Flying Knee","Infinite Blades","A Thousand Cuts"],"picked":"SKIP","floor":18.0},{"not_picked":["Deadly Poison","Predator"],"picked":"Backflip+1","floor":19.0}],"player_experience":925515,"relics_obtained":[{"floor":6.0,"key":"Happy Flower"},{"floor":9.0,"key":"Dream Catcher"},{"floor":12.0,"key":"Regal Pillow"}],"event_choices":[{"damage_healed":0.0,"max_hp_gain":0.0,"max_hp_loss":0.0,"gold_gain":0.0,"event_name":"Shining Light","player_choice":"Entered Light","floor":2.0,"gold_loss":0.0,"damage_taken":20.0,"cards_upgraded":["Strike_G","Strike_G"]},{"damage_healed":0.0,"max_hp_gain":0.0,"max_hp_loss":0.0,"gold_gain":0.0,"event_name":"Upgrade Shrine","player_choice":"Upgraded","floor":4.0,"gold_loss":0.0,"damage_taken":0.0,"cards_upgraded":["Sucker Punch"]},{"damage_healed":0.0,"max_hp_gain":0.0,"max_hp_loss":0.0,"gold_gain":0.0,"event_name":"Cursed Tome","player_choice":"Ignored","floor":20.0,"gold_loss":0.0,"damage_taken":0.0},{"damage_healed":0.0,"max_hp_gain":0.0,"max_hp_loss":0.0,"gold_gain":0.0,"cards_transformed":["Strike_G","Strike_G"],"event_name":"Drug Dealer","player_choice":"Became Test Subject","floor":21.0,"gold_loss":0.0,"damage_taken":0.0,"cards_obtained":["Tools of the Trade","Flechettes"]}],"is_beta":false,"boss_relics":[{"not_picked":["Ring of the Serpent","Coffee Dripper"],"picked":"Orrery"}],"items_purged_floors":[],"is_endless":false,"potions_floor_spawned":[5,11,13,16],"killed_by":"Snake Plant","ascension_level":19}