{"gold_per_floor":[112,125,125,141,66,66,66,66,117,117,135,135,147,163,163,264,264,277,277,277,277,297,310,310,321,321,321,78,0,29,49,49,148,148,163,0,54,54,4,22,22,22,47,63,88,103,103,123,123,123],"floor_reached":51,"playtime":1979,"items_purged":["Strike_R","Bash"],"score":682,"play_id":"77574939-387e-4819-94eb-3d7d405d7d0e","local_time":"20190411214527","is_ascension_mode":false,"campfire_choices":[{"data":"Trip","floor":6,"key":"SMITH"},{"data":"Ghostly Armor","floor":8,"key":"SMITH"},{"data":"Headbutt","floor":10,"key":"SMITH"},{"data":"Shrug It Off","floor":12,"key":"SMITH"},{"data":"Shrug It Off","floor":15,"key":"SMITH"},{"data":"RitualDagger","floor":24,"key":"SMITH"},{"floor":32,"key":"REST"},{"data":"Shrug It Off","floor":41,"key":"SMITH"},{"data":"Madness","floor":47,"key":"SMITH"},{"data":"Madness","floor":49,"key":"SMITH"}],"neow_cost":"NONE","seed_source_timestamp":105797871366,"circlet_count":0,"master_deck":["Strike_R+1","Strike_R+1","Strike_R+1","Strike_R+1","Defend_R+1","Defend_R+1","Defend_R+1","Defend_R+1","Trip+1","Ghostly Armor+1","Armaments+1","Headbutt+1","Shrug It Off+1","Shrug It Off+1","Reaper+1","Power Through+1","RitualDagger+1","Uppercut+1","Metallicize+1","Dropkick+1","Barricade+1","Impervious+1","Spot Weakness+1","Evolve+1","Shrug It Off+1","Madness+1","Madness+1","Havoc+1","Body Slam+1","Cleave+1"],"relics":["Burning Blood","Philosopher\u0027s Stone","Question Card","Enchiridion","Bronze Scales","Pen Nib","Coffee Dripper","Red Mask","Ice Cream","Mark of the Bloom","Art of War","Whetstone"],"potions_floor_usage":[22,22,25,25,30,33,37,40,50,50],"damage_taken":[{"damage":2,"enemies":"2 Louse","floor":1,"turns":3},{"damage":1,"enemies":"Jaw Worm","floor":2,"turns":4},{"damage":0,"enemies":"Small Slimes","floor":4,"turns":3},{"damage":5,"enemies":"Looter","floor":11,"turns":2},{"damage":1,"enemies":"Blue Slaver","floor":13,"turns":3},{"damage":0,"enemies":"3 Louse","floor":14,"turns":3},{"damage":59,"enemies":"Hexaghost","floor":16,"turns":13},{"damage":4,"enemies":"Shell Parasite","floor":18,"turns":6},{"damage":10,"enemies":"2 Thieves","floor":22,"turns":4},{"damage":28,"enemies":"3 Cultists","floor":23,"turns":8},{"damage":0,"enemies":"Snecko","floor":25,"turns":6},{"damage":15,"enemies":"Book of Stabbing","floor":30,"turns":5},{"damage":34,"enemies":"Centurion and Healer","floor":31,"turns":6},{"damage":14,"enemies":"Champ","floor":33,"turns":18},{"damage":3,"enemies":"3 Shapes","floor":35,"turns":7},{"damage":0,"enemies":"2 Orb Walkers","floor":37,"turns":6},{"damage":0,"enemies":"Orb Walker","floor":40,"turns":3},{"damage":8,"enemies":"3 Darklings","floor":44,"turns":7},{"damage":4,"enemies":"Transient","floor":46,"turns":5},{"damage":0,"enemies":"Jaw Worm Horde","floor":48,"turns":5},{"damage":44,"enemies":"Awakened One","floor":50,"turns":8}],"seed_played":"-3586326480554575732","potions_obtained":[{"floor":1,"key":"Weak Potion"},{"floor":2,"key":"Ancient Potion"},{"floor":11,"key":"Energy Potion"},{"floor":23,"key":"Explosive Potion"},{"floor":25,"key":"PowerPotion"},{"floor":30,"key":"Ancient Potion"},{"floor":31,"key":"Dexterity Potion"},{"floor":35,"key":"Swift Potion"},{"floor":44,"key":"Energy Potion"}],"is_trial":false,"path_per_floor":["M","M","?","M","$","R","?","R","T","R","M","R","M","M","R","B",null,"M","?","?","?","M","M","R","M","T","?","$","?","E","M","R","B",null,"M","?","?","?","$","M","R","?","T","M","T","M","R","M","R","B",null],"character_chosen":"IRONCLAD","items_purchased":["Bronze Scales","Fire Potion"],"campfire_rested":1,"item_purchase_floors":[28,39],"current_hp_per_floor":[80,80,64,70,70,70,70,70,70,70,71,71,76,80,80,27,80,80,74,59,59,65,55,55,67,67,51,51,51,46,30,55,54,85,85,85,85,85,85,85,85,74,74,66,66,62,62,62,62,18],"gold":123,"neow_bonus":"RANDOM_COLORLESS","is_prod":false,"is_daily":false,"chose_seed":false,"campfire_upgraded":9,"win_rate":0,"timestamp":1555006527,"path_taken":["M","M","?","M","$","R","?","R","T","R","M","R","M","M","R","BOSS","M","?","?","?","M","M","R","M","T","?","$","?","E","M","R","BOSS","M","?","?","?","?","M","R","?","T","M","?","?","R","M","R","BOSS"],"build_version":"2019-04-04","purchased_purges":2,"victory":true,"max_hp_per_floor":[80,80,80,80,80,80,80,80,80,80,80,80,80,80,80,80,80,80,80,85,85,85,85,85,85,85,85,85,85,85,85,85,85,85,85,85,85,85,85,85,85,85,85,85,85,85,85,85,85,85],"card_choices":[{"not_picked":["Searing Blow","Flex"],"picked":"Ghostly Armor","floor":1},{"not_picked":["Entrench","Wild Strike"],"picked":"Armaments","floor":2},{"not_picked":["Fire Breathing","Dropkick"],"picked":"Headbutt","floor":4},{"not_picked":["Hemokinesis","Fire Breathing"],"picked":"Shrug It Off","floor":11},{"not_picked":["Second Wind","Anger"],"picked":"Shrug It Off","floor":13},{"not_picked":["Ghostly Armor","Perfected Strike","Rupture"],"picked":"SKIP","floor":14},{"not_picked":["Fiend Fire","Double Tap"],"picked":"Reaper","floor":16},{"not_picked":["Bloodletting","Burning Pact"],"picked":"Power Through","floor":18},{"not_picked":["Anger+1","Clash"],"picked":"Metallicize","floor":22},{"not_picked":["Thunderclap+1","Entrench+1","Flex"],"picked":"SKIP","floor":23},{"not_picked":["Twin Strike+1","Thunderclap"],"picked":"Dropkick","floor":25},{"not_picked":["Dual Wield","Double Tap","Armaments"],"picked":"Barricade","floor":30},{"not_picked":["Entrench","Anger+1","Iron Wave","Headbutt"],"picked":"SKIP","floor":31},{"not_picked":["Barricade","Double Tap","Immolate"],"picked":"Impervious","floor":33},{"not_picked":["Clash","Twin Strike+1","Disarm"],"picked":"Spot Weakness","floor":35},{"not_picked":["Heavy Blade+1","Second Wind","Shrug It Off"],"picked":"Evolve","floor":37},{"not_picked":["Twin Strike","Heavy Blade+1","Warcry"],"picked":"Shrug It Off","floor":40},{"not_picked":["Sever Soul+1","Wild Strike+1","Clothesline+1"],"picked":"Havoc+1","floor":44},{"not_picked":["Carnage","Bludgeon","Pommel Strike"],"picked":"Body Slam+1","floor":46},{"not_picked":["Iron Wave+1","Anger","Feel No Pain"],"picked":"Cleave+1","floor":48}],"player_experience":663392,"relics_obtained":[{"floor":26,"key":"Question Card"},{"floor":27,"key":"Enchiridion"},{"floor":30,"key":"Pen Nib"},{"floor":37,"key":"Ice Cream"},{"floor":43,"key":"Art of War"},{"floor":45,"key":"Whetstone"}],"event_choices":[{"damage_healed":0,"gold_gain":0,"player_choice":"Entered Light","damage_taken":16,"max_hp_gain":0,"max_hp_loss":0,"event_name":"Shining Light","floor":3,"gold_loss":0,"cards_upgraded":["Armaments","Strike_R"]},{"damage_healed":0,"gold_gain":0,"player_choice":"Searched \u00271\u0027 times","damage_taken":0,"max_hp_gain":0,"max_hp_loss":0,"event_name":"Dead Adventurer","floor":7,"gold_loss":0},{"damage_healed":0,"gold_gain":0,"player_choice":"Joined the Cult","damage_taken":6,"max_hp_gain":0,"max_hp_loss":0,"event_name":"Nest","floor":19,"gold_loss":0,"cards_obtained":["RitualDagger"]},{"damage_healed":0,"gold_gain":0,"player_choice":"Shed Blood","damage_taken":20,"max_hp_gain":5,"max_hp_loss":0,"event_name":"Forgotten Altar","floor":20,"gold_loss":0},{"damage_healed":0,"gold_gain":0,"player_choice":"Read","damage_taken":0,"max_hp_gain":0,"max_hp_loss":0,"event_name":"The Library","floor":21,"gold_loss":0,"cards_obtained":["Uppercut"]},{"damage_healed":0,"gold_gain":0,"player_choice":"Obtained Book","damage_taken":16,"max_hp_gain":0,"max_hp_loss":0,"event_name":"Cursed Tome","floor":27,"gold_loss":0},{"damage_healed":0,"gold_gain":0,"player_choice":"Paid Fearfully","damage_taken":0,"max_hp_gain":0,"max_hp_loss":0,"event_name":"Masked Bandits","floor":29,"gold_loss":78},{"damage_healed":0,"gold_gain":0,"player_choice":"Paid","damage_taken":0,"relics_obtained":["Red Mask"],"max_hp_gain":0,"max_hp_loss":0,"event_name":"Tomb of Lord Red Mask","floor":36,"gold_loss":163},{"damage_healed":0,"gold_gain":0,"player_choice":"Fight","damage_taken":0,"max_hp_gain":0,"max_hp_loss":0,"event_name":"Mysterious Sphere","floor":37,"gold_loss":0},{"damage_healed":0,"gold_gain":0,"player_choice":"Upgrade","damage_taken":0,"relics_obtained":["Mark of the Bloom"],"max_hp_gain":0,"max_hp_loss":0,"event_name":"MindBloom","floor":38,"gold_loss":0,"cards_upgraded":["Strike_R","Strike_R","Strike_R","Defend_R","Defend_R","Defend_R","Defend_R","Reaper","Power Through","Uppercut","Metallicize","Dropkick","Barricade","Impervious","Spot Weakness","Evolve"]},{"damage_healed":0,"gold_gain":0,"player_choice":"Embrace Madness","damage_taken":11,"max_hp_gain":0,"max_hp_loss":0,"event_name":"Winding Halls","floor":42,"gold_loss":0,"cards_obtained":["Madness","Madness"]}],"is_beta":true,"boss_relics":[{"not_picked":["Runic Pyramid","Pandora\u0027s Box"],"picked":"Philosopher\u0027s Stone"},{"not_picked":["Tiny House","Runic Dome"],"picked":"Coffee Dripper"}],"items_purged_floors":[5,28],"is_endless":false,"potions_floor_spawned":[1,2,11,23,25,30,31,35,44],"ascension_level":0}