{"path_per_floor":["M","?","M","$","M","R","?","E","T","E","R","?","R","M","R","B",null,"M","$","?","$","?","M","M","M","T","R","M","?","T","M","R"],"character_chosen":"THE_SILENT","items_purchased":["Acrobatics","Quick Slash","Dodge and Roll","Deflect","Well Laid Plans"],"gold_per_floor":[109,109,125,5,16,16,45,74,74,109,109,109,109,128,128,227,227,239,39,139,24,24,38,57,71,71,71,83,83,157,175,175],"floor_reached":33,"campfire_rested":3,"playtime":5163,"current_hp_per_floor":[69,74,74,74,70,70,64,64,78,53,79,79,79,77,77,21,89,80,80,80,80,80,78,49,38,38,64,20,20,20,18,44],"items_purged":["Strike_G","Strike_G"],"gold":175,"play_id":"a35ee82e-6cdd-4794-b2f9-8b0cdf97d258","is_prod":false,"is_daily":false,"campfire_rituals":0,"campfire_upgraded":3,"is_hardmode":false,"path_taken":["M","?","M","$","?","R","?","E","T","E","R","?","R","M","R","BOSS","M","$","?","$","?","M","M","M","T","R","M","?","?","M","R","BOSS"],"build_version":"2018-01-18-PROD3","purchased_purges":2,"victory":false,"master_deck":["Defend_G","Defend_G","Defend_G","Defend_G","Defend_G","Strike_G","Strike_G","Strike_G","Survivor","Neutralize","Flying Knee","Slice","Acrobatics","Backflip","Heel Hook","Predator","Blade Dance","Outmaneuver","Doppelganger","Acrobatics","Quick Slash","Dodge and Roll","Deflect","Well Laid Plans","Prepared","Deflect","Slice","Flying Knee","Terror"],"max_hp_per_floor":[70,75,75,75,75,75,75,75,89,89,89,89,89,89,89,89,89,89,89,89,89,89,89,89,89,89,89,89,89,89,89,89],"relics":["Ring of the Snake","Molten Egg","Odd Mushroom","Toxic Egg","Mango","Torii","Lizard Tail","War Paint","Mummified Hand"],"campfire_meditates":0,"card_choices":[{"not_picked":["Choke","Bane"],"picked":"Flying Knee"},{"not_picked":["PiercingWail","Poisoned Stab"],"picked":"Slice"},{"not_picked":["Predator","Malaise"],"picked":"Backflip"},{"not_picked":["Flying Knee","Dodge and Roll"],"picked":"Heel Hook"},{"not_picked":["Slice","Night Terror"],"picked":"Predator"},{"not_picked":["Poisoned Stab","Malaise"],"picked":"Blade Dance"},{"not_picked":["Dagger Throw","Slice"],"picked":"Outmaneuver"},{"not_picked":["Die Die Die","Glass Knife"],"picked":"Doppelganger"},{"not_picked":["Eviscerate","Dodge and Roll"],"picked":"Acrobatics"},{"not_picked":["Dodge and Roll","Acrobatics"],"picked":"Prepared"},{"not_picked":["Dash","Dagger Spray"],"picked":"Deflect"},{"not_picked":["Outmaneuver","Skewer"],"picked":"Slice"},{"not_picked":["Bane","Poisoned Stab"],"picked":"Flying Knee"},{"not_picked":["Dodge and Roll","Predator"],"picked":"Terror"}],"player_experience":8233,"potions_floor_usage":[7,8,28],"damage_taken":[{"damage":1,"enemies":"2 Louse","floor":1,"turns":3},{"damage":0,"enemies":"Small Slimes","floor":3,"turns":3},{"damage":4,"enemies":"Blue Slaver","floor":5,"turns":3},{"damage":6,"enemies":"The Mushroom Lair","floor":7,"turns":7},{"damage":6,"enemies":"Gremlin Nob","floor":8,"turns":5},{"damage":25,"enemies":"3 Sentries","floor":10,"turns":10},{"damage":2,"enemies":"Lots of Slimes","floor":14,"turns":4},{"damage":56,"enemies":"Slime Boss","floor":16,"turns":19},{"damage":9,"enemies":"Chosen","floor":18,"turns":6},{"damage":2,"enemies":"Spheric Guardian","floor":23,"turns":5},{"damage":29,"enemies":"Centurion and Healer","floor":24,"turns":13},{"damage":11,"enemies":"3 Cultists","floor":25,"turns":7},{"damage":44,"enemies":"Chosen and Byrds","floor":28,"turns":12},{"damage":2,"enemies":"Centurion and Healer","floor":31,"turns":7},{"damage":106,"enemies":"Automaton","floor":33,"turns":12}],"event_choices":[{"event_name":"Big Fish","player_choice":"Donut","floor":2,"damage_taken":0},{"event_name":"Mushrooms","player_choice":"Fought Mushrooms","floor":7,"damage_taken":0},{"event_name":"Shining Light","player_choice":"Ignored","floor":12,"damage_taken":0},{"event_name":"Golden Shrine","player_choice":"Pray","floor":20,"damage_taken":0},{"event_name":"Vampires","player_choice":"Ignored","floor":22,"damage_taken":0},{"event_name":"Drug Dealer","player_choice":"Ignored","floor":29,"damage_taken":0}],"boss_relics":[{"not_picked":["Runic Pyramid","Eternal Feather"],"picked":"Lizard Tail"}],"potions_floor_spawned":[1,7,25],"seed_played":"-7796090538086996622","killed_by":"Automaton","is_trial":false}