{"gold_per_floor":[118,118,128,144,164,164,176,143,143,99,99],"floor_reached":11,"playtime":905,"items_purged":[],"score":67,"play_id":"41b8e876-d98e-4719-a539-83a9456f965d","local_time":"20190627225155","is_ascension_mode":false,"campfire_choices":[{"data":"Loop","floor":6,"key":"SMITH"}],"neow_cost":"NONE","seed_source_timestamp":22720306726700,"circlet_count":0,"master_deck":["Strike_B","Strike_B","Strike_B","Strike_B","Defend_B","Defend_B","Defend_B","Defend_B","Zap","Dualcast","Glacier","Compile Driver","Loop+1","Doom and Gloom","Undo","Redo"],"relics":["Cracked Core","Frozen Egg 2"],"potions_floor_usage":[],"damage_taken":[{"damage":0,"enemies":"2 Louse","floor":1,"turns":3},{"damage":1,"enemies":"Jaw Worm","floor":3,"turns":7},{"damage":0,"enemies":"Small Slimes","floor":4,"turns":3},{"damage":15,"enemies":"Exordium Wildlife","floor":5,"turns":5},{"damage":0,"enemies":"Red Slaver","floor":7,"turns":5},{"damage":0,"enemies":"Exordium Thugs","floor":8,"turns":5},{"damage":96,"enemies":"Gremlin Nob","floor":11,"turns":7}],"seed_played":"4695489531031405728","potions_obtained":[{"floor":3,"key":"Energy Potion"},{"floor":8,"key":"Explosive Potion"}],"is_trial":false,"path_per_floor":["M","?","M","M","M","R","M","M","T","?","E"],"character_chosen":"DEFECT","items_purchased":[],"campfire_rested":0,"item_purchase_floors":[],"current_hp_per_floor":[82,82,81,81,66,66,66,66,66,66,0],"gold":99,"neow_bonus":"TEN_PERCENT_HP_BONUS","is_prod":false,"is_daily":false,"chose_seed":false,"campfire_upgraded":1,"win_rate":0.0,"timestamp":1561657915,"path_taken":["M","?","M","M","M","R","M","M","T","?","E"],"build_version":"2019-01-23","purchased_purges":0,"victory":false,"max_hp_per_floor":[82,82,82,82,82,82,82,82,82,82,82],"card_choices":[{"not_picked":["Gash","Conserve Battery"],"picked":"Glacier","floor":1},{"not_picked":["FTL","Go for the Eyes"],"picked":"Compile Driver","floor":3},{"not_picked":["Cold Snap","Lockon"],"picked":"Loop","floor":4},{"not_picked":["Ball Lightning","Redo"],"picked":"Doom and Gloom","floor":5},{"not_picked":["Stack","Seek"],"picked":"Undo","floor":7},{"not_picked":["Sweeping Beam","Auto Shields"],"picked":"Redo","floor":8}],"player_experience":12320,"relics_obtained":[{"floor":9,"key":"Frozen Egg 2"}],"event_choices":[{"damage_healed":0,"gold_gain":0,"player_choice":"Leave","damage_taken":0,"max_hp_gain":0,"max_hp_loss":0,"event_name":"The Cleric","floor":2,"gold_loss":0},{"damage_healed":0,"gold_gain":0,"player_choice":"Left Gold","damage_taken":0,"max_hp_gain":0,"max_hp_loss":0,"event_name":"World of Goop","floor":10,"gold_loss":44}],"is_beta":false,"boss_relics":[],"items_purged_floors":[],"is_endless":false,"potions_floor_spawned":[3,8],"killed_by":"Gremlin Nob","ascension_level":0}