{"gold_per_floor":[118,9,9,9,26,26,56,76,103,135,148,148,158,158,158,254,254,273,273,247,149,164,164,179,179,205,69,89,120,120,140,140,140],"floor_reached":33,"playtime":14375,"items_purged":["Defend_B","Defend_B"],"score":317,"play_id":"8c58e393-41d7-4274-a6ba-36586590e150","local_time":"20181231001231","is_ascension_mode":true,"campfire_choices":[{"data":"Capacitor","floor":6,"key":"SMITH"},{"data":"Consume","floor":12,"key":"SMITH"},{"data":"Auto Shields","floor":15,"key":"SMITH"},{"data":"Capacitor","floor":23,"key":"SMITH"},{"floor":25,"key":"REST"},{"floor":32,"key":"REST"}],"neow_cost":"NONE","seed_source_timestamp":6963801291762,"circlet_count":0,"master_deck":["Strike_B+1","Strike_B+1","Strike_B","Strike_B","Defend_B","Defend_B","Zap+1","Dualcast","Turbo","Capacitor+1","Undo","Conserve Battery","Ball Lightning","Auto Shields+1","Consume+1","Reboot","Cold Snap","Defend_B","Capacitor+1","Leap","Go for the Eyes+1","Darkness","Amplify","Genetic Algorithm","Enlightenment","Fission","Redo+1"],"relics":["Cracked Core","NeowsBlessing","Whetstone","Lantern","Girya","Nuclear Battery","Bag of Preparation","Letter Opener"],"potions_floor_usage":[10,11,29,31,31],"damage_taken":[{"damage":0,"enemies":"Cultist","floor":1,"turns":1},{"damage":0,"enemies":"2 Louse","floor":5,"turns":1},{"damage":0,"enemies":"Lagavulin","floor":7,"turns":1},{"damage":0,"enemies":"Small Slimes","floor":8,"turns":2},{"damage":16,"enemies":"Gremlin Nob","floor":10,"turns":3},{"damage":5,"enemies":"Exordium Thugs","floor":11,"turns":4},{"damage":5,"enemies":"3 Louse","floor":13,"turns":2},{"damage":46,"enemies":"Slime Boss","floor":16,"turns":11},{"damage":6,"enemies":"Chosen","floor":18,"turns":5},{"damage":4,"enemies":"2 Thieves","floor":20,"turns":5},{"damage":32,"enemies":"Cultist and Chosen","floor":22,"turns":11},{"damage":7,"enemies":"Snake Plant","floor":24,"turns":7},{"damage":18,"enemies":"Sentry and Sphere","floor":28,"turns":7},{"damage":41,"enemies":"Gremlin Leader","floor":29,"turns":6},{"damage":3,"enemies":"Centurion and Healer","floor":31,"turns":4},{"damage":47,"enemies":"Automaton","floor":33,"turns":6}],"seed_played":"169431787717662886","potions_obtained":[{"floor":7,"key":"FocusPotion"},{"floor":10,"key":"Fruit Juice"},{"floor":13,"key":"LiquidBronze"},{"floor":14,"key":"SmokeBomb"},{"floor":14,"key":"FairyPotion"},{"floor":22,"key":"Energy Potion"},{"floor":29,"key":"AttackPotion"}],"is_trial":false,"path_per_floor":["M","$","?","$","M","R","E","M","T","E","M","R","M","?","R","B",null,"M","?","M","$","M","R","M","R","T","$","M","E","?","M","R","B"],"character_chosen":"DEFECT","items_purchased":["Capacitor","Undo","Leap","Darkness"],"campfire_rested":2,"item_purchase_floors":[2,2,21,27],"current_hp_per_floor":[75,75,75,75,75,75,75,75,75,59,59,59,54,54,54,8,80,74,74,70,70,38,38,31,55,55,55,37,8,8,5,29,0],"gold":140,"neow_bonus":"THREE_ENEMY_KILL","is_prod":false,"is_daily":false,"chose_seed":false,"campfire_upgraded":4,"win_rate":0,"timestamp":1546202551,"path_taken":["M","?","?","$","M","R","E","M","T","E","M","R","?","?","R","BOSS","M","?","M","$","M","R","M","R","T","?","M","E","?","M","R","BOSS"],"build_version":"2018-12-25","purchased_purges":2,"victory":false,"max_hp_per_floor":[75,75,75,75,75,75,75,75,75,75,80,80,80,80,80,80,80,80,80,80,80,80,80,80,80,80,80,80,80,80,80,80,80],"card_choices":[{"not_picked":["Hologram","Beam Cell"],"picked":"Turbo","floor":1},{"not_picked":["Darkness","Consume"],"picked":"Conserve Battery","floor":5},{"not_picked":["Tempest","Aggregate"],"picked":"Ball Lightning","floor":7},{"not_picked":["Compile Driver","Heatsinks"],"picked":"Auto Shields","floor":8},{"not_picked":["Recycle","Thunder Strike","Turbo"],"picked":"SKIP","floor":10},{"not_picked":["Sweeping Beam","Beam Cell"],"picked":"Consume","floor":11},{"not_picked":["Gash","Aggregate"],"picked":"Reinforced Body","floor":13},{"not_picked":["Biased Cognition","Meteor Strike"],"picked":"Reboot","floor":16},{"not_picked":["Ball Lightning+1","Steam+1"],"picked":"Cold Snap","floor":18},{"not_picked":["Stack","Conserve Battery"],"picked":"Capacitor","floor":20},{"not_picked":["Conserve Battery","Cold Snap","Streamline"],"picked":"SKIP","floor":22},{"not_picked":["Gash","Conserve Battery"],"picked":"Go for the Eyes+1","floor":24},{"not_picked":["White Noise","Go for the Eyes"],"picked":"Amplify","floor":28},{"not_picked":["Cold Snap","Heatsinks"],"picked":"Genetic Algorithm","floor":29},{"not_picked":["Leap","Go for the Eyes+1"],"picked":"Redo+1","floor":31}],"player_experience":285110,"relics_obtained":[{"floor":7,"key":"Whetstone"},{"floor":9,"key":"Lantern"},{"floor":10,"key":"Girya"},{"floor":26,"key":"Bag of Preparation"},{"floor":29,"key":"Letter Opener"}],"event_choices":[{"damage_healed":0,"gold_gain":0,"player_choice":"Upgraded","damage_taken":0,"max_hp_gain":0,"max_hp_loss":0,"event_name":"Upgrade Shrine","floor":3,"gold_loss":0,"cards_upgraded":["Zap"]},{"damage_healed":0,"gold_gain":0,"player_choice":"Got Potions","damage_taken":0,"max_hp_gain":0,"max_hp_loss":0,"event_name":"Lab","floor":14,"gold_loss":0},{"cards_removed":["Reinforced Body"],"damage_healed":0,"gold_gain":0,"player_choice":"Took Card","damage_taken":0,"max_hp_gain":0,"max_hp_loss":0,"event_name":"NoteForYourself","floor":19,"gold_loss":0,"cards_obtained":["Defend_B"]},{"damage_healed":0,"gold_gain":0,"player_choice":"2 cards matched","damage_taken":0,"max_hp_gain":0,"max_hp_loss":0,"event_name":"Match and Keep!","floor":30,"gold_loss":0,"cards_obtained":["Enlightenment","Fission"]}],"is_beta":true,"boss_relics":[{"not_picked":["Snecko Eye","Empty Cage"],"picked":"Nuclear Battery"}],"items_purged_floors":[21,27],"is_endless":false,"potions_floor_spawned":[7,10,13,16,18,22,28,29],"killed_by":"Automaton","ascension_level":1}