{"gold_per_floor":[116,134,146,162,177,177,190,190,190,190,51,0,0,30,30,105,105,120,120,120,136,151,151,151,168,195,195],"floor_reached":27,"playtime":1135,"items_purged":[],"score":450,"play_id":"dfe2c6a3-bc3f-4f1c-aa5a-d339d8449403","local_time":"20190711112457","is_ascension_mode":true,"campfire_choices":[{"data":"Neutralize","floor":6.0,"key":"SMITH"},{"data":"Cloak And Dagger","floor":8.0,"key":"SMITH"},{"data":"Survivor","floor":10.0,"key":"SMITH"},{"data":"Backflip","floor":13.0,"key":"SMITH"},{"floor":15.0,"key":"DIG"},{"floor":23.0,"key":"REST"}],"neow_cost":"NONE","seed_source_timestamp":79867990168900,"circlet_count":0,"master_deck":["AscendersBane","Strike_G","Strike_G","Strike_G","Strike_G","Strike_G","Defend_G","Defend_G","Defend_G","Defend_G","Defend_G","Survivor+1","Neutralize+1","Cloak And Dagger+1","Poisoned Stab","Footwork","Backflip+1","Well Laid Plans","After Image","Escape Plan","PiercingWail"],"special_seed":0,"relics":["Ring of the Snake","Mercury Hourglass","Shovel","Blood Vial","Lizard Tail","Strawberry"],"potions_floor_usage":[27],"damage_taken":[{"damage":3.0,"enemies":"Cultist","floor":1.0,"turns":5.0},{"damage":1.0,"enemies":"Small Slimes","floor":2.0,"turns":4.0},{"damage":3.0,"enemies":"2 Louse","floor":3.0,"turns":4.0},{"damage":4.0,"enemies":"Looter","floor":4.0,"turns":4.0},{"damage":8.0,"enemies":"Gremlin Gang","floor":5.0,"turns":7.0},{"damage":1.0,"enemies":"Blue Slaver","floor":7.0,"turns":5.0},{"damage":43.0,"enemies":"Slime Boss","floor":16.0,"turns":15.0},{"damage":4.0,"enemies":"Chosen","floor":18.0,"turns":7.0},{"damage":8.0,"enemies":"3 Byrds","floor":21.0,"turns":5.0},{"damage":24.0,"enemies":"Sentry and Sphere","floor":22.0,"turns":12.0},{"damage":0.0,"enemies":"Book of Stabbing","floor":24.0,"turns":1.0},{"damage":13.0,"enemies":"Centurion and Healer","floor":25.0,"turns":13.0},{"damage":121,"enemies":"3 Cultists","floor":27,"turns":8}],"seed_played":"1843585829572575364","potions_obtained":[{"floor":16.0,"key":"Block Potion"},{"floor":19.0,"key":"SmokeBomb"},{"floor":19.0,"key":"SteroidPotion"},{"floor":22.0,"key":"Strength Potion"}],"is_trial":false,"path_per_floor":["M","M","M","M","M","R","M","R","T","R","$","?","R","?","R","B",null,"M","?","$","M","M","R","E","M","T","M"],"character_chosen":"THE_SILENT","items_purchased":["Backflip","Well Laid Plans"],"campfire_rested":1,"item_purchase_floors":[11,11],"current_hp_per_floor":[62,61,58,54,46,46,45,45,45,45,45,45,45,45,45,4,55,53,53,53,47,25,46,48,37,44,0],"gold":195,"neow_bonus":"TEN_PERCENT_HP_BONUS","is_prod":false,"is_daily":false,"chose_seed":false,"campfire_upgraded":4,"win_rate":0,"timestamp":1562815497,"path_taken":["M","M","?","M","M","R","M","R","T","R","?","?","R","?","R","BOSS","M","?","$","M","M","R","E","?","T","M"],"build_version":"2019-07-05","purchased_purges":0,"victory":false,"max_hp_per_floor":[72,72,72,72,72,72,72,72,72,72,72,72,72,72,72,72,72,72,72,72,72,72,72,72,72,79,79],"card_choices":[{"not_picked":["Flying Knee","Quick Slash"],"picked":"Cloak And Dagger","floor":1.0},{"not_picked":["Flying Knee","Eviscerate"],"picked":"Poisoned Stab","floor":2.0},{"not_picked":["Slice","Masterful Stab","Dagger Throw"],"picked":"SKIP","floor":3.0},{"not_picked":["Terror","Flechettes"],"picked":"Footwork","floor":4.0},{"not_picked":["Underhanded Strike","Masterful Stab","Backstab"],"picked":"SKIP","floor":5.0},{"not_picked":["Blade Dance","Underhanded Strike","Flying Knee"],"picked":"SKIP","floor":7.0},{"not_picked":["Envenom","Wraith Form v2"],"picked":"After Image","floor":16.0},{"not_picked":["Choke+1","Expertise"],"picked":"Escape Plan","floor":18.0},{"not_picked":["Deflect","Bane","Outmaneuver"],"picked":"SKIP","floor":21.0},{"not_picked":["All Out Attack","Cloak And Dagger","Flying Knee"],"picked":"SKIP","floor":22.0},{"not_picked":["Crippling Poison","Quick Slash"],"picked":"PiercingWail","floor":25.0}],"player_experience":761124,"relics_obtained":[{"floor":9.0,"key":"Mercury Hourglass"},{"floor":15.0,"key":"Blood Vial"},{"floor":26.0,"key":"Strawberry"}],"event_choices":[{"damage_healed":0.0,"max_hp_gain":0.0,"max_hp_loss":0.0,"gold_gain":0.0,"event_name":"World of Goop","player_choice":"Left Gold","floor":12.0,"gold_loss":51.0,"damage_taken":0.0},{"damage_healed":0.0,"max_hp_gain":0.0,"max_hp_loss":0.0,"gold_gain":30.0,"event_name":"Dead Adventurer","player_choice":"Searched \u00272\u0027 times","floor":14.0,"gold_loss":0.0,"damage_taken":0.0,"relics_obtained":["Shovel"]},{"damage_healed":0.0,"max_hp_gain":0.0,"max_hp_loss":0.0,"gold_gain":0.0,"event_name":"Lab","player_choice":"Got Potions","floor":19.0,"gold_loss":0.0,"damage_taken":0.0}],"is_beta":false,"boss_relics":[{"not_picked":["HoveringKite","Orrery"],"picked":"Lizard Tail"}],"items_purged_floors":[],"is_endless":false,"potions_floor_spawned":[16,22,24],"killed_by":"3 Cultists","ascension_level":20}