{"gold_per_floor":[113,124,124,143,163,163,196,371,371,371,388,388,388,388,388,486,486,504,521,521,521,521],"floor_reached":22,"playtime":814,"items_purged":[],"score":193,"play_id":"5ab88d57-d7c4-4ae9-94ae-d456937afdaa","local_time":"20190726214450","is_ascension_mode":true,"campfire_choices":[{"data":"Demon Form","floor":6,"key":"SMITH"},{"floor":10,"key":"REST"},{"floor":12,"key":"RECALL"},{"data":"Infernal Blade","floor":15,"key":"SMITH"}],"neow_cost":"PERCENT_DAMAGE","seed_source_timestamp":3193332394852100,"circlet_count":0,"master_deck":["Strike_R","Strike_R","Strike_R","Defend_R","Defend_R","Defend_R","Defend_R","Bash","Demon Form+1","Disarm","Metallicize","Infernal Blade+1","Spot Weakness","Anger","Whirlwind","Juggernaut","Doubt","Decay","Normality","Bludgeon","RitualDagger"],"relics":["Burning Blood","The Courier","Sundial","Bag of Marbles","Calling Bell","Omamori","Letter Opener","Shovel"],"potions_floor_usage":[5,5,7,16],"damage_taken":[{"damage":8,"enemies":"Cultist","floor":1,"turns":5},{"damage":0,"enemies":"2 Louse","floor":2,"turns":4},{"damage":3,"enemies":"Small Slimes","floor":4,"turns":3},{"damage":5,"enemies":"Looter","floor":5,"turns":4},{"damage":33,"enemies":"Lagavulin","floor":7,"turns":5},{"damage":0,"enemies":"Large Slime","floor":11,"turns":4},{"damage":23,"enemies":"Slime Boss","floor":16,"turns":7},{"damage":39,"enemies":"3 Byrds","floor":18,"turns":6},{"damage":28,"enemies":"Chosen","floor":19,"turns":7},{"damage":23,"enemies":"Snake Plant","floor":22,"turns":2}],"seed_played":"1740795919117681948","potions_obtained":[{"floor":2,"key":"Strength Potion"},{"floor":4,"key":"SteroidPotion"},{"floor":5,"key":"Poison Potion"},{"floor":11,"key":"EssenceOfSteel"}],"is_trial":false,"path_per_floor":["M","M","?","M","M","R","E","?","T","R","M","R","?","?","R","B",null,"M","M","?","?","M"],"character_chosen":"IRONCLAD","items_purchased":[],"campfire_rested":1,"item_purchase_floors":[],"current_hp_per_floor":[54,60,42,45,46,46,19,19,19,43,49,49,42,42,42,25,80,47,25,25,19,0],"gold":521,"neow_bonus":"TRANSFORM_TWO_CARDS","is_prod":false,"is_daily":false,"chose_seed":false,"campfire_upgraded":2,"win_rate":0,"timestamp":1564202690,"path_taken":["M","?","?","M","M","R","E","?","T","R","M","R","?","?","R","BOSS","M","M","?","?","M"],"build_version":"2019-07-17","purchased_purges":0,"victory":false,"max_hp_per_floor":[80,80,80,80,80,80,80,80,80,80,80,80,80,80,80,80,80,80,80,80,80,80],"card_choices":[{"not_picked":["Body Slam","Anger"],"picked":"Metallicize","floor":1},{"not_picked":["Clash","Thunderclap"],"picked":"Infernal Blade","floor":2},{"not_picked":["Clash","Rage"],"picked":"Spot Weakness","floor":4},{"not_picked":["Sword Boomerang","Warcry"],"picked":"Anger","floor":5},{"not_picked":["Sword Boomerang","Pummel"],"picked":"Anger","floor":7},{"not_picked":["Cleave","Combust"],"picked":"Whirlwind","floor":11},{"not_picked":["Berserk","Feed"],"picked":"Juggernaut","floor":16},{"not_picked":["Pommel Strike","Flex+1","Headbutt+1"],"picked":"SKIP","floor":18},{"not_picked":["Clothesline","Shockwave+1"],"picked":"Bludgeon","floor":19}],"player_experience":100536,"relics_obtained":[{"floor":7,"key":"Sundial"},{"floor":17,"key":"Omamori"},{"floor":17,"key":"Letter Opener"},{"floor":17,"key":"Shovel"}],"event_choices":[{"damage_healed":0,"gold_gain":0,"player_choice":"Success","damage_taken":18,"relics_obtained":["The Courier"],"max_hp_gain":0,"max_hp_loss":0,"event_name":"Scrap Ooze","floor":3,"gold_loss":0},{"damage_healed":0,"gold_gain":175,"player_choice":"AGREE","damage_taken":0,"max_hp_gain":0,"max_hp_loss":0,"event_name":"Liars Game","floor":8,"gold_loss":0,"cards_obtained":["Doubt"]},{"cards_removed":["Doubt"],"damage_healed":0,"gold_gain":0,"player_choice":"Card Removal","damage_taken":7,"max_hp_gain":0,"max_hp_loss":0,"event_name":"Golden Wing","floor":13,"gold_loss":0},{"cards_removed":["Anger"],"damage_healed":0,"gold_gain":0,"player_choice":"Gave Card","damage_taken":0,"relics_obtained":["Bag of Marbles"],"max_hp_gain":0,"max_hp_loss":0,"event_name":"WeMeetAgain","floor":14,"gold_loss":0},{"damage_healed":0,"gold_gain":0,"player_choice":"Ignored","damage_taken":0,"max_hp_gain":0,"max_hp_loss":0,"event_name":"Vampires","floor":20,"gold_loss":0},{"damage_healed":0,"gold_gain":0,"player_choice":"Joined the Cult","damage_taken":6,"max_hp_gain":0,"max_hp_loss":0,"event_name":"Nest","floor":21,"gold_loss":0,"cards_obtained":["RitualDagger"]}],"is_beta":false,"boss_relics":[{"not_picked":["Lizard Tail","Cursed Key"],"picked":"Calling Bell"}],"items_purged_floors":[],"is_endless":false,"potions_floor_spawned":[2,4,5,11],"killed_by":"Snake Plant","ascension_level":1}