{"gold_per_floor":[363,363,363,363,77,77,106,106,178,178,178,209,209,109,109,109],"floor_reached":16,"playtime":538,"items_purged":["Strike_R","Defend_R"],"score":133,"play_id":"08842d40-e8b4-43e3-b300-b3dd02f15342","local_time":"20181226171131","is_ascension_mode":true,"campfire_choices":[{"data":"Infernal Blade","floor":6,"key":"SMITH"},{"data":"Hemokinesis","floor":8,"key":"SMITH"},{"data":"Defend_R","floor":10,"key":"SMITH"},{"data":"Havoc","floor":13,"key":"SMITH"},{"data":"Battle Trance","floor":15,"key":"SMITH"}],"neow_cost":"CURSE","seed_source_timestamp":178815632115863,"circlet_count":0,"master_deck":["Strike_R","Strike_R","Strike_R","Defend_R+1","Defend_R+1","Defend_R+1","Bash","Hemokinesis+1","Anger","Infernal Blade+1","Bandage Up","Battle Trance+1","Regret","Havoc+1"],"relics":["Burning Blood","Lantern","Paper Frog","Blue Candle","Calipers"],"potions_floor_usage":[7,16],"damage_taken":[{"damage":0,"enemies":"Small Slimes","floor":1,"turns":3},{"damage":3,"enemies":"Gremlin Nob","floor":7,"turns":2},{"damage":14,"enemies":"3 Sentries","floor":12,"turns":6},{"damage":69,"enemies":"The Guardian","floor":16,"turns":7}],"seed_played":"3601777186574187898","potions_obtained":[{"floor":1,"key":"Fire Potion"},{"floor":7,"key":"SteroidPotion"}],"is_trial":false,"path_per_floor":["M","?","?","?","$","R","E","R","T","R","?","E","R","$","R","B"],"character_chosen":"IRONCLAD","items_purchased":["Anger","Infernal Blade","Bandage Up"],"campfire_rested":0,"item_purchase_floors":[5,5,5],"current_hp_per_floor":[80,77,70,55,55,55,62,62,62,62,62,58,58,58,58,0],"gold":109,"neow_bonus":"TWO_FIFTY_GOLD","is_prod":false,"is_daily":false,"chose_seed":false,"campfire_upgraded":5,"win_rate":0,"timestamp":1545831691,"path_taken":["M","?","?","?","$","R","E","R","T","R","?","E","R","$","R","BOSS"],"build_version":"2018-12-20","purchased_purges":2,"victory":false,"max_hp_per_floor":[80,77,77,77,77,77,77,77,77,77,77,77,77,77,77,77],"card_choices":[{"not_picked":["Sentinel","Evolve"],"picked":"Hemokinesis","floor":1},{"not_picked":["Clash","Sword Boomerang"],"picked":"Battle Trance","floor":7},{"not_picked":["Warcry","Body Slam"],"picked":"Havoc","floor":12}],"player_experience":244625,"relics_obtained":[{"floor":7,"key":"Lantern"},{"floor":9,"key":"Paper Frog"},{"floor":12,"key":"Calipers"}],"event_choices":[{"cards_removed":["Parasite"],"damage_healed":0,"gold_gain":0,"player_choice":"Forget","damage_taken":0,"max_hp_gain":0,"max_hp_loss":0,"event_name":"Living Wall","floor":2,"gold_loss":0},{"cards_removed":["Strike_R"],"damage_healed":0,"gold_gain":0,"player_choice":"Card Removal","damage_taken":7,"max_hp_gain":0,"max_hp_loss":0,"event_name":"Golden Wing","floor":3,"gold_loss":0},{"damage_healed":0,"gold_gain":0,"player_choice":"Entered Light","damage_taken":15,"max_hp_gain":0,"max_hp_loss":0,"event_name":"Shining Light","floor":4,"gold_loss":0,"cards_upgraded":["Defend_R","Defend_R"]},{"damage_healed":0,"gold_gain":0,"player_choice":"Box","damage_taken":0,"relics_obtained":["Blue Candle"],"max_hp_gain":0,"max_hp_loss":0,"event_name":"Big Fish","floor":11,"gold_loss":0,"cards_obtained":["Regret"]}],"is_beta":true,"boss_relics":[],"items_purged_floors":[5,14],"is_endless":false,"potions_floor_spawned":[1,7],"killed_by":"The Guardian","ascension_level":1}