{"gold_per_floor":[110,0,0,13,13,39,39,64,64,74,74,88,102,102,102,201,201,220,135,81,81,98,98],"floor_reached":23,"playtime":976,"items_purged":["Strike_B"],"score":283,"play_id":"feb60637-092e-450e-9354-7d221b36782a","local_time":"20190715174253","is_ascension_mode":true,"campfire_choices":[{"data":"Scrape","floor":7,"key":"SMITH"},{"data":"Beam Cell","floor":11,"key":"SMITH"},{"floor":15,"key":"REST"}],"neow_cost":"NONE","seed_source_timestamp":370249879055500,"circlet_count":0,"master_deck":["Strike_B","Strike_B","Strike_B","Defend_B","Defend_B","Defend_B","Defend_B","Zap","Dualcast","Self Repair","Scrape+1","Skim","All For One","Seek","Reboot","Beam Cell+1","Turbo","Self Repair","Fission","Steam","Decay"],"relics":["Cracked Core","NeowsBlessing","Sundial","Pear","Letter Opener","Mango"],"potions_floor_usage":[8,16,16,16],"damage_taken":[{"damage":0,"enemies":"Cultist","floor":1,"turns":1},{"damage":0,"enemies":"2 Louse","floor":4,"turns":1},{"damage":0,"enemies":"Lagavulin","floor":6,"turns":1},{"damage":35,"enemies":"3 Sentries","floor":8,"turns":8},{"damage":21,"enemies":"Small Slimes","floor":10,"turns":3},{"damage":8,"enemies":"Blue Slaver","floor":12,"turns":2},{"damage":0,"enemies":"Exordium Wildlife","floor":13,"turns":2},{"damage":50,"enemies":"Slime Boss","floor":16,"turns":8},{"damage":33,"enemies":"3 Byrds","floor":18,"turns":4},{"damage":65,"enemies":"Shell Parasite","floor":22,"turns":11},{"damage":0,"enemies":"Gremlin Leader","floor":23,"turns":1}],"seed_played":"-1927061037551814407","potions_obtained":[{"floor":1,"key":"Poison Potion"},{"floor":6,"key":"GamblersBrew"},{"floor":10,"key":"Explosive Potion"},{"floor":13,"key":"SkillPotion"}],"is_trial":false,"path_per_floor":["M","$","?","M","?","E","R","E","T","M","R","M","M","?","R","B",null,"M","?","$","?","M","E"],"character_chosen":"DEFECT","items_purchased":["Scrape","Steam"],"campfire_rested":1,"item_purchase_floors":[2,20],"current_hp_per_floor":[75,75,80,80,80,80,80,62,62,48,48,47,47,47,74,38,90,71,85,85,85,34,34],"gold":98,"neow_bonus":"THREE_ENEMY_KILL","is_prod":false,"is_daily":false,"chose_seed":false,"campfire_upgraded":2,"win_rate":0,"timestamp":1563194573,"path_taken":["M","$","?","M","?","E","R","E","T","?","R","M","M","?","R","BOSS","M","?","$","?","M","E"],"build_version":"2019-07-05","purchased_purges":1,"victory":false,"max_hp_per_floor":[75,75,80,80,80,80,80,90,90,90,90,90,90,90,90,90,90,90,104,104,104,104,104],"card_choices":[{"not_picked":["Blizzard","Hologram"],"picked":"Self Repair","floor":1},{"not_picked":["Redo","Beam Cell"],"picked":"Skim","floor":4},{"not_picked":["Sweeping Beam","Coolheaded"],"picked":"Seek","floor":6},{"not_picked":["Blizzard","Hologram"],"picked":"Reboot","floor":8},{"not_picked":["Doom and Gloom","Stack"],"picked":"Beam Cell","floor":10},{"not_picked":["Loop","Chaos"],"picked":"Turbo","floor":12},{"not_picked":["Turbo","Compile Driver"],"picked":"Self Repair","floor":13},{"not_picked":["Echo Form","Reboot"],"picked":"Fission","floor":16},{"not_picked":["Rebound+1","Redo+1","Sweeping Beam+1"],"picked":"SKIP","floor":18},{"not_picked":["White Noise+1","Sweeping Beam","Leap+1"],"picked":"SKIP","floor":22}],"player_experience":134754,"relics_obtained":[{"floor":6,"key":"Sundial"},{"floor":8,"key":"Pear"},{"floor":9,"key":"Letter Opener"}],"event_choices":[{"damage_healed":0,"gold_gain":0,"player_choice":"Donut","damage_taken":0,"max_hp_gain":5,"max_hp_loss":0,"event_name":"Big Fish","floor":3,"gold_loss":0},{"damage_healed":0,"gold_gain":0,"player_choice":"1 cards matched","damage_taken":0,"max_hp_gain":0,"max_hp_loss":0,"event_name":"Match and Keep!","floor":5,"gold_loss":0,"cards_obtained":["All For One"]},{"damage_healed":0,"gold_gain":0,"player_choice":"Ignored","damage_taken":0,"max_hp_gain":0,"max_hp_loss":0,"event_name":"Liars Game","floor":14,"gold_loss":0},{"damage_healed":0,"gold_gain":0,"player_choice":"Obtained Relic","damage_taken":0,"relics_obtained":["Mango"],"max_hp_gain":0,"max_hp_loss":0,"event_name":"Addict","floor":19,"gold_loss":85},{"damage_healed":0,"gold_gain":0,"player_choice":"Smashed Altar","damage_taken":0,"max_hp_gain":0,"max_hp_loss":0,"event_name":"Forgotten Altar","floor":21,"gold_loss":0,"cards_obtained":["Decay"]}],"is_beta":false,"boss_relics":[{"not_picked":["Runic Dome","Runic Pyramid","Coffee Dripper"]}],"items_purged_floors":[2],"is_endless":false,"potions_floor_spawned":[1,6,10,13],"killed_by":"Gremlin Leader","ascension_level":3}