{"path_per_floor":["M","M","?","M","M","R","M","M","T","R","E","?","$","?","R"],"character_chosen":"THE_SILENT","items_purchased":["Terror"],"gold_per_floor":[117,132,132,142,156,156,175,191,274,274,300,265,152,214,214],"floor_reached":16,"campfire_rested":3,"playtime":978,"current_hp_per_floor":[42,39,23,22,9,34,28,20,20,45,35,56,56,28,53],"items_purged":["Strike_G"],"gold":214,"play_id":"3fa0b384-691f-4279-883a-6081f0f571b8","is_prod":false,"is_daily":false,"campfire_rituals":0,"campfire_upgraded":0,"is_hardmode":false,"path_taken":["M","M","?","M","M","R","M","M","T","R","E","?","$","?","R","BOSS"],"build_version":"2018-01-18-PROD4","purchased_purges":1,"victory":false,"master_deck":["Defend_G","Defend_G","Defend_G","Defend_G","Defend_G","Strike_G","Strike_G","Strike_G","Strike_G","Survivor","Neutralize","Deadly Poison","Dagger Spray","Outmaneuver","Backflip","Heel Hook","Acrobatics","Deflect","Terror","Bane"],"max_hp_per_floor":[84,84,84,84,84,84,84,84,84,84,84,84,84,84,84],"relics":["Ring of the Snake","Tiny Chest","Snake Skull","Du-Vu Doll"],"campfire_meditates":0,"card_choices":[{"not_picked":["PiercingWail","Dash"],"picked":"Deadly Poison"},{"not_picked":["Dagger Throw","Riddle With Holes"],"picked":"Dagger Spray"},{"not_picked":["Distraction","Dagger Spray"],"picked":"Outmaneuver"},{"not_picked":["Deflect","Deadly Poison"],"picked":"Backflip"},{"not_picked":["Dagger Throw","Deadly Poison"],"picked":"Heel Hook"},{"not_picked":["All Out Attack","Quick Slash"],"picked":"Acrobatics"},{"not_picked":["Deadly Poison","Calculated Gamble"],"picked":"Deflect"},{"not_picked":["Quick Slash","Sucker Punch"],"picked":"Bane"}],"player_experience":35702,"potions_floor_usage":[11,11,14,16],"damage_taken":[{"damage":0,"enemies":"2 Louse","floor":1,"turns":4},{"damage":3,"enemies":"Jaw Worm","floor":2,"turns":5},{"damage":1,"enemies":"Cultist","floor":4,"turns":5},{"damage":13,"enemies":"Large Slime","floor":5,"turns":9},{"damage":6,"enemies":"3 Louse","floor":7,"turns":3},{"damage":8,"enemies":"2 Fungi Beasts","floor":8,"turns":4},{"damage":10,"enemies":"Lagavulin","floor":11,"turns":11},{"damage":28,"enemies":"Gremlin Nob","floor":14,"turns":5},{"damage":58,"enemies":"Slime Boss","floor":16,"turns":12}],"event_choices":[{"event_name":"Shining Light","player_choice":"Entered Light","floor":3,"damage_taken":0},{"event_name":"The Cleric","player_choice":"Healed","floor":12,"damage_taken":0},{"event_name":"Dead Adventurer","player_choice":"Searched \u00272\u0027 times","floor":14,"damage_taken":0}],"boss_relics":[],"potions_floor_spawned":[2,5,8,14],"seed_played":"-2392985128185034603","killed_by":"Slime Boss","is_trial":false}