{"gold_per_floor":[116,131,147,166,184,184,198,22,47,47,62,62,38,50,50,146,146,161,18,117,64,64,64,79,79,106,121,121,133,133,143,143,239,239,259,278,297,297,297,297,311,328,409,409],"floor_reached":44,"playtime":4664,"items_purged":["Strike_G"],"score":406,"play_id":"9ebb3e3a-32d8-41f5-a508-4f8a4deace50","local_time":"20190629174747","is_ascension_mode":false,"campfire_choices":[{"data":"Neutralize","floor":6,"key":"SMITH"},{"data":"Infinite Blades","floor":10,"key":"SMITH"},{"data":"Venomology","floor":12,"key":"SMITH"},{"data":"Blade Dance","floor":15,"key":"SMITH"},{"data":"Tools of the Trade","floor":23,"key":"SMITH"},{"data":"Backflip","floor":25,"key":"SMITH"},{"data":"Dodge and Roll","floor":28,"key":"SMITH"},{"data":"Well Laid Plans","floor":32,"key":"SMITH"},{"floor":40,"key":"REST"}],"neow_cost":"NONE","seed_source_timestamp":173511919997100,"circlet_count":0,"master_deck":["Defend_G","Defend_G","Defend_G","Defend_G","Defend_G","Strike_G","Strike_G","Strike_G","Strike_G","Survivor","Neutralize+1","Escape Plan","Venomology+1","Blur","Infinite Blades+1","Panache","Infinite Blades","Blade Dance+1","Backflip+1","Tools of the Trade+1","Blur","Prepared","Outmaneuver+1","Dodge and Roll+1","Well Laid Plans+1","Deflect","Blur","Backflip+1","Deflect","Escape Plan+1","Blade Dance+1","Dodge and Roll+1"],"relics":["Ring of the Snake","Ancient Tea Set","Eternal Feather","Juzu Bracelet","Orrery","Question Card"],"potions_floor_usage":[4,5,5,7,7,11,14,16,24,27,27,29,29,31,35,35,36,37,37,37,42],"damage_taken":[{"damage":0,"enemies":"2 Louse","floor":1,"turns":5},{"damage":3,"enemies":"Jaw Worm","floor":2,"turns":5},{"damage":5,"enemies":"Small Slimes","floor":3,"turns":5},{"damage":0,"enemies":"Blue Slaver","floor":4,"turns":6},{"damage":0,"enemies":"Exordium Wildlife","floor":5,"turns":4},{"damage":0,"enemies":"Large Slime","floor":7,"turns":7},{"damage":0,"enemies":"Blue Slaver","floor":11,"turns":4},{"damage":0,"enemies":"Exordium Thugs","floor":14,"turns":4},{"damage":6,"enemies":"Hexaghost","floor":16,"turns":9},{"damage":29,"enemies":"Spheric Guardian","floor":18,"turns":6},{"damage":0,"enemies":"Chosen","floor":24,"turns":5},{"damage":19,"enemies":"Sentry and Sphere","floor":27,"turns":7},{"damage":4,"enemies":"3 Cultists","floor":29,"turns":4},{"damage":3,"enemies":"Centurion and Healer","floor":31,"turns":5},{"damage":34,"enemies":"Collector","floor":33,"turns":16},{"damage":45,"enemies":"3 Shapes","floor":35,"turns":5},{"damage":0,"enemies":"Orb Walker","floor":36,"turns":7},{"damage":30,"enemies":"4 Shapes","floor":37,"turns":5},{"damage":0,"enemies":"Maw","floor":41,"turns":14},{"damage":27,"enemies":"Jaw Worm Horde","floor":42,"turns":5},{"damage":31,"enemies":"Transient","floor":44,"turns":3}],"seed_played":"4865319854857808997","potions_obtained":[{"floor":2,"key":"Strength Potion"},{"floor":3,"key":"Weak Potion"},{"floor":4,"key":"Explosive Potion"},{"floor":5,"key":"Poison Potion"},{"floor":27,"key":"Fire Potion"},{"floor":35,"key":"GhostInAJar"},{"floor":36,"key":"Regen Potion"}],"is_trial":false,"path_per_floor":["M","M","M","M","M","R","M","$","T","R","M","R","$","M","R","B",null,"M","$","?","$","?","R","M","R","T","M","R","M","?","M","R","B",null,"M","M","M","?","?","R","M","M","T","M"],"character_chosen":"THE_SILENT","items_purchased":["Panache","Blade Dance","Blur","Prepared"],"campfire_rested":1,"item_purchase_floors":[8,13,19,21],"current_hp_per_floor":[77,74,69,69,69,69,69,69,69,69,69,69,69,69,69,63,77,48,48,48,48,48,60,60,72,72,53,65,61,61,58,73,39,77,32,32,14,14,14,53,53,26,26,0],"gold":409,"neow_bonus":"TEN_PERCENT_HP_BONUS","is_prod":false,"is_daily":false,"chose_seed":false,"campfire_upgraded":8,"win_rate":0.0,"timestamp":1561812467,"path_taken":["M","M","M","M","M","R","M","$","T","R","M","R","$","M","R","BOSS","M","$","?","$","?","R","M","R","T","M","R","M","?","M","R","BOSS","M","M","M","?","?","R","M","M","T","M"],"build_version":"2019-01-23","purchased_purges":1,"victory":false,"max_hp_per_floor":[77,77,77,77,77,77,77,77,77,77,77,77,77,77,77,77,77,77,77,77,77,77,77,77,77,77,77,77,77,77,77,77,77,77,77,77,77,73,73,73,73,73,73,73],"card_choices":[{"not_picked":["Backflip","PiercingWail"],"picked":"Escape Plan","floor":1},{"not_picked":["PiercingWail","Terror","Masterful Stab"],"picked":"SKIP","floor":2},{"not_picked":["Endless Agony","Flechettes"],"picked":"Venomology","floor":3},{"not_picked":["Tactician","Leg Sweep","Underhanded Strike"],"picked":"SKIP","floor":4},{"not_picked":["Flechettes","Choke"],"picked":"Blur","floor":5},{"not_picked":["Dagger Throw","Blade Dance"],"picked":"Infinite Blades","floor":7},{"not_picked":["Dodge and Roll","Slice"],"picked":"Infinite Blades","floor":11},{"not_picked":["Crippling Poison","Underhanded Strike"],"picked":"Backflip","floor":14},{"not_picked":["Unload","Die Die Die"],"picked":"Tools of the Trade","floor":16},{"not_picked":["Riddle With Holes","Skewer","Leg Sweep+1"],"picked":"SKIP","floor":18},{"not_picked":["PiercingWail","Poisoned Stab"],"picked":"Outmaneuver+1","floor":24},{"not_picked":["Poisoned Stab","PiercingWail+1"],"picked":"Dodge and Roll","floor":27},{"not_picked":["Skewer","Deadly Poison","Phantasmal Killer"],"picked":"SKIP","floor":29},{"not_picked":["Sucker Punch+1","All Out Attack"],"picked":"Deflect","floor":31},{"not_picked":["Dagger Throw+1","Expertise"],"picked":"Blur","floor":34},{"not_picked":["Heel Hook+1","Quick Slash+1"],"picked":"Backflip+1","floor":35},{"not_picked":["Blade Dance","Tools of the Trade"],"picked":"Deflect","floor":36},{"not_picked":["Endless Agony+1","Distraction"],"picked":"Escape Plan+1","floor":37},{"not_picked":["Terror+1","Leg Sweep+1"],"picked":"Blade Dance+1","floor":41},{"not_picked":["Poisoned Stab+1","Quick Slash+1"],"picked":"Dodge and Roll+1","floor":42}],"player_experience":44455,"relics_obtained":[{"floor":9,"key":"Ancient Tea Set"},{"floor":26,"key":"Juzu Bracelet"},{"floor":43,"key":"Question Card"}],"event_choices":[{"damage_healed":0,"gold_gain":99,"player_choice":"Stole From Cult","damage_taken":0,"max_hp_gain":0,"max_hp_loss":0,"event_name":"Nest","floor":20,"gold_loss":0},{"damage_healed":0,"gold_gain":0,"player_choice":"Read","damage_taken":0,"max_hp_gain":0,"max_hp_loss":0,"event_name":"The Library","floor":30,"gold_loss":0,"cards_obtained":["Well Laid Plans"]},{"damage_healed":0,"gold_gain":0,"player_choice":"Max HP","damage_taken":0,"max_hp_gain":0,"max_hp_loss":4,"event_name":"Winding Halls","floor":38,"gold_loss":0},{"damage_healed":0,"gold_gain":0,"player_choice":"Ignored","damage_taken":0,"max_hp_gain":0,"max_hp_loss":0,"event_name":"Tomb of Lord Red Mask","floor":39,"gold_loss":0}],"is_beta":false,"boss_relics":[{"not_picked":["HoveringKite","Calling Bell"],"picked":"Eternal Feather"},{"not_picked":["Velvet Choker","Astrolabe"],"picked":"Orrery"}],"items_purged_floors":[19],"is_endless":false,"potions_floor_spawned":[2,3,4,5,27,35,36],"killed_by":"Transient","ascension_level":0}