{"gold_per_floor":[113,128,128,0,0,34,34,34,81,111,131,131,166,179,179,256,256,268,284,14,30,30,64,76,121,133,176,214,252,45,60,60,139,139,150,250,263,263,283,283,19,19,69,104,15,44,55,69,69,69],"floor_reached":51,"playtime":10780,"items_purged":["Strike_B","Pain","Strike_B","Strike_B"],"score":1572,"play_id":"599831bf-0397-4556-939b-5c49c844e6fb","local_time":"20190727085906","is_ascension_mode":true,"campfire_choices":[{"data":"Zap","floor":7.0,"key":"SMITH"},{"data":"Go for the Eyes","floor":15.0,"key":"SMITH"},{"floor":24.0,"key":"REST"},{"floor":32.0,"key":"REST"},{"data":"Hologram","floor":40.0,"key":"SMITH"},{"data":"Capacitor","floor":42.0,"key":"SMITH"},{"floor":49,"key":"REST"}],"neow_cost":"NONE","seed_source_timestamp":1471635712546999,"circlet_count":0,"master_deck":["AscendersBane","Defend_B","Defend_B","Defend_B","Defend_B","Zap+1","Dualcast","Chill","Ball Lightning+1","Compile Driver","Conserve Battery+1","Ball Lightning","Go for the Eyes+1","Steam","Ball Lightning","Electrodynamics","Core Surge","Cold Snap","Undo+1","Steam","Hologram+1","Consume","Consume","Thunder Strike","Stack","Compile Driver","Static Discharge+1","Lockon+1","Capacitor+1","Glacier","Apotheosis","Stack","Defragment","Cold Snap+1","Chaos"],"special_seed":0,"relics":["Cracked Core","NeowsBlessing","Matryoshka","Omamori","Pen Nib","Blue Candle","Darkstone Periapt","Gambling Chip","Calling Bell","Centennial Puzzle","Gremlin Horn","WingedGreaves","Membership Card","Spirit Poop","MawBank","Ancient Tea Set","Lantern","Symbiotic Virus","Strawberry","Mummified Hand","Meat on the Bone","MealTicket","Sozu","StoneCalendar","Vajra","Oddly Smooth Stone","Ornamental Fan","Molten Egg 2"],"potions_floor_usage":[50],"damage_taken":[{"damage":0.0,"enemies":"Jaw Worm","floor":1.0,"turns":1.0},{"damage":0.0,"enemies":"Cultist","floor":2.0,"turns":1.0},{"damage":0.0,"enemies":"Lagavulin","floor":6.0,"turns":1.0},{"damage":6.0,"enemies":"3 Sentries","floor":10.0,"turns":7.0},{"damage":0.0,"enemies":"2 Louse","floor":11.0,"turns":2.0},{"damage":6.0,"enemies":"Gremlin Nob","floor":13.0,"turns":3.0},{"damage":0.0,"enemies":"Large Slime","floor":14.0,"turns":3.0},{"damage":10.0,"enemies":"The Guardian","floor":16.0,"turns":11.0},{"damage":7.0,"enemies":"Shell Parasite","floor":18.0,"turns":5.0},{"damage":2.0,"enemies":"Chosen","floor":19.0,"turns":3.0},{"damage":10.0,"enemies":"Centurion and Healer","floor":21.0,"turns":3.0},{"damage":16.0,"enemies":"Gremlin Leader","floor":23.0,"turns":5.0},{"damage":20.0,"enemies":"Book of Stabbing","floor":25.0,"turns":4.0},{"damage":3.0,"enemies":"Slavers","floor":27.0,"turns":2.0},{"damage":14.0,"enemies":"Book of Stabbing","floor":28.0,"turns":5.0},{"damage":15.0,"enemies":"Slavers","floor":29.0,"turns":3.0},{"damage":14.0,"enemies":"Snake Plant","floor":31.0,"turns":3.0},{"damage":37.0,"enemies":"Collector","floor":33.0,"turns":15.0},{"damage":5.0,"enemies":"3 Darklings","floor":35.0,"turns":2.0},{"damage":3.0,"enemies":"Mind Bloom Boss Battle","floor":36.0,"turns":7.0},{"damage":2.0,"enemies":"3 Shapes","floor":37.0,"turns":4.0},{"damage":28.0,"enemies":"Maw","floor":39.0,"turns":7.0},{"damage":5.0,"enemies":"Reptomancer","floor":44.0,"turns":4.0},{"damage":27,"enemies":"Giant Head","floor":46,"turns":7},{"damage":12,"enemies":"Spire Growth","floor":47,"turns":4},{"damage":3,"enemies":"Writhing Mass","floor":48,"turns":4},{"damage":30,"enemies":"Donu and Deca","floor":50,"turns":6}],"seed_played":"6771820400199779652","potions_obtained":[{"floor":1.0,"key":"EntropicBrew"},{"floor":11.0,"key":"Energy Potion"},{"floor":16.0,"key":"FocusPotion"},{"floor":25.0,"key":"SmokeBomb"},{"floor":27.0,"key":"AttackPotion"},{"floor":28.0,"key":"Weak Potion"}],"is_trial":false,"path_per_floor":["M","M","?","$","$","E","R","?","T","E","M","?","E","M","R","B",null,"M","M","$","M","?","E","R","E","T","E","E","E","$","M","R","B",null,"M","?","M","?","M","R","$","R","T","E","$","E","M","M","R","B",null],"character_chosen":"DEFECT","items_purchased":["Compile Driver","Membership Card","Consume","MealTicket","Capacitor","Glacier","Apotheosis","Vajra","Stack"],"campfire_rested":3,"item_purchase_floors":[4,20,30,30,41,41,41,41,45],"current_hp_per_floor":[64,64,64,64,64,64,64,43,43,37,37,37,31,31,31,21,71,64,62,62,52,52,43,67,47,47,51,44,36,36,34,61,43,78,80,84,89,89,61,61,76,76,76,71,86,59,47,56,83,53],"gold":69,"neow_bonus":"THREE_ENEMY_KILL","is_prod":false,"is_daily":false,"chose_seed":false,"campfire_upgraded":4,"win_rate":0,"timestamp":1564232346,"path_taken":["M","M","?","?","$","E","R","?","T","E","M","?","E","M","R","BOSS","M","M","$","M","?","E","R","E","T","E","E","E","$","?","R","BOSS","M","?","M","?","?","R","?","R","T","E","$","E","?","M","R","BOSS"],"build_version":"2019-07-17","purchased_purges":4,"victory":true,"max_hp_per_floor":[71,71,71,71,71,71,71,71,71,71,71,71,71,71,71,71,83,83,83,83,83,83,83,83,83,83,90,90,90,90,90,90,90,90,90,90,90,90,90,90,90,90,90,90,90,90,90,90,90,90],"card_choices":[{"not_picked":["Redo","Recycle"],"picked":"Chill","floor":1.0},{"not_picked":["Hologram","Steam"],"picked":"Ball Lightning","floor":2.0},{"not_picked":["Hello World","Steam"],"picked":"Conserve Battery","floor":6.0},{"not_picked":["Turbo","Multi-Cast"],"picked":"Ball Lightning","floor":10.0},{"not_picked":["Streamline","Conserve Battery"],"picked":"Go for the Eyes","floor":11.0},{"not_picked":["Steam Power","Machine Learning"],"picked":"Steam","floor":13.0},{"not_picked":["Gash","Rebound"],"picked":"Ball Lightning","floor":14.0},{"not_picked":["Rainbow","Multi-Cast"],"picked":"Electrodynamics","floor":16.0},{"not_picked":["Barrage","Darkness"],"picked":"Core Surge","floor":18.0},{"not_picked":["Gash","Beam Cell"],"picked":"Cold Snap","floor":19.0},{"not_picked":["Darkness","Streamline"],"picked":"Self Repair","floor":21.0},{"not_picked":["Scrape","Aggregate","Leap"],"picked":"SKIP","floor":23.0},{"not_picked":["Gash+1","Reboot","Melter"],"picked":"SKIP","floor":25.0},{"not_picked":["Steam","Compile Driver"],"picked":"Undo+1","floor":27.0},{"not_picked":["Multi-Cast","Scrape"],"picked":"Steam","floor":28.0},{"not_picked":["Conserve Battery","Streamline"],"picked":"Hologram","floor":29.0},{"not_picked":["Darkness","Steam"],"picked":"Consume","floor":31.0},{"not_picked":["All For One","Reboot"],"picked":"Thunder Strike","floor":33.0},{"not_picked":["Cold Snap","Storm"],"picked":"Stack","floor":35.0},{"not_picked":["Self Repair","Coolheaded"],"picked":"Compile Driver","floor":36.0},{"not_picked":["Coolheaded","Beam Cell"],"picked":"Static Discharge+1","floor":37.0},{"not_picked":["Leap","Gash+1"],"picked":"Lockon+1","floor":39.0},{"not_picked":["Self Repair","Multi-Cast","Sweeping Beam"],"picked":"SKIP","floor":44.0},{"not_picked":["Skim","Darkness"],"picked":"Defragment","floor":46},{"not_picked":["Barrage+1","Hello World+1"],"picked":"Cold Snap+1","floor":47},{"not_picked":["Rip and Tear+1","Redo"],"picked":"Chaos","floor":48}],"player_experience":824752,"relics_obtained":[{"floor":6.0,"key":"Matryoshka"},{"floor":9.0,"key":"Omamori"},{"floor":9.0,"key":"Pen Nib"},{"floor":10.0,"key":"Blue Candle"},{"floor":13.0,"key":"Gambling Chip"},{"floor":17.0,"key":"Centennial Puzzle"},{"floor":17.0,"key":"Gremlin Horn"},{"floor":17.0,"key":"WingedGreaves"},{"floor":23.0,"key":"MawBank"},{"floor":25.0,"key":"Ancient Tea Set"},{"floor":26.0,"key":"Lantern"},{"floor":26.0,"key":"Symbiotic Virus"},{"floor":27.0,"key":"Strawberry"},{"floor":28.0,"key":"Mummified Hand"},{"floor":29.0,"key":"Meat on the Bone"},{"floor":36.0,"key":"StoneCalendar"},{"floor":43.0,"key":"Oddly Smooth Stone"},{"floor":44.0,"key":"Ornamental Fan"},{"floor":46,"key":"Molten Egg 2"}],"event_choices":[{"cards_removed":["Strike_B"],"damage_healed":0.0,"max_hp_gain":0.0,"max_hp_loss":0.0,"gold_gain":0.0,"event_name":"Purifier","player_choice":"Purged","floor":3.0,"gold_loss":0.0,"damage_taken":0.0},{"damage_healed":0.0,"max_hp_gain":0.0,"max_hp_loss":0.0,"gold_gain":0.0,"event_name":"Shining Light","player_choice":"Entered Light","floor":8.0,"gold_loss":0.0,"damage_taken":21.0,"cards_upgraded":["Conserve Battery","Ball Lightning"]},{"damage_healed":0.0,"max_hp_gain":0.0,"max_hp_loss":0.0,"gold_gain":0.0,"event_name":"Big Fish","player_choice":"Box","floor":12.0,"gold_loss":0.0,"damage_taken":0.0,"relics_obtained":["Darkstone Periapt"],"cards_obtained":["Regret"]},{"cards_removed":["Regret"],"damage_healed":0.0,"max_hp_gain":0.0,"max_hp_loss":0.0,"gold_gain":0.0,"event_name":"Bonfire Elementals","player_choice":"Offered Curse","floor":22.0,"gold_loss":0.0,"damage_taken":0.0,"relics_obtained":["Spirit Poop"]},{"damage_healed":0.0,"max_hp_gain":0.0,"max_hp_loss":0.0,"gold_gain":0.0,"event_name":"MindBloom","player_choice":"Fight","floor":36.0,"gold_loss":0.0,"damage_taken":0.0},{"cards_removed":["Self Repair"],"damage_healed":0.0,"max_hp_gain":0.0,"max_hp_loss":0.0,"gold_gain":0.0,"event_name":"Falling","player_choice":"Removed Power","floor":38.0,"gold_loss":0.0,"damage_taken":0.0}],"is_beta":false,"boss_relics":[{"not_picked":["Coffee Dripper","Pandora\u0027s Box"],"picked":"Calling Bell"},{"not_picked":["Tiny House","Eternal Feather"],"picked":"Sozu"}],"items_purged_floors":[4,20,30,45],"is_endless":false,"potions_floor_spawned":[1,11,16,19,23,25,27,28,39,44,48],"ascension_level":17}