{"gold_per_floor":[118,118,128,5,20,53,53,80,80,113,126,143,223,223,223,223],"floor_reached":16,"playtime":990,"items_purged":["Strike_B"],"score":138,"play_id":"53fce3ba-0c33-4b1b-84d0-b130c625737f","local_time":"20190720173917","is_ascension_mode":true,"campfire_choices":[{"data":"Dualcast","floor":7,"key":"SMITH"},{"floor":15,"key":"REST"}],"neow_cost":"NONE","seed_source_timestamp":802029879158700,"circlet_count":0,"master_deck":["Strike_B","Strike_B","Defend_B","Defend_B","Defend_B","Defend_B","Zap","Dualcast+1","Cold Snap","Cold Snap","Cold Snap","Core Surge","Conserve Battery"],"relics":["Cracked Core","Bag of Preparation","Singing Bowl","Ancient Tea Set","Sundial","Golden Idol"],"potions_floor_usage":[8],"damage_taken":[{"damage":6,"enemies":"2 Louse","floor":1,"turns":3},{"damage":5,"enemies":"Jaw Worm","floor":3,"turns":4},{"damage":4,"enemies":"Small Slimes","floor":5,"turns":3},{"damage":20,"enemies":"3 Sentries","floor":6,"turns":11},{"damage":9,"enemies":"Lagavulin","floor":8,"turns":6},{"damage":20,"enemies":"Gremlin Nob","floor":10,"turns":4},{"damage":12,"enemies":"Exordium Thugs","floor":11,"turns":4},{"damage":5,"enemies":"Red Slaver","floor":12,"turns":4},{"damage":9,"enemies":"Hexaghost","floor":16,"turns":14}],"seed_played":"8856216177312651305","potions_obtained":[{"floor":1,"key":"SteroidPotion"},{"floor":6,"key":"PowerPotion"},{"floor":12,"key":"Explosive Potion"}],"is_trial":false,"path_per_floor":["M","?","M","$","M","E","R","E","T","E","M","M","?","?","R","B"],"character_chosen":"DEFECT","items_purchased":["Cold Snap"],"campfire_rested":1,"item_purchase_floors":[4],"current_hp_per_floor":[76,76,71,71,67,47,47,38,38,20,10,7,7,7,31,22],"gold":223,"neow_bonus":"TEN_PERCENT_HP_BONUS","is_prod":false,"is_daily":false,"chose_seed":false,"campfire_upgraded":1,"win_rate":0,"timestamp":1563626357,"path_taken":["M","?","M","$","M","E","R","E","T","E","M","M","?","?","R","BOSS"],"build_version":"2019-07-17","purchased_purges":1,"victory":false,"max_hp_per_floor":[82,82,82,82,82,82,82,82,82,84,86,88,88,81,81,81],"card_choices":[{"not_picked":["Stack","Compile Driver"],"picked":"Cold Snap","floor":1},{"not_picked":["Rebound","Sweeping Beam"],"picked":"Cold Snap","floor":3},{"not_picked":["Stack","FTL","Coolheaded"],"picked":"SKIP","floor":5},{"not_picked":["Compile Driver","All For One"],"picked":"Core Surge","floor":6},{"not_picked":["Beam Cell","Rebound"],"picked":"Conserve Battery","floor":8},{"not_picked":["Leap","Amplify","Stack"],"picked":"Singing Bowl","floor":10},{"not_picked":["Lockon","Hello World","Aggregate"],"picked":"Singing Bowl","floor":11},{"not_picked":["Force Field","Leap","Stack"],"picked":"Singing Bowl","floor":12}],"player_experience":141551,"relics_obtained":[{"floor":6,"key":"Bag of Preparation"},{"floor":8,"key":"Singing Bowl"},{"floor":9,"key":"Ancient Tea Set"},{"floor":10,"key":"Sundial"}],"event_choices":[{"cards_removed":["Strike_B"],"damage_healed":0,"gold_gain":0,"player_choice":"Forget","damage_taken":0,"max_hp_gain":0,"max_hp_loss":0,"event_name":"Living Wall","floor":2,"gold_loss":0},{"damage_healed":0,"gold_gain":80,"player_choice":"Gained Gold","damage_taken":0,"max_hp_gain":0,"max_hp_loss":0,"event_name":"Golden Wing","floor":13,"gold_loss":0},{"damage_healed":0,"gold_gain":0,"player_choice":"Lose Max HP","damage_taken":0,"relics_obtained":["Golden Idol"],"max_hp_gain":0,"max_hp_loss":7,"event_name":"Golden Idol","floor":14,"gold_loss":0}],"is_beta":false,"boss_relics":[],"items_purged_floors":[4],"is_endless":false,"potions_floor_spawned":[1,6,12],"killed_by":"Hexaghost","ascension_level":3}