{"gold_per_floor":[116,42,61,79,79,111,111,136,174,197,209,496,527,551,563,673,685,685,685,610,610,315,315,315,315,315,215,215,90,90,90,90,90],"floor_reached":33,"playtime":1062,"items_purged":["Defend_B","Defend_B","Strike_B"],"score":293,"play_id":"bd457948-6a0b-4bba-9185-e2480a772b73","local_time":"20190722235613","is_ascension_mode":true,"campfire_choices":[{"floor":7.0,"key":"REST"},{"floor":11.0,"key":"REST"},{"floor":15.0,"key":"REST"},{"data":"Buffer","floor":23.0,"key":"SMITH"},{"data":"Self Repair","floor":25.0,"key":"SMITH"},{"data":"Static Discharge","floor":32,"key":"SMITH"}],"neow_cost":"TEN_PERCENT_HP_LOSS","seed_source_timestamp":50141792747156,"circlet_count":0,"master_deck":["Strike_B","Strike_B","Strike_B+1","Defend_B","Defend_B","Zap","Dualcast","Static Discharge+1","Capacitor","Redo+1","Cold Snap","Auto Shields","Self Repair+1","Leap","Ball Lightning","Buffer+1","Necronomicurse","Coolheaded","White Noise+1"],"special_seed":0,"relics":["Cracked Core","Peace Pipe","Anchor","MawBank","Boot","Ectoplasm","Necronomicon","Lee\u0027s Waffle","Meat on the Bone","Nunchaku"],"potions_floor_usage":[31],"damage_taken":[{"damage":2.0,"enemies":"Jaw Worm","floor":1.0,"turns":3.0},{"damage":7.0,"enemies":"Small Slimes","floor":3.0,"turns":4.0},{"damage":6.0,"enemies":"Cultist","floor":4.0,"turns":3.0},{"damage":18.0,"enemies":"Lagavulin","floor":6.0,"turns":5.0},{"damage":35.0,"enemies":"Gremlin Nob","floor":8.0,"turns":4.0},{"damage":0.0,"enemies":"Exordium Wildlife","floor":10.0,"turns":3.0},{"damage":2.0,"enemies":"Blue Slaver","floor":13.0,"turns":2.0},{"damage":2.0,"enemies":"3 Louse","floor":14.0,"turns":3.0},{"damage":32.0,"enemies":"Hexaghost","floor":16.0,"turns":8.0},{"damage":20.0,"enemies":"3 Byrds","floor":18.0,"turns":4.0},{"damage":0.0,"enemies":"Chosen","floor":24.0,"turns":6.0},{"damage":23,"enemies":"Centurion and Healer","floor":28,"turns":11},{"damage":25,"enemies":"Snake Plant","floor":31,"turns":4},{"damage":55,"enemies":"Champ","floor":33,"turns":12}],"seed_played":"-3210667941583548505","potions_obtained":[{"floor":1.0,"key":"Explosive Potion"},{"floor":3.0,"key":"SneckoOil"},{"floor":4.0,"key":"Block Potion"},{"floor":10.0,"key":"Fire Potion"},{"floor":13.0,"key":"Poison Potion"},{"floor":28,"key":"LiquidBronze"},{"floor":31,"key":"Ancient Potion"}],"is_trial":false,"path_per_floor":["M","$","M","M","?","E","R","E","T","M","R","?","M","M","R","B",null,"M","?","?","?","$","R","M","R","T","$","M","$","?","M","R","B"],"character_chosen":"DEFECT","items_purchased":["Capacitor","Lee\u0027s Waffle","Coolheaded"],"campfire_rested":3,"item_purchase_floors":[2,22,22],"current_hp_per_floor":[66,66,59,53,39,21,41,6,6,6,26,26,24,29,49,17,68,48,32,32,20,80,80,80,80,80,80,67,67,67,52,52,0],"gold":90,"neow_bonus":"ONE_RARE_RELIC","is_prod":false,"is_daily":false,"chose_seed":false,"campfire_upgraded":3,"win_rate":0,"timestamp":1563827173,"path_taken":["M","$","M","M","?","E","R","E","T","M","R","?","?","M","R","BOSS","M","?","?","?","$","R","M","R","T","?","M","$","?","M","R","BOSS"],"build_version":"2019-07-10","purchased_purges":3,"victory":false,"max_hp_per_floor":[68,68,68,68,68,68,68,68,68,68,68,68,68,68,68,68,68,68,68,68,73,80,80,80,80,80,80,80,80,80,80,80,80],"card_choices":[{"not_picked":["Genetic Algorithm","Reprogram"],"picked":"Static Discharge","floor":1.0},{"not_picked":["Beam Cell","Heatsinks","Stack"],"picked":"SKIP","floor":3.0},{"not_picked":["Compile Driver","Go for the Eyes"],"picked":"Redo","floor":4.0},{"not_picked":["Reinforced Body","Skim"],"picked":"Cold Snap","floor":6.0},{"not_picked":["Tempest","Coolheaded"],"picked":"Auto Shields","floor":8.0},{"not_picked":["Scrape","Undo"],"picked":"Self Repair","floor":10.0},{"not_picked":["Melter","Rebound"],"picked":"Leap","floor":13.0},{"not_picked":["Aggregate","Sweeping Beam"],"picked":"Ball Lightning","floor":14.0},{"not_picked":["Rainbow","Amplify"],"picked":"Buffer","floor":16.0},{"not_picked":["Coolheaded","Gash","Ball Lightning"],"picked":"SKIP","floor":18.0},{"not_picked":["Streamline","Reinforced Body","Compile Driver"],"picked":"SKIP","floor":24.0},{"not_picked":["Sunder","Auto Shields"],"picked":"White Noise+1","floor":28},{"not_picked":["Compile Driver+1","Stack","Hello World"],"picked":"SKIP","floor":31}],"player_experience":749597,"relics_obtained":[{"floor":6.0,"key":"Anchor"},{"floor":8.0,"key":"MawBank"},{"floor":9.0,"key":"Boot"},{"floor":19.0,"key":"Necronomicon"},{"floor":26.0,"key":"Meat on the Bone"}],"event_choices":[{"damage_healed":0.0,"max_hp_gain":0.0,"max_hp_loss":0.0,"gold_gain":0.0,"event_name":"Shining Light","player_choice":"Entered Light","floor":5.0,"gold_loss":0.0,"damage_taken":14.0,"cards_upgraded":["Redo","Strike_B"]},{"damage_healed":0.0,"max_hp_gain":0.0,"max_hp_loss":0.0,"gold_gain":275.0,"event_name":"Golden Shrine","player_choice":"Desecrate","floor":12.0,"gold_loss":0.0,"damage_taken":0.0,"cards_obtained":["Regret"]},{"damage_healed":0.0,"max_hp_gain":0.0,"max_hp_loss":0.0,"gold_gain":0.0,"event_name":"Cursed Tome","player_choice":"Obtained Book","floor":19.0,"gold_loss":0.0,"damage_taken":16.0},{"cards_removed":["Regret"],"damage_healed":0.0,"max_hp_gain":0.0,"max_hp_loss":0.0,"gold_gain":0.0,"event_name":"Beggar","player_choice":"Gave Gold","floor":20.0,"gold_loss":75.0,"damage_taken":0.0},{"damage_healed":0.0,"max_hp_gain":5.0,"max_hp_loss":0.0,"gold_gain":0.0,"event_name":"Forgotten Altar","player_choice":"Shed Blood","floor":21.0,"gold_loss":0.0,"damage_taken":17.0},{"damage_healed":0,"gold_gain":0,"player_choice":"Opened","damage_taken":0,"relics_obtained":["Nunchaku"],"max_hp_gain":0,"max_hp_loss":0,"event_name":"The Mausoleum","floor":30,"gold_loss":0}],"is_beta":true,"boss_relics":[{"not_picked":["Runic Pyramid","Pandora\u0027s Box"],"picked":"Ectoplasm"}],"items_purged_floors":[22,27,29],"is_endless":false,"potions_floor_spawned":[1,3,4,10,13,28,31],"killed_by":"Champ","ascension_level":3}