{"gold_per_floor":[116,135,135,149,3,3,27,27,27,27,27,27,51,51],"floor_reached":14,"playtime":306,"items_purged":["Injury"],"score":84,"play_id":"8609155c-ccc0-4777-b68b-2f95c9784a75","local_time":"20181230200547","is_ascension_mode":true,"campfire_choices":[{"data":"Zap","floor":6,"key":"SMITH"},{"data":"Glacier","floor":8,"key":"SMITH"},{"floor":12,"key":"REST"}],"neow_cost":"NONE","seed_source_timestamp":6517726829348,"circlet_count":0,"master_deck":["Strike_B","Strike_B","Strike_B","Strike_B","Defend_B","Defend_B","Defend_B","Defend_B+1","Zap+1","Dualcast+1","Multi-Cast","Leap","Gash","Redo","Capacitor","Glacier+1","Defragment"],"relics":["Cracked Core","Golden Idol","Emotion Chip"],"potions_floor_usage":[14],"damage_taken":[{"damage":0,"enemies":"2 Louse","floor":1,"turns":2},{"damage":12,"enemies":"Small Slimes","floor":2,"turns":3},{"damage":6,"enemies":"Jaw Worm","floor":4,"turns":3},{"damage":9,"enemies":"Exordium Thugs","floor":7,"turns":4},{"damage":7,"enemies":"Blue Slaver","floor":13,"turns":3},{"damage":48,"enemies":"Gremlin Nob","floor":14,"turns":6}],"seed_played":"6543696361937246826","potions_obtained":[{"floor":2,"key":"LiquidBronze"},{"floor":13,"key":"Weak Potion"}],"is_trial":false,"path_per_floor":["M","M","?","M","$","R","M","R","T","$","?","R","M","E"],"character_chosen":"DEFECT","items_purchased":["Capacitor"],"campfire_rested":1,"item_purchase_floors":[5],"current_hp_per_floor":[75,63,63,57,57,57,48,48,48,48,33,55,48,0],"gold":51,"neow_bonus":"ONE_RANDOM_RARE_CARD","is_prod":false,"is_daily":false,"chose_seed":false,"campfire_upgraded":2,"win_rate":0,"timestamp":1546187747,"path_taken":["M","M","?","M","$","R","M","R","T","$","?","R","M","E"],"build_version":"2018-12-25","purchased_purges":1,"victory":false,"max_hp_per_floor":[75,75,75,75,75,75,75,75,75,75,75,75,75,75],"card_choices":[{"not_picked":["Barrage","Hologram"],"picked":"Leap","floor":1},{"not_picked":["Ball Lightning","Hologram"],"picked":"Gash","floor":2},{"not_picked":["Beam Cell","Rebound"],"picked":"Redo","floor":4},{"not_picked":["Thunder Strike","Sweeping Beam"],"picked":"Glacier","floor":7},{"not_picked":["Storm","Conserve Battery"],"picked":"Defragment","floor":13}],"player_experience":284804,"relics_obtained":[{"floor":9,"key":"Emotion Chip"}],"event_choices":[{"damage_healed":0,"gold_gain":0,"player_choice":"Take Wound","damage_taken":0,"relics_obtained":["Golden Idol"],"max_hp_gain":0,"max_hp_loss":0,"event_name":"Golden Idol","floor":3,"gold_loss":0,"cards_obtained":["Injury"]},{"damage_healed":0,"gold_gain":0,"player_choice":"Entered Light","damage_taken":15,"max_hp_gain":0,"max_hp_loss":0,"event_name":"Shining Light","floor":11,"gold_loss":0,"cards_upgraded":["Defend_B","Dualcast"]}],"is_beta":true,"boss_relics":[],"items_purged_floors":[5],"is_endless":false,"potions_floor_spawned":[2,13],"killed_by":"Gremlin Nob","ascension_level":1}