{"gold_per_floor":[109,122,142,24,199,199,228,228],"floor_reached":8,"playtime":414,"items_purged":[],"score":62,"play_id":"8eb2b61d-aa18-4676-8ac2-ac34c16fad8c","local_time":"20181225065119","is_ascension_mode":true,"campfire_choices":[{"data":"Deflect","floor":6,"key":"SMITH"}],"neow_cost":"CURSE","seed_source_timestamp":55327435144100,"circlet_count":0,"master_deck":["Defend_G","Defend_G","Defend_G","Defend_G","Defend_G","Strike_G","Strike_G","Strike_G","Strike_G","Strike_G","Survivor","Neutralize","Writhe","A Thousand Cuts","Caltrops","Noxious Fumes","Terror","Well Laid Plans","Deflect+1","Doubt","Deadly Poison"],"relics":["Ring of the Snake","The Courier"],"potions_floor_usage":[7],"damage_taken":[{"damage":3,"enemies":"Jaw Worm","floor":1,"turns":6},{"damage":6,"enemies":"Cultist","floor":2,"turns":5},{"damage":0,"enemies":"2 Louse","floor":3,"turns":3},{"damage":56,"enemies":"Gremlin Nob","floor":7,"turns":6},{"damage":13,"enemies":"Blue Slaver","floor":8,"turns":1}],"seed_played":"4173130429504982816","potions_obtained":[{"floor":1,"key":"GhostInAJar"},{"floor":2,"key":"SteroidPotion"},{"floor":7,"key":"EntropicBrew"}],"is_trial":false,"path_per_floor":["M","M","M","$","?","R","E","M"],"character_chosen":"THE_SILENT","items_purchased":["Well Laid Plans","Deflect"],"campfire_rested":0,"item_purchase_floors":[4,4],"current_hp_per_floor":[67,61,61,61,61,61,5,0],"gold":228,"neow_bonus":"THREE_RARE_CARDS","is_prod":false,"is_daily":false,"chose_seed":false,"campfire_upgraded":1,"win_rate":0,"timestamp":1545708079,"path_taken":["M","M","M","$","?","R","E","M"],"build_version":"2018-12-20","purchased_purges":0,"victory":false,"max_hp_per_floor":[70,70,70,70,70,70,70,70],"card_choices":[{"not_picked":["Storm of Steel","Die Die Die"],"picked":"A Thousand Cuts","floor":0},{"not_picked":["Quick Slash","Underhanded Strike"],"picked":"Caltrops","floor":1},{"not_picked":["Backstab","Reflex"],"picked":"Noxious Fumes","floor":2},{"not_picked":["PiercingWail","Skewer"],"picked":"Terror","floor":3},{"not_picked":["Distraction","Escape Plan"],"picked":"Deadly Poison","floor":7}],"player_experience":165564,"relics_obtained":[{"floor":7,"key":"The Courier"}],"event_choices":[{"damage_healed":0,"gold_gain":175,"player_choice":"AGREE","damage_taken":0,"max_hp_gain":0,"max_hp_loss":0,"event_name":"Liars Game","floor":5,"gold_loss":0,"cards_obtained":["Doubt"]}],"is_beta":true,"boss_relics":[],"items_purged_floors":[],"is_endless":false,"potions_floor_spawned":[1,2,7],"killed_by":"Blue Slaver","ascension_level":2}