{"gold_per_floor":[113,113,38,38,58,89,89,115,141,151,82,82,82],"floor_reached":13,"playtime":407,"items_purged":["Strike_B"],"score":105,"play_id":"475bda6d-9bab-4d5f-bf8a-a805cd6cb32f","local_time":"20190715171708","is_ascension_mode":true,"campfire_choices":[{"data":"Dualcast","floor":7,"key":"SMITH"},{"floor":12,"key":"REST"}],"neow_cost":"NONE","seed_source_timestamp":369274728084500,"circlet_count":0,"master_deck":["Strike_B","Strike_B","Strike_B","Defend_B","Defend_B","Defend_B","Defend_B","Zap+1","Dualcast+1","Conserve Battery+1","Steam","Auto Shields","Glacier","Loop"],"relics":["Cracked Core","Blood Vial","Vajra","Boot"],"potions_floor_usage":[],"damage_taken":[{"damage":0,"enemies":"2 Louse","floor":1,"turns":3},{"damage":0,"enemies":"Cultist","floor":5,"turns":3},{"damage":32,"enemies":"Gremlin Nob","floor":6,"turns":5},{"damage":18,"enemies":"Lagavulin","floor":8,"turns":7},{"damage":0,"enemies":"Small Slimes","floor":10,"turns":3},{"damage":9,"enemies":"3 Sentries","floor":13,"turns":5}],"seed_played":"-8641558177108778903","potions_obtained":[{"floor":6,"key":"Ancient Potion"},{"floor":10,"key":"EssenceOfSteel"}],"is_trial":false,"path_per_floor":["M","?","$","$","M","E","R","E","T","M","$","R","E"],"character_chosen":"DEFECT","items_purchased":["Loop"],"campfire_rested":1,"item_purchase_floors":[11],"current_hp_per_floor":[75,75,75,75,75,43,43,27,27,29,29,51,44],"gold":82,"neow_bonus":"UPGRADE_CARD","is_prod":false,"is_daily":false,"chose_seed":false,"campfire_upgraded":1,"win_rate":0,"timestamp":1563193028,"path_taken":["M","?","?","$","M","E","R","E","T","M","$","R","E"],"build_version":"2019-07-05","purchased_purges":1,"victory":false,"max_hp_per_floor":[75,75,75,75,75,75,75,75,75,75,75,75,75],"card_choices":[{"not_picked":["Barrage","Static Discharge"],"picked":"Conserve Battery","floor":1},{"not_picked":["Sunder","Darkness"],"picked":"Steam","floor":5},{"not_picked":["Reprogram","Tempest"],"picked":"Auto Shields","floor":6},{"not_picked":["Stack","Cold Snap","Steam"],"picked":"SKIP","floor":8},{"not_picked":["Darkness","Streamline"],"picked":"Glacier","floor":10}],"player_experience":133811,"relics_obtained":[{"floor":6,"key":"Blood Vial"},{"floor":8,"key":"Vajra"},{"floor":9,"key":"Boot"}],"event_choices":[{"damage_healed":0,"gold_gain":0,"player_choice":"Forge","damage_taken":0,"max_hp_gain":0,"max_hp_loss":0,"event_name":"Accursed Blacksmith","floor":2,"gold_loss":0,"cards_upgraded":["Conserve Battery"]}],"is_beta":false,"boss_relics":[],"items_purged_floors":[3],"is_endless":false,"potions_floor_spawned":[6,10],"killed_by":"3 Sentries","ascension_level":3}