{"gold_per_floor":[20,70,90,101,101,135,135,155,180,180,208,132,132,152,152,228,228,242,92,112,70,70,105,105,105,129,145,177,177,203,218,218,294,294,312,326,326,326,339,339,374,408,408,408],"floor_reached":44,"playtime":2137,"items_purged":[],"score":1072,"play_id":"199743fa-c508-4153-85c5-fbbf0ee9d719","local_time":"20190507143945","is_ascension_mode":true,"campfire_choices":[{"data":"Armaments","floor":7,"key":"SMITH"},{"floor":13,"key":"REST"},{"data":"Inflame","floor":15,"key":"SMITH"},{"data":"Metallicize","floor":24,"key":"SMITH"},{"floor":32,"key":"REST"},{"data":"Heavy Blade","floor":40,"key":"SMITH"}],"neow_cost":"NO_GOLD","seed_source_timestamp":230402042774800,"circlet_count":0,"master_deck":["AscendersBane","Strike_R","Strike_R","Strike_R","Strike_R","Strike_R","Defend_R","Defend_R","Defend_R","Defend_R","Bash","Disarm","Clothesline","Armaments+1","Metallicize+1","Inflame+1","Metallicize+1","Offering","Immolate","Battle Trance","Shockwave+1","Spot Weakness","Heavy Blade","Demon Form","Shrug It Off","Impervious","True Grit","Pommel Strike","HandOfGreed","Writhe","Heavy Blade+1","Flame Barrier+1"],"relics":["Black Blood","Ice Cream","Red Skull","Ancient Tea Set","Pen Nib","Nunchaku","Sozu","Juzu Bracelet","Lantern","Blue Candle","Red Mask","Pantograph","Mummified Hand"],"potions_floor_usage":[6,11,16,28],"damage_taken":[{"damage":11,"enemies":"Jaw Worm","floor":1,"turns":5},{"damage":4,"enemies":"Cultist","floor":3,"turns":4},{"damage":3,"enemies":"Small Slimes","floor":4,"turns":3},{"damage":19,"enemies":"Gremlin Nob","floor":6,"turns":4},{"damage":11,"enemies":"3 Louse","floor":8,"turns":3},{"damage":0,"enemies":"Lagavulin","floor":11,"turns":5},{"damage":17,"enemies":"Gremlin Gang","floor":14,"turns":5},{"damage":39,"enemies":"Slime Boss","floor":16,"turns":9},{"damage":33,"enemies":"2 Thieves","floor":18,"turns":4},{"damage":2,"enemies":"Chosen","floor":20,"turns":3},{"damage":10,"enemies":"Book of Stabbing","floor":23,"turns":4},{"damage":9,"enemies":"Snecko","floor":27,"turns":5},{"damage":38,"enemies":"Slavers","floor":28,"turns":4},{"damage":10,"enemies":"Masked Bandits","floor":30,"turns":3},{"damage":6,"enemies":"Snake Plant","floor":31,"turns":4},{"damage":48,"enemies":"Collector","floor":33,"turns":5},{"damage":17,"enemies":"Orb Walker","floor":35,"turns":4},{"damage":12,"enemies":"3 Shapes","floor":36,"turns":9},{"damage":1,"enemies":"Sphere and 2 Shapes","floor":39,"turns":1},{"damage":35,"enemies":"Spire Growth","floor":41,"turns":5},{"damage":50,"enemies":"Reptomancer","floor":42,"turns":8},{"damage":20,"enemies":"Nemesis","floor":44,"turns":2}],"seed_played":"-2504777624712995261","potions_obtained":[{"floor":1,"key":"Swift Potion"},{"floor":3,"key":"SkillPotion"},{"floor":8,"key":"GamblersBrew"},{"floor":11,"key":"Dexterity Potion"}],"is_trial":false,"path_per_floor":["M","?","M","M","?","E","R","M","T","?","E","$","R","M","R","B",null,"M","$","M","$","?","E","R","?","T","M","E","?","?","M","R","B",null,"M","M","?","?","M","R","M","E","T","E"],"character_chosen":"IRONCLAD","items_purchased":["Inflame","Immolate","Shockwave"],"campfire_rested":2,"item_purchase_floors":[12,19,21],"current_hp_per_floor":[63,63,65,68,50,37,37,32,32,32,38,38,60,49,49,16,60,33,33,37,37,85,81,81,81,81,78,46,46,42,42,67,25,70,63,61,61,78,85,85,60,20,20,0],"gold":408,"neow_bonus":"ONE_RARE_RELIC","is_prod":false,"is_daily":false,"chose_seed":false,"campfire_upgraded":4,"win_rate":0,"timestamp":1557236385,"path_taken":["M","?","?","M","?","E","R","M","T","?","E","$","R","M","R","BOSS","M","?","M","$","?","E","R","?","T","M","E","?","?","M","R","BOSS","M","M","?","?","M","R","M","E","T","E"],"build_version":"2019-01-23","purchased_purges":0,"victory":false,"max_hp_per_floor":[75,75,75,75,75,75,75,75,75,75,75,75,75,75,75,75,75,75,75,75,75,85,85,85,85,85,85,85,85,85,85,85,85,85,85,85,85,85,85,85,85,85,85,85],"card_choices":[{"not_picked":["Corruption","Headbutt"],"picked":"Disarm","floor":1},{"not_picked":["Reckless Charge","Rage"],"picked":"Clothesline","floor":3},{"not_picked":["Iron Wave","Thunderclap","Clash"],"picked":"SKIP","floor":4},{"not_picked":["Cleave","Clash"],"picked":"Armaments","floor":6},{"not_picked":["Disarm","Sword Boomerang"],"picked":"Metallicize","floor":8},{"not_picked":["Clash","Thunderclap"],"picked":"Brutality","floor":11},{"not_picked":["Iron Wave","Entrench"],"picked":"Metallicize","floor":14},{"not_picked":["Bludgeon","Barricade"],"picked":"Offering","floor":16},{"not_picked":["Rampage","Armaments","Clothesline"],"picked":"SKIP","floor":18},{"not_picked":["Wild Strike","Body Slam"],"picked":"Battle Trance","floor":20},{"not_picked":["Iron Wave","Shrug It Off"],"picked":"Spot Weakness","floor":23},{"not_picked":["Iron Wave","Whirlwind"],"picked":"Heavy Blade","floor":27},{"not_picked":["Sever Soul","Anger","Cleave"],"picked":"SKIP","floor":28},{"not_picked":["Armaments","Anger"],"picked":"Demon Form","floor":30},{"not_picked":["Wild Strike","Rage"],"picked":"Shrug It Off","floor":31},{"not_picked":["Demon Form","Brutality"],"picked":"Impervious","floor":33},{"not_picked":["Anger","Ghostly Armor"],"picked":"True Grit","floor":35},{"not_picked":["Power Through","Carnage+1"],"picked":"Pommel Strike","floor":36},{"not_picked":["The Bomb","Bandage Up"],"picked":"HandOfGreed","floor":37},{"not_picked":["Pommel Strike","Sword Boomerang+1"],"picked":"Heavy Blade","floor":39},{"not_picked":["Havoc+1","Thunderclap","Anger"],"picked":"SKIP","floor":41},{"not_picked":["Headbutt","Shrug It Off"],"picked":"Flame Barrier+1","floor":42}],"player_experience":469950,"relics_obtained":[{"floor":6,"key":"Ancient Tea Set"},{"floor":9,"key":"Pen Nib"},{"floor":11,"key":"Nunchaku"},{"floor":23,"key":"Juzu Bracelet"},{"floor":26,"key":"Lantern"},{"floor":28,"key":"Blue Candle"},{"floor":30,"key":"Red Mask"},{"floor":42,"key":"Pantograph"},{"floor":43,"key":"Mummified Hand"}],"event_choices":[{"damage_healed":0,"gold_gain":50,"player_choice":"Pray","damage_taken":0,"max_hp_gain":0,"max_hp_loss":0,"event_name":"Golden Shrine","floor":2,"gold_loss":0},{"damage_healed":0,"gold_gain":0,"player_choice":"Success","damage_taken":18,"relics_obtained":["Red Skull"],"max_hp_gain":0,"max_hp_loss":0,"event_name":"Scrap Ooze","floor":5,"gold_loss":0},{"damage_healed":0,"gold_gain":0,"player_choice":"Forge","damage_taken":0,"max_hp_gain":0,"max_hp_loss":0,"event_name":"Accursed Blacksmith","floor":10,"gold_loss":0,"cards_upgraded":["Metallicize"]},{"cards_removed":["Brutality"],"damage_healed":38,"gold_gain":0,"player_choice":"Offered Rare","damage_taken":0,"max_hp_gain":10,"max_hp_loss":0,"event_name":"Bonfire Elementals","floor":22,"gold_loss":0},{"damage_healed":0,"gold_gain":0,"player_choice":"Ignored","damage_taken":0,"max_hp_gain":0,"max_hp_loss":0,"event_name":"Vampires","floor":25,"gold_loss":0},{"damage_healed":0,"gold_gain":0,"player_choice":"Upgraded","damage_taken":0,"max_hp_gain":0,"max_hp_loss":0,"event_name":"Upgrade Shrine","floor":29,"gold_loss":0,"cards_upgraded":["Shockwave"]},{"damage_healed":0,"gold_gain":0,"player_choice":"Fought Bandits","damage_taken":0,"max_hp_gain":0,"max_hp_loss":0,"event_name":"Masked Bandits","floor":30,"gold_loss":0},{"damage_healed":0,"gold_gain":0,"player_choice":"Memory 1","damage_taken":0,"max_hp_gain":0,"max_hp_loss":0,"event_name":"SensoryStone","floor":37,"gold_loss":0},{"damage_healed":17,"gold_gain":0,"player_choice":"Writhe","damage_taken":0,"max_hp_gain":0,"max_hp_loss":0,"event_name":"Winding Halls","floor":38,"gold_loss":0,"cards_obtained":["Writhe"]}],"is_beta":false,"boss_relics":[{"not_picked":["Cursed Key","Philosopher\u0027s Stone"],"picked":"Sozu"},{"not_picked":["Runic Pyramid","Eternal Feather"],"picked":"Black Blood"}],"items_purged_floors":[],"is_endless":false,"potions_floor_spawned":[1,3,8,11,20,30,33,35,39,42],"killed_by":"Nemesis","ascension_level":20}