{"gold_per_floor":[109,53,53,53,203,203,218,218,300,312,330,380,83,95,95,169,169,189,189,89,0,0,0,17,17,17,17,292,310,105,122,122,200,200,211,226,76,76,76,105,125,125,176,191,191,14,45,45,45,45,45,45,45,45,80,80],"floor_reached":57,"playtime":2117,"items_purged":["Doubt","Strike_R","Strike_R","Regret"],"score":2942,"play_id":"af3b8656-2431-4246-ab37-ebe3a86d2c0f","local_time":"20190511142545","is_ascension_mode":true,"campfire_choices":[{"data":"True Grit","floor":6.0,"key":"SMITH"},{"data":"Bash","floor":8.0,"key":"SMITH"},{"data":"Sword Boomerang","floor":15.0,"key":"SMITH"},{"data":"Fiend Fire","floor":23.0,"key":"SMITH"},{"data":"Body Slam","floor":25.0,"key":"SMITH"},{"data":"Flex","floor":27.0,"key":"SMITH"},{"data":"Evolve","floor":32.0,"key":"SMITH"},{"data":"Shrug It Off","floor":42.0,"key":"SMITH"},{"data":"Second Wind","floor":45.0,"key":"SMITH"},{"floor":49.0,"key":"RECALL"},{"data":"Power Through","floor":53.0,"key":"SMITH"}],"neow_cost":"TEN_PERCENT_HP_LOSS","seed_source_timestamp":1398287181888012,"circlet_count":0,"master_deck":["AscendersBane","Strike_R","Strike_R","Defend_R","Defend_R","Defend_R","Defend_R","Bash+1","True Grit+1","Shrug It Off+1","Power Through+1","Sword Boomerang+1","Feel No Pain","Fiend Fire+1","Flex+1","Ghostly","Ghostly","Ghostly","Body Slam+1","Shrug It Off","Evolve+1","Offering","Bloodletting+1","Second Wind+1","Offering"],"special_seed":0,"relics":["Burning Blood","StoneCalendar","Bag of Preparation","Coffee Dripper","Darkstone Periapt","Runic Pyramid","Torii","Art of War","Regal Pillow","Lantern"],"potions_floor_usage":[],"damage_taken":[{"damage":7.0,"enemies":"Cultist","floor":1.0,"turns":4.0},{"damage":9.0,"enemies":"Small Slimes","floor":7.0,"turns":5.0},{"damage":9.0,"enemies":"2 Louse","floor":10.0,"turns":4.0},{"damage":22.0,"enemies":"Large Slime","floor":11.0,"turns":7.0},{"damage":2.0,"enemies":"2 Fungi Beasts","floor":14.0,"turns":4.0},{"damage":22.0,"enemies":"Hexaghost","floor":16.0,"turns":9.0},{"damage":16.0,"enemies":"Shell Parasite","floor":18.0,"turns":5.0},{"damage":0.0,"enemies":"2 Thieves","floor":24.0,"turns":5.0},{"damage":0.0,"enemies":"Snake Plant","floor":29.0,"turns":4.0},{"damage":4.0,"enemies":"Chosen and Byrds","floor":31.0,"turns":6.0},{"damage":38.0,"enemies":"Automaton","floor":33.0,"turns":12.0},{"damage":0.0,"enemies":"Orb Walker","floor":35.0,"turns":2.0},{"damage":1.0,"enemies":"3 Darklings","floor":36.0,"turns":5.0},{"damage":25.0,"enemies":"Giant Head","floor":40.0,"turns":9.0},{"damage":15.0,"enemies":"Maw","floor":41.0,"turns":8.0},{"damage":1.0,"enemies":"Spire Growth","floor":44.0,"turns":4.0},{"damage":2.0,"enemies":"Reptomancer","floor":47.0,"turns":4.0},{"damage":7.0,"enemies":"Donu and Deca","floor":50.0,"turns":9.0},{"damage":2.0,"enemies":"Time Eater","floor":51.0,"turns":13.0},{"damage":2.0,"enemies":"Shield and Spear","floor":55.0,"turns":7.0},{"damage":13,"enemies":"The Heart","floor":56,"turns":12}],"seed_played":"-1883751366873598866","potions_obtained":[{"floor":1.0,"key":"AttackPotion"},{"floor":10.0,"key":"Regen Potion"},{"floor":31.0,"key":"SpeedPotion"},{"floor":33.0,"key":"BloodPotion"},{"floor":35.0,"key":"Fruit Juice"},{"floor":40.0,"key":"BloodPotion"}],"is_trial":false,"path_per_floor":["M","$","?","?","?","R","M","R","T","M","M","?","$","M","R","B",null,"M","?","$","?","?","R","M","R","T","R","?","M","$","M","R","B",null,"M","M","$","?","?","E","M","R","T","M","R","$","E","$","R","B","B",null,"R","$","E","B",null],"character_chosen":"IRONCLAD","items_purchased":["Shrug It Off","Strength Potion","Bag of Preparation","Evolve","Offering"],"campfire_rested":0,"item_purchase_floors":[2,13,13,30,46],"current_hp_per_floor":[67,67,67,72,72,72,69,69,69,66,50,43,43,47,47,31,63,53,32,32,32,32,32,38,38,38,38,44,45,45,45,45,13,37,48,50,50,50,50,36,32,32,32,37,37,37,41,41,41,40,44,49,49,49,50,43],"gold":80,"neow_bonus":"ONE_RARE_RELIC","is_prod":false,"is_daily":false,"chose_seed":false,"campfire_upgraded":10,"win_rate":0,"timestamp":1557555945,"path_taken":["M","?","?","?","?","R","M","R","T","M","M","?","$","?","R","BOSS","M","?","$","?","?","R","?","R","T","R","?","M","?","?","R","BOSS","M","M","$","?","?","E","M","R","T","M","R","$","E","$","R","BOSS","BOSS","R","$","E","BOSS"],"build_version":"2019-01-23","purchased_purges":4,"victory":true,"max_hp_per_floor":[68,68,68,73,73,73,73,73,73,73,73,73,73,73,73,73,73,73,78,78,78,39,39,39,39,39,39,45,45,45,45,45,45,45,50,50,50,50,50,50,50,50,50,50,50,50,50,50,50,50,50,50,50,50,50,50],"card_choices":[{"not_picked":["Rage","Thunderclap"],"picked":"True Grit","floor":1.0},{"not_picked":["Shrug It Off","Iron Wave","Power Through"],"picked":"SKIP","floor":7.0},{"not_picked":["Shrug It Off","Iron Wave"],"picked":"Power Through","floor":7.0},{"not_picked":["Uppercut","Metallicize","Sword Boomerang"],"picked":"SKIP","floor":10.0},{"not_picked":["Uppercut","Metallicize"],"picked":"Sword Boomerang","floor":10.0},{"not_picked":["Infernal Blade","Wild Strike","Shrug It Off"],"picked":"SKIP","floor":11.0},{"not_picked":["Sever Soul","Pommel Strike"],"picked":"Feel No Pain","floor":14.0},{"not_picked":["Demon Form","Bludgeon"],"picked":"Fiend Fire","floor":16.0},{"not_picked":["Dropkick","Heavy Blade+1"],"picked":"Flex","floor":18.0},{"not_picked":["Clash","Metallicize"],"picked":"Body Slam","floor":24.0},{"not_picked":["Clothesline","Clash"],"picked":"Shrug It Off","floor":29.0},{"not_picked":["Carnage","Body Slam","Clash"],"picked":"SKIP","floor":31.0},{"not_picked":["Bludgeon","Brutality"],"picked":"Offering","floor":33.0},{"not_picked":["Cleave","Sever Soul","Intimidate+1"],"picked":"SKIP","floor":35.0},{"not_picked":["Headbutt","Cleave+1","True Grit"],"picked":"SKIP","floor":36.0},{"not_picked":["Body Slam+1","Thunderclap","Clash"],"picked":"SKIP","floor":40.0},{"not_picked":["Clothesline","Havoc"],"picked":"Bloodletting+1","floor":41.0},{"not_picked":["Intimidate+1","Searing Blow"],"picked":"Second Wind","floor":44.0},{"not_picked":["Twin Strike","Entrench+1","Shockwave"],"picked":"SKIP","floor":47.0},{"not_picked":["Havoc","Spot Weakness+1","Carnage+1"],"picked":"SKIP","floor":55.0}],"player_experience":1931861,"relics_obtained":[{"floor":26.0,"key":"Darkstone Periapt"},{"floor":40.0,"key":"Torii"},{"floor":43.0,"key":"Art of War"},{"floor":47.0,"key":"Regal Pillow"},{"floor":55.0,"key":"Lantern"}],"event_choices":[{"damage_healed":0.0,"max_hp_gain":0.0,"max_hp_loss":0.0,"gold_gain":0.0,"event_name":"The Cleric","player_choice":"Leave","floor":3.0,"gold_loss":0.0,"damage_taken":0.0},{"damage_healed":0.0,"max_hp_gain":5.0,"max_hp_loss":0.0,"gold_gain":0.0,"event_name":"Big Fish","player_choice":"Donut","floor":4.0,"gold_loss":0.0,"damage_taken":0.0},{"damage_healed":0.0,"max_hp_gain":0.0,"max_hp_loss":0.0,"gold_gain":150.0,"event_name":"Liars Game","player_choice":"AGREE","floor":5.0,"gold_loss":0.0,"damage_taken":0.0,"cards_obtained":["Doubt"]},{"damage_healed":0.0,"max_hp_gain":0.0,"max_hp_loss":0.0,"gold_gain":50.0,"event_name":"FaceTrader","player_choice":"Touch","floor":12.0,"gold_loss":0.0,"damage_taken":7.0},{"damage_healed":0.0,"max_hp_gain":5.0,"max_hp_loss":0.0,"gold_gain":0.0,"event_name":"Forgotten Altar","player_choice":"Shed Blood","floor":19.0,"gold_loss":0.0,"damage_taken":26.0},{"damage_healed":0.0,"max_hp_gain":0.0,"max_hp_loss":0.0,"gold_gain":0.0,"event_name":"Masked Bandits","player_choice":"Paid Fearfully","floor":21.0,"gold_loss":89.0,"damage_taken":0.0},{"damage_healed":0.0,"max_hp_gain":0.0,"max_hp_loss":39.0,"gold_gain":0.0,"event_name":"Ghosts","player_choice":"Became a Ghost","floor":22.0,"gold_loss":0.0,"damage_taken":0.0,"cards_obtained":["Ghostly","Ghostly","Ghostly"]},{"damage_healed":0.0,"max_hp_gain":0.0,"max_hp_loss":0.0,"gold_gain":275.0,"event_name":"Golden Shrine","player_choice":"Desecrate","floor":28.0,"gold_loss":0.0,"damage_taken":0.0,"cards_obtained":["Regret"]},{"damage_healed":0.0,"max_hp_gain":0.0,"max_hp_loss":0.0,"gold_gain":0.0,"event_name":"Tomb of Lord Red Mask","player_choice":"Ignored","floor":38.0,"gold_loss":0.0,"damage_taken":0.0},{"cards_removed":["Strike_R"],"damage_healed":0.0,"max_hp_gain":0.0,"max_hp_loss":0.0,"gold_gain":0.0,"event_name":"Falling","player_choice":"Removed Attack","floor":39.0,"gold_loss":0.0,"damage_taken":0.0}],"is_beta":false,"boss_relics":[{"not_picked":["Ectoplasm","Velvet Choker"],"picked":"Coffee Dripper"},{"not_picked":["Runic Cube","Sozu"],"picked":"Runic Pyramid"}],"items_purged_floors":[13,20,30,37],"is_endless":false,"potions_floor_spawned":[1,10,14,31,33,35,40],"ascension_level":20}