{"gold_per_floor":[115,40,40,58,68,68,97,97,97,172,202,202,202,225,225,316,316,332,332,351,351,64,93,93,118,173,173,173,173,187,102,102,176,176,189,236,236,236,81,81,95,107,107,133,151,251,268,300,300,300,300,300,300,175,207,207],"floor_reached":57,"playtime":2834,"items_purged":["Strike_R","Strike_R","Strike_R"],"score":2958,"play_id":"42928d15-97e6-47b5-8673-bdfd67544f36","local_time":"20190513200511","is_ascension_mode":true,"campfire_choices":[{"data":"Carnage","floor":6.0,"key":"SMITH"},{"data":"True Grit","floor":13.0,"key":"SMITH"},{"data":"Inflame","floor":15.0,"key":"SMITH"},{"data":"Offering","floor":24.0,"key":"SMITH"},{"data":"Body Slam","floor":28.0,"key":"SMITH"},{"data":"Burning Pact","floor":32.0,"key":"SMITH"},{"data":"Power Through","floor":40.0,"key":"SMITH"},{"floor":49.0,"key":"RECALL"},{"data":"Bloodletting","floor":53,"key":"SMITH"}],"neow_cost":"NONE","seed_source_timestamp":1590694442225203,"circlet_count":0,"master_deck":["AscendersBane","Strike_R","Defend_R","Defend_R","Defend_R","Defend_R","Bash+1","True Grit+1","Carnage+1","Power Through+1","Burning Pact+1","Inflame+1","Shrug It Off","Sword Boomerang","Offering+1","Evolve","Ghostly","Ghostly","Ghostly","Reaper+1","Pommel Strike+1","Havoc+1","Bloodletting+1","Demon Form","Warcry+1","Warcry+1","Shockwave","Barricade"],"special_seed":0,"relics":["Burning Blood","NeowsBlessing","Omamori","Letter Opener","Ornamental Fan","Bloody Idol","Cursed Key","Strange Spoon","Ancient Tea Set","Strawberry","Anchor","Boot","Vajra","Runic Dome","Dead Branch","Whetstone","Gambling Chip","Pear","Red Skull"],"potions_floor_usage":[56],"damage_taken":[{"damage":0.0,"enemies":"Small Slimes","floor":1.0,"turns":1.0},{"damage":0.0,"enemies":"Cultist","floor":4.0,"turns":1.0},{"damage":0.0,"enemies":"Jaw Worm","floor":5.0,"turns":1.0},{"damage":32.0,"enemies":"Gremlin Nob","floor":7.0,"turns":4.0},{"damage":20.0,"enemies":"3 Sentries","floor":11.0,"turns":7.0},{"damage":4.0,"enemies":"2 Fungi Beasts","floor":14.0,"turns":4.0},{"damage":32.0,"enemies":"Slime Boss","floor":16.0,"turns":10.0},{"damage":11.0,"enemies":"2 Thieves","floor":18.0,"turns":4.0},{"damage":6.0,"enemies":"Spheric Guardian","floor":20.0,"turns":4.0},{"damage":20.0,"enemies":"Slavers","floor":23.0,"turns":6.0},{"damage":8.0,"enemies":"Book of Stabbing","floor":25.0,"turns":5.0},{"damage":10.0,"enemies":"Snake Plant","floor":30.0,"turns":4.0},{"damage":21.0,"enemies":"Automaton","floor":33.0,"turns":11.0},{"damage":4.0,"enemies":"3 Shapes","floor":35.0,"turns":5.0},{"damage":19.0,"enemies":"2 Orb Walkers","floor":36.0,"turns":4.0},{"damage":7.0,"enemies":"3 Darklings","floor":41.0,"turns":5.0},{"damage":2.0,"enemies":"Spire Growth","floor":42.0,"turns":5.0},{"damage":7.0,"enemies":"Reptomancer","floor":44.0,"turns":4.0},{"damage":9.0,"enemies":"Sphere and 2 Shapes","floor":45.0,"turns":4.0},{"damage":7.0,"enemies":"Mind Bloom Boss Battle","floor":46.0,"turns":5.0},{"damage":2.0,"enemies":"4 Shapes","floor":47.0,"turns":4.0},{"damage":25.0,"enemies":"Giant Head","floor":48.0,"turns":8.0},{"damage":2.0,"enemies":"Donu and Deca","floor":50.0,"turns":7.0},{"damage":5,"enemies":"Time Eater","floor":51,"turns":11},{"damage":8,"enemies":"Shield and Spear","floor":55,"turns":5},{"damage":32,"enemies":"The Heart","floor":56,"turns":8}],"seed_played":"5800678588710221640","potions_obtained":[{"floor":1.0,"key":"Regen Potion"},{"floor":4.0,"key":"SkillPotion"},{"floor":11.0,"key":"BloodPotion"},{"floor":16.0,"key":"Energy Potion"},{"floor":20.0,"key":"Dexterity Potion"},{"floor":23.0,"key":"SkillPotion"},{"floor":36.0,"key":"GamblersBrew"}],"is_trial":false,"path_per_floor":["M","$","?","M","M","R","E","?","T","?","E","?","R","M","R","B",null,"M","?","M","?","$","E","R","E","T","?","R","?","M","?","R","B",null,"M","?","?","?","$","R","M","M","T","E","M","?","M","E","R","B","B",null,"R","$","E","B",null],"character_chosen":"IRONCLAD","items_purchased":["Carnage","Strange Spoon","PowerPotion"],"campfire_rested":0,"item_purchase_floors":[2,22,39],"current_hp_per_floor":[74,74,74,75,75,75,49,49,49,38,24,24,24,38,38,18,56,51,51,56,56,56,47,47,57,62,62,62,37,37,37,37,27,35,37,37,37,37,37,37,37,37,37,37,37,37,37,47,47,47,47,47,47,47,47,47],"gold":207,"neow_bonus":"THREE_ENEMY_KILL","is_prod":false,"is_daily":false,"chose_seed":false,"campfire_upgraded":8,"win_rate":0,"timestamp":1557749111,"path_taken":["M","$","?","?","M","R","E","?","T","?","E","?","R","M","R","BOSS","M","?","M","?","$","E","R","E","T","?","R","?","M","?","R","BOSS","M","?","?","?","$","R","M","M","T","E","?","?","M","E","R","BOSS","BOSS","R","$","E","BOSS"],"build_version":"2019-01-23","purchased_purges":3,"victory":true,"max_hp_per_floor":[75,75,75,75,75,75,75,75,75,75,75,68,68,68,68,68,68,68,68,68,68,68,68,68,75,75,75,75,37,37,37,37,37,37,37,37,37,37,37,37,37,37,37,37,37,37,37,47,47,47,47,47,47,47,47,47],"card_choices":[{"not_picked":["Seeing Red","Headbutt"],"picked":"True Grit","floor":1.0},{"not_picked":["Iron Wave","Flame Barrier"],"picked":"Power Through","floor":4.0},{"not_picked":["Clothesline","Brutality"],"picked":"Burning Pact","floor":5.0},{"not_picked":["Dual Wield","Pummel"],"picked":"Inflame","floor":7.0},{"not_picked":["Heavy Blade","True Grit"],"picked":"Shrug It Off","floor":11.0},{"not_picked":["Flex","Headbutt"],"picked":"Sword Boomerang","floor":14.0},{"not_picked":["Feed","Dark Embrace"],"picked":"Offering","floor":16.0},{"not_picked":["Headbutt","Shrug It Off","Havoc"],"picked":"SKIP","floor":18.0},{"not_picked":["Body Slam","Spot Weakness"],"picked":"Evolve","floor":20.0},{"not_picked":["Havoc","Warcry","Rupture"],"picked":"SKIP","floor":23.0},{"not_picked":["Cleave","Ghostly Armor"],"picked":"Body Slam","floor":25.0},{"not_picked":["Rage","Clash+1","Anger"],"picked":"SKIP","floor":30.0},{"not_picked":["Immolate","Demon Form"],"picked":"Reaper","floor":33.0},{"not_picked":["Body Slam","Dropkick"],"picked":"Pommel Strike","floor":35.0},{"not_picked":["Anger+1","Metallicize+1"],"picked":"Havoc+1","floor":36.0},{"not_picked":["Carnage+1","Flex+1"],"picked":"Bloodletting","floor":41.0},{"not_picked":["Flame Barrier","Power Through","Iron Wave"],"picked":"SKIP","floor":42.0},{"not_picked":["Flame Barrier","Power Through","Iron Wave"],"picked":"SKIP","floor":42.0},{"not_picked":["Ghostly Armor","Rupture"],"picked":"Demon Form","floor":44.0},{"not_picked":["Wild Strike","Cleave"],"picked":"Warcry+1","floor":45.0},{"not_picked":["Pommel Strike","Flex"],"picked":"Warcry+1","floor":46.0},{"not_picked":["Flame Barrier","Perfected Strike"],"picked":"Shockwave","floor":47.0},{"not_picked":["Flex+1","Body Slam"],"picked":"Barricade","floor":48.0},{"not_picked":["Evolve","Sword Boomerang","Combust+1"],"picked":"SKIP","floor":55},{"not_picked":["Evolve","Sword Boomerang","Combust+1"],"picked":"SKIP","floor":55}],"player_experience":1960615,"relics_obtained":[{"floor":7.0,"key":"Omamori"},{"floor":9.0,"key":"Letter Opener"},{"floor":11.0,"key":"Ornamental Fan"},{"floor":23.0,"key":"Ancient Tea Set"},{"floor":25.0,"key":"Strawberry"},{"floor":26.0,"key":"Anchor"},{"floor":36.0,"key":"Dead Branch"},{"floor":44.0,"key":"Whetstone"},{"floor":46.0,"key":"Gambling Chip"},{"floor":48.0,"key":"Pear"},{"floor":55,"key":"Red Skull"}],"event_choices":[{"damage_healed":0.0,"max_hp_gain":0.0,"max_hp_loss":0.0,"gold_gain":0.0,"event_name":"Match and Keep!","player_choice":"0 cards matched","floor":3.0,"gold_loss":0.0,"damage_taken":0.0,"cards_obtained":[]},{"cards_removed":["Strike_R"],"damage_healed":0.0,"max_hp_gain":0.0,"max_hp_loss":0.0,"gold_gain":0.0,"event_name":"Living Wall","player_choice":"Forget","floor":8.0,"gold_loss":0.0,"damage_taken":0.0},{"damage_healed":0.0,"max_hp_gain":0.0,"max_hp_loss":0.0,"gold_gain":75.0,"event_name":"World of Goop","player_choice":"Gather Gold","floor":10.0,"gold_loss":0.0,"damage_taken":11.0},{"damage_healed":0.0,"max_hp_gain":0.0,"max_hp_loss":7.0,"gold_gain":0.0,"event_name":"Golden Idol","player_choice":"Lose Max HP","floor":12.0,"gold_loss":0.0,"damage_taken":0.0,"relics_obtained":["Golden Idol"]},{"damage_healed":0.0,"max_hp_gain":0.0,"max_hp_loss":0.0,"gold_gain":0.0,"event_name":"Forgotten Altar","player_choice":"Gave Idol","floor":19.0,"relics_lost":["Golden Idol"],"gold_loss":0.0,"damage_taken":0.0,"relics_obtained":["Bloody Idol"]},{"damage_healed":0.0,"max_hp_gain":0.0,"max_hp_loss":0.0,"gold_gain":0.0,"event_name":"Cursed Tome","player_choice":"Ignored","floor":21.0,"gold_loss":0.0,"damage_taken":0.0},{"damage_healed":0.0,"max_hp_gain":0.0,"max_hp_loss":0.0,"gold_gain":0.0,"event_name":"The Mausoleum","player_choice":"Opened","floor":27.0,"gold_loss":0.0,"damage_taken":0.0,"relics_obtained":["Boot"],"cards_obtained":["Writhe"]},{"damage_healed":0.0,"max_hp_gain":0.0,"max_hp_loss":38.0,"gold_gain":0.0,"event_name":"Ghosts","player_choice":"Became a Ghost","floor":29.0,"gold_loss":0.0,"damage_taken":0.0,"cards_obtained":["Ghostly","Ghostly","Ghostly"]},{"damage_healed":0.0,"max_hp_gain":0.0,"max_hp_loss":0.0,"gold_gain":0.0,"event_name":"Addict","player_choice":"Obtained Relic","floor":31.0,"gold_loss":85.0,"damage_taken":0.0,"relics_obtained":["Vajra"]},{"damage_healed":0.0,"max_hp_gain":0.0,"max_hp_loss":0.0,"gold_gain":0.0,"event_name":"Mysterious Sphere","player_choice":"Fight","floor":36.0,"gold_loss":0.0,"damage_taken":0.0},{"cards_removed":["Body Slam"],"damage_healed":0.0,"max_hp_gain":0.0,"max_hp_loss":0.0,"gold_gain":0.0,"event_name":"Falling","player_choice":"Removed Attack","floor":37.0,"gold_loss":0.0,"damage_taken":0.0},{"damage_healed":0.0,"max_hp_gain":0.0,"max_hp_loss":0.0,"gold_gain":0.0,"event_name":"Accursed Blacksmith","player_choice":"Forge","floor":38.0,"gold_loss":0.0,"damage_taken":0.0,"cards_upgraded":["Pommel Strike"]},{"damage_healed":0.0,"max_hp_gain":0.0,"max_hp_loss":0.0,"gold_gain":0.0,"event_name":"MindBloom","player_choice":"Fight","floor":46.0,"gold_loss":0.0,"damage_taken":0.0}],"is_beta":false,"boss_relics":[{"not_picked":["Coffee Dripper","Pandora\u0027s Box"],"picked":"Cursed Key"},{"not_picked":["Lizard Tail","Mark of Pain"],"picked":"Runic Dome"}],"items_purged_floors":[22,39,54],"is_endless":false,"potions_floor_spawned":[1,4,11,16,20,23,36,42,46,47,48],"ascension_level":20}