{"gold_per_floor":[118,135,60,60,60,86,101,101,101,26,39,39,51,62,62,139,139,152,172,172,172,172,172,182,54,77,2,22,22,72,72,72,72],"floor_reached":33,"playtime":831,"items_purged":["Strike_R","Defend_R"],"score":494,"play_id":"226efb5d-9649-4d6e-b133-be95447013e8","local_time":"20190309200011","is_ascension_mode":true,"campfire_choices":[{"floor":8.0,"key":"DIG"},{"floor":12.0,"key":"DIG"},{"data":"True Grit","floor":15.0,"key":"SMITH"},{"data":"Body Slam","floor":23.0,"key":"SMITH"},{"data":"Entrench","floor":32,"key":"SMITH"}],"neow_cost":"NONE","seed_source_timestamp":722904250960887,"circlet_count":0,"master_deck":["AscendersBane","Strike_R","Defend_R","Bash","Second Wind","Carnage","Shrug It Off","Body Slam+1","Entrench+1","True Grit+1","Offering","Flame Barrier+1","Seeing Red","Necronomicurse","Ghostly","Ghostly","Ghostly","Feed","Havoc","Entrench","Battle Trance"],"special_seed":0,"relics":["Velvet Choker","Dodecahedron","Shovel","Mango","Bronze Scales","Question Card","Empty Cage","Necronomicon"],"potions_floor_usage":[33],"damage_taken":[{"damage":4.0,"enemies":"Jaw Worm","floor":1.0,"turns":4.0},{"damage":4.0,"enemies":"Small Slimes","floor":2.0,"turns":3.0},{"damage":8.0,"enemies":"Gremlin Nob","floor":6.0,"turns":3.0},{"damage":0.0,"enemies":"2 Louse","floor":7.0,"turns":3.0},{"damage":0.0,"enemies":"Blue Slaver","floor":11.0,"turns":2.0},{"damage":0.0,"enemies":"2 Fungi Beasts","floor":13.0,"turns":3.0},{"damage":5.0,"enemies":"Gremlin Gang","floor":14.0,"turns":4.0},{"damage":42.0,"enemies":"The Guardian","floor":16.0,"turns":10.0},{"damage":26.0,"enemies":"Spheric Guardian","floor":18.0,"turns":7.0},{"damage":6.0,"enemies":"3 Byrds","floor":19.0,"turns":3.0},{"damage":0.0,"enemies":"3 Cultists","floor":21.0,"turns":1.0},{"damage":3.0,"enemies":"Sentry and Sphere","floor":24.0,"turns":7.0},{"damage":1.0,"enemies":"Chosen and Byrds","floor":28.0,"turns":5.0},{"damage":22,"enemies":"Collector","floor":33,"turns":5}],"seed_played":"6012993056086658879","potions_obtained":[{"floor":1.0,"key":"Energy Potion"},{"floor":2.0,"key":"LiquidBronze"},{"floor":13.0,"key":"SmokeBomb"},{"floor":28.0,"key":"BloodPotion"}],"is_trial":false,"path_per_floor":["M","M","$","?","?","E","M","R","T","?","M","R","M","M","R","B",null,"M","M","?","M","?","R","M","$","T","?","M","$","?","?","R","B"],"character_chosen":"IRONCLAD","items_purchased":["Havoc"],"campfire_rested":0,"item_purchase_floors":[25],"current_hp_per_floor":[64,60,60,60,55,47,47,61,61,61,61,61,61,56,56,14,70,44,38,17,17,17,17,14,14,14,14,13,13,13,13,13,0],"gold":72,"neow_bonus":"BOSS_RELIC","is_prod":false,"is_daily":false,"chose_seed":false,"campfire_upgraded":3,"win_rate":0,"timestamp":1552132811,"path_taken":["M","M","$","?","?","E","M","R","T","?","M","R","M","M","R","BOSS","M","M","?","M","?","R","M","$","T","?","M","$","?","?","R","BOSS"],"build_version":"2019-01-23","purchased_purges":2,"victory":false,"max_hp_per_floor":[75,75,75,75,75,75,75,89,89,89,89,89,89,89,89,89,89,89,89,89,89,44,44,44,44,44,44,44,44,44,44,44,44],"card_choices":[{"not_picked":["Inflame","Shrug It Off"],"picked":"Second Wind","floor":1.0},{"not_picked":["Shrug It Off","Corruption"],"picked":"Carnage","floor":2.0},{"not_picked":["Perfected Strike","Blood for Blood"],"picked":"Shrug It Off","floor":6.0},{"not_picked":["Iron Wave","Clothesline"],"picked":"Body Slam","floor":7.0},{"not_picked":["Havoc","Anger","Second Wind"],"picked":"SKIP","floor":11.0},{"not_picked":["Havoc","Anger","Second Wind"],"picked":"SKIP","floor":11.0},{"not_picked":["Havoc","Ghostly Armor","Clothesline"],"picked":"Entrench","floor":13.0},{"not_picked":["Second Wind","Corruption","Combust"],"picked":"True Grit","floor":14.0},{"not_picked":["Fiend Fire","Double Tap","Dark Embrace"],"picked":"Offering","floor":16.0},{"not_picked":["Sword Boomerang","Heavy Blade","True Grit"],"picked":"Flame Barrier+1","floor":18.0},{"not_picked":["Metallicize","Headbutt+1","Heavy Blade"],"picked":"Seeing Red","floor":19.0},{"not_picked":["Pummel","Iron Wave+1","Body Slam"],"picked":"Feed","floor":24.0},{"not_picked":["Cleave","Wild Strike+1","Thunderclap"],"picked":"Entrench","floor":28.0}],"player_experience":1199719,"relics_obtained":[{"floor":6.0,"key":"Shovel"},{"floor":8.0,"key":"Mango"},{"floor":9.0,"key":"Bronze Scales"},{"floor":12.0,"key":"Question Card"},{"floor":20.0,"key":"Necronomicon"}],"event_choices":[{"damage_healed":0.0,"max_hp_gain":0.0,"max_hp_loss":0.0,"gold_gain":0.0,"event_name":"Shining Light","player_choice":"Ignored","floor":4.0,"gold_loss":0.0,"damage_taken":0.0},{"damage_healed":0.0,"max_hp_gain":0.0,"max_hp_loss":0.0,"gold_gain":0.0,"event_name":"Scrap Ooze","player_choice":"Success","floor":5.0,"gold_loss":0.0,"damage_taken":5.0,"relics_obtained":["Dodecahedron"]},{"cards_removed":["Strike_R"],"damage_healed":0.0,"max_hp_gain":0.0,"max_hp_loss":0.0,"gold_gain":0.0,"event_name":"The Cleric","player_choice":"Card Removal","floor":10.0,"gold_loss":75.0,"damage_taken":0.0},{"damage_healed":0.0,"max_hp_gain":0.0,"max_hp_loss":0.0,"gold_gain":0.0,"event_name":"Cursed Tome","player_choice":"Obtained Book","floor":20.0,"gold_loss":0.0,"damage_taken":21.0},{"damage_healed":0.0,"max_hp_gain":0.0,"max_hp_loss":45.0,"gold_gain":0.0,"event_name":"Ghosts","player_choice":"Became a Ghost","floor":22.0,"gold_loss":0.0,"damage_taken":0.0,"cards_obtained":["Ghostly","Ghostly","Ghostly"]},{"cards_removed":["Defend_R"],"damage_healed":0.0,"max_hp_gain":0.0,"max_hp_loss":0.0,"gold_gain":0.0,"event_name":"Beggar","player_choice":"Gave Gold","floor":27.0,"gold_loss":75.0,"damage_taken":0.0},{"damage_healed":0.0,"max_hp_gain":0.0,"max_hp_loss":0.0,"gold_gain":50.0,"event_name":"Nest","player_choice":"Stole From Cult","floor":30.0,"gold_loss":0.0,"damage_taken":0.0},{"damage_healed":0.0,"max_hp_gain":0.0,"max_hp_loss":0.0,"gold_gain":0.0,"cards_transformed":["Defend_R"],"event_name":"Transmorgrifier","player_choice":"Transformed","floor":31.0,"gold_loss":0.0,"damage_taken":0.0,"cards_obtained":["Battle Trance"]}],"is_beta":false,"boss_relics":[{"not_picked":["Runic Pyramid","Sozu"],"picked":"Empty Cage"}],"items_purged_floors":[3,25],"is_endless":false,"potions_floor_spawned":[1,2,13,19,28],"killed_by":"Collector","ascension_level":20}