{"gold_per_floor":[115,115,4,18,43,43,87,87,87,87,112,92,92,131,131,252,252,265,265,296,266,266,309,309,334,359,377,377,390,406,178,178,178],"floor_reached":33,"playtime":3475,"items_purged":[],"score":289,"play_id":"254d06c4-aae9-461d-942b-9a2534aa6d27","local_time":"20190501002450","is_ascension_mode":true,"campfire_choices":[{"data":"Noxious Fumes","floor":6,"key":"SMITH"},{"data":"Deadly Poison","floor":8,"key":"SMITH"},{"data":"Catalyst","floor":13,"key":"SMITH"},{"data":"Prepared","floor":15,"key":"SMITH"},{"data":"After Image","floor":24,"key":"SMITH"},{"floor":28,"key":"RECALL"},{"data":"Catalyst","floor":32,"key":"SMITH"}],"neow_cost":"NONE","seed_source_timestamp":4068673907171200,"circlet_count":0,"master_deck":["Defend_G","Defend_G","Defend_G","Defend_G","Defend_G","Strike_G","Strike_G","Strike_G","Strike_G","Strike_G","Survivor","Neutralize","Flechettes","Noxious Fumes+1","Catalyst+1","Deadly Poison+1","Backstab","Sucker Punch","Prepared+1","After Image+1","Flying Knee+1","Deadly Poison","Sucker Punch","Die Die Die","Well Laid Plans","Footwork","Catalyst+1","Reflex+1","Crippling Poison","Cloak And Dagger+1","Prepared+1","Sucker Punch","Bouncing Flask"],"relics":["Ring of the Snake","NeowsBlessing","Golden Idol","Tough Bandages","Paper Crane","Juzu Bracelet","Eternal Feather","Red Mask","Prayer Wheel","TwistedFunnel"],"potions_floor_usage":[14,16,20,23,23,33,33,33],"damage_taken":[{"damage":0,"enemies":"2 Louse","floor":1,"turns":1},{"damage":0,"enemies":"Jaw Worm","floor":4,"turns":1},{"damage":0,"enemies":"Cultist","floor":5,"turns":1},{"damage":8,"enemies":"Lagavulin","floor":7,"turns":5},{"damage":0,"enemies":"Exordium Wildlife","floor":11,"turns":3},{"damage":11,"enemies":"3 Sentries","floor":14,"turns":6},{"damage":18,"enemies":"Slime Boss","floor":16,"turns":11},{"damage":12,"enemies":"3 Byrds","floor":18,"turns":7},{"damage":7,"enemies":"Masked Bandits","floor":20,"turns":6},{"damage":5,"enemies":"2 Thieves","floor":21,"turns":5},{"damage":8,"enemies":"Gremlin Leader","floor":23,"turns":5},{"damage":3,"enemies":"Cultist and Chosen","floor":25,"turns":4},{"damage":8,"enemies":"Snake Plant","floor":27,"turns":4},{"damage":9,"enemies":"Centurion and Healer","floor":29,"turns":5},{"damage":14,"enemies":"3 Cultists","floor":30,"turns":5},{"damage":56,"enemies":"Collector","floor":33,"turns":7}],"seed_played":"1490150867499194648","potions_obtained":[{"floor":4,"key":"Block Potion"},{"floor":7,"key":"Weak Potion"},{"floor":12,"key":"EssenceOfSteel"},{"floor":16,"key":"GamblersBrew"},{"floor":18,"key":"SkillPotion"},{"floor":22,"key":"AttackPotion"},{"floor":27,"key":"Block Potion"},{"floor":29,"key":"SpeedPotion"}],"is_trial":false,"path_per_floor":["M","?","$","M","M","R","E","R","T","?","M","?","R","E","R","B",null,"M","?","?","M","?","E","R","M","T","M","R","M","M","$","R","B"],"character_chosen":"THE_SILENT","items_purchased":["Noxious Fumes","Catalyst","TwistedFunnel","Bouncing Flask"],"campfire_rested":0,"item_purchase_floors":[3,3,31,31],"current_hp_per_floor":[70,53,53,53,53,53,45,45,45,70,70,70,70,59,59,41,70,58,58,51,46,46,38,50,47,47,39,54,45,31,31,49,0],"gold":178,"neow_bonus":"THREE_ENEMY_KILL","is_prod":false,"is_daily":false,"chose_seed":false,"campfire_upgraded":6,"win_rate":0,"timestamp":1556684690,"path_taken":["M","?","?","M","M","R","E","R","T","?","?","?","R","E","R","BOSS","M","?","?","M","?","E","R","M","T","M","R","M","M","$","R","BOSS"],"build_version":"2019-01-23","purchased_purges":0,"victory":false,"max_hp_per_floor":[70,70,70,70,70,70,70,70,70,70,70,70,70,70,70,70,70,70,70,70,70,70,70,70,70,70,70,70,70,70,70,70,70],"card_choices":[{"not_picked":["Outmaneuver","PiercingWail"],"picked":"Flechettes","floor":1},{"not_picked":["Flying Knee","Underhanded Strike"],"picked":"Expertise","floor":4},{"not_picked":["Slice","Outmaneuver"],"picked":"Deadly Poison","floor":5},{"not_picked":["Accuracy","Masterful Stab"],"picked":"Backstab","floor":7},{"not_picked":["PiercingWail","Crippling Poison"],"picked":"Sucker Punch","floor":11},{"not_picked":["PiercingWail","Caltrops"],"picked":"Prepared","floor":14},{"not_picked":["Wraith Form v2","Unload"],"picked":"After Image","floor":16},{"not_picked":["Backflip","Accuracy"],"picked":"Flying Knee+1","floor":18},{"not_picked":["Predator","PiercingWail"],"picked":"Deadly Poison","floor":20},{"not_picked":["Flying Knee","PiercingWail"],"picked":"Sucker Punch","floor":21},{"not_picked":["Slice","Heel Hook"],"picked":"Die Die Die","floor":23},{"not_picked":["Expertise","Finisher"],"picked":"Well Laid Plans","floor":25},{"not_picked":["Dodge and Roll","Quick Slash+1"],"picked":"Footwork","floor":25},{"not_picked":["Accuracy","Dagger Spray"],"picked":"Catalyst","floor":27},{"not_picked":["Quick Slash","Blade Dance"],"picked":"Reflex+1","floor":27},{"not_picked":["Calculated Gamble","Tactician"],"picked":"Crippling Poison","floor":29},{"not_picked":["Outmaneuver","Dagger Throw"],"picked":"Cloak And Dagger+1","floor":29},{"not_picked":["Dodge and Roll","Backflip"],"picked":"Prepared+1","floor":30},{"not_picked":["Dash","Backflip+1"],"picked":"Sucker Punch","floor":30}],"player_experience":58309,"relics_obtained":[{"floor":7,"key":"Tough Bandages"},{"floor":9,"key":"Paper Crane"},{"floor":14,"key":"Juzu Bracelet"},{"floor":20,"key":"Red Mask"},{"floor":23,"key":"Prayer Wheel"}],"event_choices":[{"damage_healed":0,"gold_gain":0,"player_choice":"Take Damage","damage_taken":17,"relics_obtained":["Golden Idol"],"max_hp_gain":0,"max_hp_loss":0,"event_name":"Golden Idol","floor":2,"gold_loss":0},{"cards_removed":["Expertise"],"damage_healed":25,"gold_gain":0,"player_choice":"Offered Uncommon","damage_taken":0,"max_hp_gain":0,"max_hp_loss":0,"event_name":"Bonfire Elementals","floor":10,"gold_loss":0},{"damage_healed":0,"gold_gain":0,"player_choice":"Bought 1 Potion","damage_taken":0,"max_hp_gain":0,"max_hp_loss":0,"event_name":"The Woman in Blue","floor":12,"gold_loss":0},{"damage_healed":0,"gold_gain":0,"player_choice":"Ignored","damage_taken":0,"max_hp_gain":0,"max_hp_loss":0,"event_name":"Ghosts","floor":19,"gold_loss":0},{"damage_healed":0,"gold_gain":0,"player_choice":"Fought Bandits","damage_taken":0,"max_hp_gain":0,"max_hp_loss":0,"event_name":"Masked Bandits","floor":20,"gold_loss":0},{"damage_healed":0,"gold_gain":0,"player_choice":"Got Potions","damage_taken":0,"max_hp_gain":0,"max_hp_loss":0,"event_name":"Lab","floor":22,"gold_loss":0}],"is_beta":false,"boss_relics":[{"not_picked":["Fusion Hammer","Ectoplasm"],"picked":"Eternal Feather"}],"items_purged_floors":[],"is_endless":false,"potions_floor_spawned":[4,7,16,18,27,29,30],"killed_by":"Collector","ascension_level":1}