{"gold_per_floor":[312,312,330,139,139,139,158,158,158,192,212,212,245,259,259,333,333,347,347,347],"floor_reached":20,"playtime":1520,"items_purged":["Strike_R"],"score":364,"play_id":"97e06802-5fc3-4b37-9e3d-94c92e6b3310","local_time":"20190516095819","is_ascension_mode":true,"campfire_choices":[{"data":"Bash","floor":6,"key":"SMITH"},{"data":"Uppercut","floor":8,"key":"SMITH"},{"data":"Cleave","floor":12,"key":"SMITH"},{"data":"Demon Form","floor":15,"key":"SMITH"}],"neow_cost":"NO_GOLD","seed_source_timestamp":25743373827500,"circlet_count":0,"master_deck":["AscendersBane","Strike_R","Defend_R","Defend_R","Defend_R+1","Bash+1","Disarm+1","Headbutt","Feel No Pain","Uppercut+1","Cleave+1","Metallicize","Demon Form+1","Reaper","Sever Soul","Demon Form"],"relics":["Burning Blood","Old Coin","Lantern","War Paint","Charon\u0027s Ashes","Black Star"],"potions_floor_usage":[13,20,20],"damage_taken":[{"damage":1,"enemies":"Small Slimes","floor":1,"turns":3},{"damage":9,"enemies":"Jaw Worm","floor":3,"turns":7},{"damage":1,"enemies":"Cultist","floor":7,"turns":4},{"damage":21,"enemies":"Lagavulin","floor":10,"turns":6},{"damage":9,"enemies":"2 Fungi Beasts","floor":11,"turns":3},{"damage":18,"enemies":"Gremlin Nob","floor":13,"turns":4},{"damage":3,"enemies":"Looter","floor":14,"turns":3},{"damage":16,"enemies":"The Guardian","floor":16,"turns":11},{"damage":53,"enemies":"Spheric Guardian","floor":18,"turns":9},{"damage":56,"enemies":"Colosseum Slavers","floor":20,"turns":5}],"seed_played":"6199935041177030199","potions_obtained":[{"floor":1,"key":"Energy Potion"},{"floor":10,"key":"EssenceOfSteel"},{"floor":13,"key":"SkillPotion"},{"floor":16,"key":"PowerPotion"}],"is_trial":false,"path_per_floor":["M","?","M","$","?","R","M","R","T","E","M","R","E","M","R","B",null,"M","?","?"],"character_chosen":"IRONCLAD","items_purchased":["Headbutt","Feel No Pain"],"campfire_rested":0,"item_purchase_floors":[4,4],"current_hp_per_floor":[73,73,70,70,70,70,75,75,75,60,57,57,45,48,48,38,66,33,33,0],"gold":347,"neow_bonus":"ONE_RARE_RELIC","is_prod":false,"is_daily":false,"chose_seed":false,"campfire_upgraded":4,"win_rate":0,"timestamp":1558015099,"path_taken":["M","?","M","$","?","R","?","R","T","E","M","R","E","M","R","BOSS","M","?","?"],"build_version":"2019-01-23","purchased_purges":1,"victory":false,"max_hp_per_floor":[75,75,75,75,75,75,75,75,75,75,75,75,75,75,75,75,75,75,75,75],"card_choices":[{"not_picked":["Combust","Clash"],"picked":"Disarm","floor":1},{"not_picked":["Heavy Blade","Flex","Body Slam"],"picked":"SKIP","floor":3},{"not_picked":["Shockwave","Heavy Blade"],"picked":"Uppercut","floor":7},{"not_picked":["Power Through","Clothesline"],"picked":"Cleave","floor":10},{"not_picked":["Pummel","Twin Strike"],"picked":"Metallicize","floor":11},{"not_picked":["Warcry","Evolve"],"picked":"Demon Form","floor":13},{"not_picked":["Flex","Entrench","Feel No Pain"],"picked":"SKIP","floor":14},{"not_picked":["Feed","Barricade"],"picked":"Reaper","floor":16},{"not_picked":["Hemokinesis","Pommel Strike","Pummel"],"picked":"SKIP","floor":18}],"player_experience":1312089,"relics_obtained":[{"floor":9,"key":"Lantern"},{"floor":10,"key":"War Paint"},{"floor":13,"key":"Charon\u0027s Ashes"}],"event_choices":[{"cards_removed":["Strike_R"],"damage_healed":0,"gold_gain":0,"player_choice":"Forget","damage_taken":0,"max_hp_gain":0,"max_hp_loss":0,"event_name":"Living Wall","floor":2,"gold_loss":0},{"cards_removed":["Defend_R"],"damage_healed":0,"gold_gain":0,"player_choice":"Offered Basic","damage_taken":0,"max_hp_gain":0,"max_hp_loss":0,"event_name":"Bonfire Elementals","floor":5,"gold_loss":0},{"damage_healed":0,"gold_gain":0,"cards_transformed":["Strike_R","Strike_R"],"player_choice":"Became Test Subject","damage_taken":0,"max_hp_gain":0,"max_hp_loss":0,"event_name":"Drug Dealer","floor":19,"gold_loss":0,"cards_obtained":["Sever Soul","Demon Form"]},{"damage_healed":0,"gold_gain":0,"player_choice":"Fight","damage_taken":0,"max_hp_gain":0,"max_hp_loss":0,"event_name":"Colosseum","floor":20,"gold_loss":0}],"is_beta":false,"boss_relics":[{"not_picked":["Mark of Pain","Eternal Feather"],"picked":"Black Star"}],"items_purged_floors":[4],"is_endless":false,"potions_floor_spawned":[1,10,11,13,16],"killed_by":"Colosseum Slavers","ascension_level":20}