{"gold_per_floor":[116,41,41,41,54,82,82,100,125,151,180,191,203,219,219,294,294,313,40,40,51,51,51,84,95,170,170],"floor_reached":27,"playtime":1057,"items_purged":["Strike_R","Strike_R"],"score":561,"play_id":"cfdea3e2-0332-46e1-af8e-8fec6eaa8ddc","local_time":"20190503195723","is_ascension_mode":true,"campfire_choices":[{"data":"Bash","floor":7.0,"key":"SMITH"},{"data":"Rampage","floor":15.0,"key":"SMITH"},{"data":"True Grit","floor":23.0,"key":"SMITH"}],"neow_cost":"NONE","seed_source_timestamp":727895757447753,"circlet_count":0,"master_deck":["AscendersBane","Strike_R","Strike_R","Strike_R+1","Defend_R+1","Defend_R+1","Defend_R","Defend_R","Bash+1","Burning Pact+1","Power Through","Shrug It Off","Pommel Strike","Feed","Evolve","Rampage+1","True Grit+1","Fiend Fire","Battle Trance","Second Wind","Bloodletting","Offering","Warcry+1"],"special_seed":0,"relics":["Burning Blood","NeowsBlessing","War Paint","Vajra","Question Card","Odd Mushroom","Orrery","Juzu Bracelet","Toxic Egg 2"],"potions_floor_usage":[24,24,24,24],"damage_taken":[{"damage":0.0,"enemies":"2 Louse","floor":1.0,"turns":2.0},{"damage":0.0,"enemies":"Small Slimes","floor":5.0,"turns":1.0},{"damage":0.0,"enemies":"Gremlin Nob","floor":6.0,"turns":1.0},{"damage":0.0,"enemies":"Cultist","floor":8.0,"turns":4.0},{"damage":16.0,"enemies":"3 Sentries","floor":10.0,"turns":9.0},{"damage":28.0,"enemies":"The Mushroom Lair","floor":11.0,"turns":5.0},{"damage":0.0,"enemies":"Looter","floor":12.0,"turns":4.0},{"damage":1.0,"enemies":"Large Slime","floor":13.0,"turns":3.0},{"damage":0.0,"enemies":"2 Fungi Beasts","floor":14.0,"turns":4.0},{"damage":19.0,"enemies":"Slime Boss","floor":16.0,"turns":12.0},{"damage":29.0,"enemies":"3 Byrds","floor":18.0,"turns":9.0},{"damage":14.0,"enemies":"Shell Parasite","floor":21.0,"turns":5.0},{"damage":20,"enemies":"Book of Stabbing","floor":24,"turns":5},{"damage":6,"enemies":"3 Cultists","floor":25,"turns":7},{"damage":18,"enemies":"Shelled Parasite and Fungi","floor":27,"turns":1}],"seed_played":"-4889225053203637857","potions_obtained":[{"floor":5.0,"key":"BloodPotion"},{"floor":6.0,"key":"Energy Potion"},{"floor":8.0,"key":"LiquidBronze"},{"floor":10.0,"key":"Explosive Potion"},{"floor":18.0,"key":"Explosive Potion"},{"floor":22.0,"key":"Fruit Juice"},{"floor":22.0,"key":"EntropicBrew"},{"floor":25,"key":"LiquidBronze"}],"is_trial":false,"path_per_floor":["M","$","?","?","M","E","R","M","T","E","?","M","M","M","R","B",null,"M","$","?","M","?","R","E","M","T","M"],"character_chosen":"IRONCLAD","items_purchased":["Offering"],"campfire_rested":0,"item_purchase_floors":[19],"current_hp_per_floor":[74,74,79,55,61,67,67,80,80,70,51,57,62,71,71,58,79,56,56,31,26,31,31,17,17,17,0],"gold":170,"neow_bonus":"THREE_ENEMY_KILL","is_prod":false,"is_daily":false,"chose_seed":false,"campfire_upgraded":3,"win_rate":0,"timestamp":1556884643,"path_taken":["M","$","?","?","M","E","R","M","T","E","?","M","M","M","R","BOSS","M","$","?","M","?","R","E","M","T","M"],"build_version":"2019-01-23","purchased_purges":2,"victory":false,"max_hp_per_floor":[75,75,80,80,80,80,80,80,80,80,83,83,83,86,86,86,86,86,86,91,94,99,99,99,99,99,99],"card_choices":[{"not_picked":["Perfected Strike","Infernal Blade"],"picked":"Burning Pact","floor":1.0},{"not_picked":["Blood for Blood","Wild Strike"],"picked":"Power Through","floor":5.0},{"not_picked":["Thunderclap","Anger"],"picked":"Shrug It Off","floor":6.0},{"not_picked":["Headbutt","Twin Strike"],"picked":"Pommel Strike","floor":8.0},{"not_picked":["Shrug It Off","Disarm"],"picked":"Feed","floor":10.0},{"not_picked":["Headbutt","Perfected Strike","Sever Soul"],"picked":"Evolve","floor":11.0},{"not_picked":["Blood for Blood","Shrug It Off","Hemokinesis"],"picked":"Rampage","floor":12.0},{"not_picked":["Cleave","Clash","Dropkick","Iron Wave"],"picked":"SKIP","floor":13.0},{"not_picked":["Headbutt","Iron Wave","Pummel"],"picked":"True Grit","floor":14.0},{"not_picked":["Demon Form","Reaper","Limit Break"],"picked":"Fiend Fire","floor":16.0},{"not_picked":["True Grit","Iron Wave","Limit Break"],"picked":"Battle Trance","floor":17.0},{"not_picked":["True Grit","Flame Barrier","Intimidate"],"picked":"Second Wind","floor":17.0},{"not_picked":["Twin Strike","Heavy Blade","Searing Blow"],"picked":"Bloodletting","floor":17.0},{"not_picked":["Combust+1","Disarm","Iron Wave","Shrug It Off"],"picked":"SKIP","floor":18.0},{"not_picked":["Warcry","Perfected Strike","Inflame","Intimidate+1"],"picked":"SKIP","floor":21.0},{"not_picked":["Anger+1","Carnage","Sword Boomerang","Uppercut+1"],"picked":"SKIP","floor":24},{"not_picked":["Flex","Heavy Blade","Pummel"],"picked":"Warcry+1","floor":25}],"player_experience":1832175,"relics_obtained":[{"floor":6.0,"key":"War Paint"},{"floor":9.0,"key":"Vajra"},{"floor":10.0,"key":"Question Card"},{"floor":11.0,"key":"Odd Mushroom"},{"floor":24,"key":"Juzu Bracelet"},{"floor":26,"key":"Toxic Egg 2"}],"event_choices":[{"damage_healed":0.0,"max_hp_gain":5.0,"max_hp_loss":0.0,"gold_gain":0.0,"event_name":"Big Fish","player_choice":"Donut","floor":3.0,"gold_loss":0.0,"damage_taken":0.0},{"damage_healed":0.0,"max_hp_gain":0.0,"max_hp_loss":0.0,"gold_gain":0.0,"event_name":"Shining Light","player_choice":"Entered Light","floor":4.0,"gold_loss":0.0,"damage_taken":24.0,"cards_upgraded":["Strike_R","Defend_R"]},{"damage_healed":0.0,"max_hp_gain":0.0,"max_hp_loss":0.0,"gold_gain":0.0,"event_name":"Mushrooms","player_choice":"Fought Mushrooms","floor":11.0,"gold_loss":0.0,"damage_taken":0.0},{"damage_healed":0.0,"max_hp_gain":5.0,"max_hp_loss":0.0,"gold_gain":0.0,"event_name":"Forgotten Altar","player_choice":"Shed Blood","floor":20.0,"gold_loss":0.0,"damage_taken":30.0},{"damage_healed":0.0,"max_hp_gain":0.0,"max_hp_loss":0.0,"gold_gain":0.0,"event_name":"Lab","player_choice":"Got Potions","floor":22.0,"gold_loss":0.0,"damage_taken":0.0}],"is_beta":false,"boss_relics":[{"not_picked":["Eternal Feather","Pandora\u0027s Box"],"picked":"Orrery"}],"items_purged_floors":[2,19],"is_endless":false,"potions_floor_spawned":[5,6,8,10,18,25],"killed_by":"Shelled Parasite and Fungi","ascension_level":20}