{"gold_per_floor":[119,119,119,139,11,11,40,40,63,75,0,26,26,46,46,124,124,134,150,164,180,93,93,126,126,149,149,174,174,202,202,202,277,277,287,304,304,304,314,348,348,373,396,423,439,471,483,510,522,534,546,558,570,46,73,73],"floor_reached":57,"playtime":2181,"items_purged":["Strike_R","Doubt"],"score":3082,"play_id":"98f49def-c154-4cdf-bbb2-3b502fb7d70b","local_time":"20190508000846","is_ascension_mode":true,"campfire_choices":[{"data":"Clothesline","floor":6.0,"key":"SMITH"},{"data":"Headbutt","floor":8.0,"key":"SMITH"},{"data":"Rampage","floor":15.0,"key":"SMITH"},{"data":"Cleave","floor":23.0,"key":"SMITH"},{"floor":25.0,"key":"REST"},{"data":"Thunderclap","floor":27.0,"key":"SMITH"},{"data":"Defend_R","floor":29.0,"key":"SMITH"},{"data":"Defend_R","floor":32.0,"key":"SMITH"},{"floor":41.0,"key":"RECALL"},{"data":"Metallicize","floor":47.0,"key":"SMITH"},{"data":"Heavy Blade","floor":49.0,"key":"SMITH"},{"data":"Corruption","floor":53.0,"key":"SMITH"}],"neow_cost":"NONE","seed_source_timestamp":205219289655749,"circlet_count":0,"master_deck":["AscendersBane","Strike_R+1","Strike_R+1","Defend_R+1","Defend_R+1","Defend_R","Defend_R","Bash+1","Headbutt+1","Shrug It Off+1","Shockwave+1","Clothesline+1","Warcry+1","Thunderclap+1","Rampage+1","Limit Break+1","Cleave+1","Havoc+1","Battle Trance+1","Flex+1","Combust+1","Offering+1","Reaper","Bloodletting+1","Heavy Blade+1","Corruption+1","Burning Pact+1","Flame Barrier+1","Metallicize+1","Parasite","Spot Weakness+1","Inflame","Impervious+1","Dark Embrace"],"special_seed":0,"relics":["Burning Blood","NeowsBlessing","Toxic Egg 2","Centennial Puzzle","Whetstone","Omamori","Cursed Key","Red Mask","Ancient Tea Set","PreservedInsect","Mummified Hand","Runic Pyramid","Ornamental Fan","Darkstone Periapt","MawBank","Self Forming Clay","Orichalcum"],"potions_floor_usage":[56,56,56],"damage_taken":[{"damage":0.0,"enemies":"Cultist","floor":1.0,"turns":1.0},{"damage":0.0,"enemies":"Jaw Worm","floor":4.0,"turns":1.0},{"damage":0.0,"enemies":"3 Sentries","floor":7.0,"turns":2.0},{"damage":4.0,"enemies":"2 Louse","floor":10.0,"turns":2.0},{"damage":8.0,"enemies":"Lagavulin","floor":12.0,"turns":6.0},{"damage":1.0,"enemies":"Exordium Thugs","floor":14.0,"turns":4.0},{"damage":31.0,"enemies":"The Guardian","floor":16.0,"turns":9.0},{"damage":19.0,"enemies":"Spheric Guardian","floor":18.0,"turns":4.0},{"damage":1.0,"enemies":"3 Byrds","floor":19.0,"turns":5.0},{"damage":23.0,"enemies":"3 Cultists","floor":20.0,"turns":5.0},{"damage":0.0,"enemies":"Centurion and Healer","floor":21.0,"turns":6.0},{"damage":10.0,"enemies":"Masked Bandits","floor":24.0,"turns":3.0},{"damage":22.0,"enemies":"Book of Stabbing","floor":28.0,"turns":5.0},{"damage":7.0,"enemies":"Slavers","floor":30.0,"turns":2.0},{"damage":22.0,"enemies":"Champ","floor":33.0,"turns":7.0},{"damage":7.0,"enemies":"Orb Walker","floor":35.0,"turns":4.0},{"damage":29.0,"enemies":"3 Darklings","floor":36.0,"turns":3.0},{"damage":48.0,"enemies":"Sphere and 2 Shapes","floor":39.0,"turns":5.0},{"damage":33.0,"enemies":"Reptomancer","floor":40.0,"turns":5.0},{"damage":20.0,"enemies":"Nemesis","floor":42.0,"turns":5.0},{"damage":13.0,"enemies":"Giant Head","floor":44.0,"turns":4.0},{"damage":46.0,"enemies":"Spire Growth","floor":45.0,"turns":5.0},{"damage":32.0,"enemies":"Reptomancer","floor":46.0,"turns":4.0},{"damage":12.0,"enemies":"Writhing Mass","floor":48.0,"turns":6.0},{"damage":38.0,"enemies":"Donu and Deca","floor":50.0,"turns":4.0},{"damage":79.0,"enemies":"Time Eater","floor":51.0,"turns":10.0},{"damage":20.0,"enemies":"Shield and Spear","floor":55.0,"turns":3.0},{"damage":113,"enemies":"The Heart","floor":56,"turns":9}],"seed_played":"7608844221297962933","potions_obtained":[{"floor":4.0,"key":"GamblersBrew"},{"floor":10.0,"key":"Fire Potion"},{"floor":16.0,"key":"BloodPotion"},{"floor":19.0,"key":"LiquidBronze"},{"floor":20.0,"key":"SkillPotion"},{"floor":36.0,"key":"EntropicBrew"},{"floor":45.0,"key":"GamblersBrew"},{"floor":48.0,"key":"Fruit Juice"},{"floor":55.0,"key":"EntropicBrew"}],"is_trial":false,"path_per_floor":["M","?","T","M","$","R","E","R","T","M","$","E","?","M","R","B",null,"M","M","M","M","$","R","?","R","T","R","E","R","E","?","R","B",null,"M","M","?","?","M","E","R","E","T","E","M","E","R","M","R","B","B",null,"R","$","E","B",null],"character_chosen":"IRONCLAD","items_purchased":["Shockwave+1","Clothesline","Battle Trance+1","Inflame","Impervious+1","Self Forming Clay"],"campfire_rested":1,"item_purchase_floors":[5,5,22,54,54,54],"current_hp_per_floor":[74,74,74,75,75,75,75,75,75,75,75,73,73,75,75,50,69,56,61,44,50,50,50,46,68,68,68,52,52,51,51,51,35,65,75,75,75,75,66,73,73,71,71,64,68,61,61,73,73,81,30,72,72,72,86,64],"gold":73,"neow_bonus":"THREE_ENEMY_KILL","is_prod":false,"is_daily":false,"chose_seed":false,"campfire_upgraded":10,"win_rate":0,"timestamp":1557284926,"path_taken":["M","?","?","M","$","R","E","R","T","?","$","E","?","M","R","BOSS","M","?","M","M","$","R","?","R","T","R","E","R","E","?","R","BOSS","M","M","?","?","M","E","R","E","T","E","?","E","R","M","R","BOSS","BOSS","R","$","E","BOSS"],"build_version":"2019-01-23","purchased_purges":2,"victory":true,"max_hp_per_floor":[75,75,75,75,75,75,75,75,75,75,75,75,75,75,75,75,75,75,75,75,75,75,75,75,75,75,75,75,75,75,75,75,75,75,75,75,75,75,75,75,75,75,75,75,75,75,75,81,81,86,86,86,86,86,86,86],"card_choices":[{"not_picked":["Iron Wave","Warcry"],"picked":"Headbutt","floor":1.0},{"not_picked":["Heavy Blade","Sword Boomerang"],"picked":"Shrug It Off+1","floor":4.0},{"not_picked":["Double Tap+1","Iron Wave","Body Slam"],"picked":"SKIP","floor":7.0},{"not_picked":["Clothesline","Heavy Blade"],"picked":"Warcry+1","floor":10.0},{"not_picked":["Armaments+1","Corruption","Shockwave+1"],"picked":"SKIP","floor":12.0},{"not_picked":["Pommel Strike","Shrug It Off+1"],"picked":"Rampage","floor":14.0},{"not_picked":["Barricade","Juggernaut"],"picked":"Limit Break+1","floor":16.0},{"not_picked":["Thunderclap","Shockwave+1"],"picked":"Cleave","floor":18.0},{"not_picked":["Headbutt","Iron Wave","Heavy Blade"],"picked":"SKIP","floor":19.0},{"not_picked":["Shockwave+1","Headbutt","Armaments+1"],"picked":"SKIP","floor":20.0},{"not_picked":["Shockwave+1","Headbutt","Armaments+1"],"picked":"SKIP","floor":20.0},{"not_picked":["Iron Wave","Clash"],"picked":"Havoc+1","floor":21.0},{"not_picked":["Power Through+1","Infernal Blade+1"],"picked":"Flex+1","floor":24.0},{"not_picked":["Entrench+1","Sword Boomerang"],"picked":"Combust+1","floor":28.0},{"not_picked":["Hemokinesis","Juggernaut"],"picked":"Offering+1","floor":30.0},{"not_picked":["Berserk","Juggernaut"],"picked":"Reaper","floor":33.0},{"not_picked":["Body Slam","Pommel Strike"],"picked":"Bloodletting+1","floor":35.0},{"not_picked":["Wild Strike","Thunderclap+1"],"picked":"Heavy Blade","floor":36.0},{"not_picked":["Warcry+1","Perfected Strike","Wild Strike+1"],"picked":"SKIP","floor":39.0},{"not_picked":["Pummel","Flex+1"],"picked":"Corruption","floor":40.0},{"not_picked":["Infernal Blade+1","Fiend Fire"],"picked":"Burning Pact+1","floor":42.0},{"not_picked":["Clash+1","Bloodletting+1"],"picked":"Flame Barrier+1","floor":44.0},{"not_picked":["Combust","Whirlwind","Anger"],"picked":"SKIP","floor":45.0},{"not_picked":["Metallicize","Reckless Charge+1","Havoc+1"],"picked":"SKIP","floor":46.0},{"not_picked":["Reckless Charge+1","Havoc+1"],"picked":"Metallicize","floor":46.0},{"not_picked":["Dropkick+1","Warcry+1"],"picked":"Spot Weakness+1","floor":48.0},{"not_picked":["Brutality","Wild Strike"],"picked":"Dark Embrace","floor":55.0}],"player_experience":2286420,"relics_obtained":[{"floor":3.0,"key":"Toxic Egg 2"},{"floor":7.0,"key":"Centennial Puzzle"},{"floor":9.0,"key":"Whetstone"},{"floor":12.0,"key":"Omamori"},{"floor":24.0,"key":"Red Mask"},{"floor":26.0,"key":"Ancient Tea Set"},{"floor":28.0,"key":"PreservedInsect"},{"floor":30.0,"key":"Mummified Hand"},{"floor":42.0,"key":"Ornamental Fan"},{"floor":44.0,"key":"Darkstone Periapt"},{"floor":46.0,"key":"MawBank"},{"floor":55.0,"key":"Orichalcum"}],"event_choices":[{"damage_healed":0.0,"max_hp_gain":0.0,"max_hp_loss":0.0,"gold_gain":0.0,"event_name":"Living Wall","player_choice":"Grow","floor":2.0,"gold_loss":0.0,"damage_taken":0.0,"cards_upgraded":["Bash"]},{"damage_healed":0.0,"max_hp_gain":0.0,"max_hp_loss":0.0,"gold_gain":0.0,"cards_transformed":["Strike_R"],"event_name":"Transmorgrifier","player_choice":"Transformed","floor":13.0,"gold_loss":0.0,"damage_taken":0.0,"cards_obtained":["Thunderclap"]},{"damage_healed":0.0,"max_hp_gain":0.0,"max_hp_loss":0.0,"gold_gain":0.0,"event_name":"Masked Bandits","player_choice":"Fought Bandits","floor":24.0,"gold_loss":0.0,"damage_taken":0.0},{"damage_healed":0.0,"max_hp_gain":0.0,"max_hp_loss":0.0,"gold_gain":0.0,"event_name":"Wheel of Change","player_choice":"Cursed","floor":31.0,"gold_loss":0.0,"damage_taken":0.0,"cards_obtained":["Decay"]},{"cards_removed":["Strike_R"],"damage_healed":0.0,"max_hp_gain":0.0,"max_hp_loss":0.0,"gold_gain":0.0,"event_name":"Falling","player_choice":"Removed Attack","floor":37.0,"gold_loss":0.0,"damage_taken":0.0},{"damage_healed":0.0,"max_hp_gain":0.0,"max_hp_loss":0.0,"gold_gain":0.0,"event_name":"SecretPortal","player_choice":"Ignored","floor":38.0,"gold_loss":0.0,"damage_taken":0.0}],"is_beta":false,"boss_relics":[{"not_picked":["Eternal Feather","Ectoplasm"],"picked":"Cursed Key"},{"not_picked":["Runic Cube","Sozu"],"picked":"Runic Pyramid"}],"items_purged_floors":[11,54],"is_endless":false,"potions_floor_spawned":[4,10,16,19,20,21,36,42,45,48,55],"ascension_level":20}