{"gold_per_floor":[114,264,264,264,264,264,275,303,303,331,348,186,186,198,198,272,272,290,302,302,302,26,26,26],"floor_reached":24,"playtime":643,"items_purged":["Strike_G"],"score":458,"play_id":"1f14ef8d-d1db-41c9-960e-e40dd555143e","local_time":"20190507145705","is_ascension_mode":true,"campfire_choices":[{"data":"Skewer","floor":6,"key":"SMITH"},{"data":"Neutralize","floor":13,"key":"SMITH"},{"data":"Crippling Poison","floor":15,"key":"SMITH"},{"floor":23,"key":"REST"}],"neow_cost":"NONE","seed_source_timestamp":174082191038064,"circlet_count":0,"master_deck":["AscendersBane","Defend_G","Defend_G","Defend_G","Defend_G","Defend_G","Strike_G","Strike_G","Strike_G","Survivor","Neutralize+1","Skewer+1","Poisoned Stab","Terror","PiercingWail","Poisoned Stab","Leg Sweep","Crippling Poison+1","After Image","Deflect","Dagger Spray","Necronomicurse"],"relics":["Ring of the Snake","NeowsBlessing","Ornamental Fan","Meat on the Bone","Nunchaku","Cursed Key","Necronomicon","Paper Crane"],"potions_floor_usage":[16,19,20],"damage_taken":[{"damage":0,"enemies":"Small Slimes","floor":1,"turns":1},{"damage":0,"enemies":"Jaw Worm","floor":7,"turns":1},{"damage":0,"enemies":"3 Sentries","floor":8,"turns":1},{"damage":22,"enemies":"Lagavulin","floor":10,"turns":5},{"damage":0,"enemies":"2 Louse","floor":11,"turns":3},{"damage":2,"enemies":"Lots of Slimes","floor":14,"turns":5},{"damage":12,"enemies":"Hexaghost","floor":16,"turns":9},{"damage":7,"enemies":"Spheric Guardian","floor":18,"turns":4},{"damage":3,"enemies":"2 Thieves","floor":19,"turns":4},{"damage":3,"enemies":"3 Cultists","floor":20,"turns":4},{"damage":54,"enemies":"Slavers","floor":24,"turns":5}],"seed_played":"-4918800385669271692","potions_obtained":[{"floor":7,"key":"PowerPotion"},{"floor":10,"key":"Fire Potion"},{"floor":18,"key":"SmokeBomb"}],"is_trial":false,"path_per_floor":["M","?","?","?","?","R","M","E","T","E","M","$","R","M","R","B",null,"M","M","M","?","$","R","E"],"character_chosen":"THE_SILENT","items_purchased":["Leg Sweep","Paper Crane"],"campfire_rested":1,"item_purchase_floors":[12,22],"current_hp_per_floor":[59,59,59,64,64,64,64,64,64,42,42,42,42,40,40,40,63,56,53,50,29,29,50,0],"gold":26,"neow_bonus":"THREE_ENEMY_KILL","is_prod":false,"is_daily":false,"chose_seed":false,"campfire_upgraded":3,"win_rate":0,"timestamp":1557251825,"path_taken":["M","?","?","?","?","R","M","E","T","E","M","$","R","M","R","BOSS","M","?","M","?","$","R","E"],"build_version":"2019-01-23","purchased_purges":1,"victory":false,"max_hp_per_floor":[66,66,66,71,71,71,71,71,71,71,71,71,71,71,71,71,71,71,71,71,71,71,71,71],"card_choices":[{"not_picked":["Deflect","Underhanded Strike"],"picked":"Skewer","floor":1},{"not_picked":["Outmaneuver","Caltrops"],"picked":"Poisoned Stab","floor":7},{"not_picked":["Heel Hook","Finisher"],"picked":"Terror","floor":8},{"not_picked":["Sucker Punch","Storm of Steel"],"picked":"PiercingWail","floor":10},{"not_picked":["Bane","Reflex"],"picked":"Poisoned Stab","floor":11},{"not_picked":["Flechettes","Outmaneuver"],"picked":"Crippling Poison","floor":14},{"not_picked":["A Thousand Cuts","Malaise"],"picked":"After Image","floor":16},{"not_picked":["Underhanded Strike","All Out Attack"],"picked":"Deflect","floor":18},{"not_picked":["Endless Agony","Eviscerate+1"],"picked":"Dagger Spray","floor":19}],"player_experience":2275797,"relics_obtained":[{"floor":8,"key":"Ornamental Fan"},{"floor":9,"key":"Meat on the Bone"},{"floor":10,"key":"Nunchaku"},{"floor":21,"key":"Necronomicon"}],"event_choices":[{"damage_healed":0,"gold_gain":150,"player_choice":"AGREE","damage_taken":0,"max_hp_gain":0,"max_hp_loss":0,"event_name":"Liars Game","floor":2,"gold_loss":0,"cards_obtained":["Doubt"]},{"cards_removed":["Doubt"],"damage_healed":0,"gold_gain":0,"player_choice":"Forget","damage_taken":0,"max_hp_gain":0,"max_hp_loss":0,"event_name":"Living Wall","floor":3,"gold_loss":0},{"damage_healed":0,"gold_gain":0,"player_choice":"Donut","damage_taken":0,"max_hp_gain":5,"max_hp_loss":0,"event_name":"Big Fish","floor":4,"gold_loss":0},{"cards_removed":["Strike_G"],"damage_healed":0,"gold_gain":0,"player_choice":"Purged","damage_taken":0,"max_hp_gain":0,"max_hp_loss":0,"event_name":"Purifier","floor":5,"gold_loss":0},{"damage_healed":0,"gold_gain":0,"player_choice":"Obtained Book","damage_taken":21,"max_hp_gain":0,"max_hp_loss":0,"event_name":"Cursed Tome","floor":21,"gold_loss":0}],"is_beta":false,"boss_relics":[{"not_picked":["Velvet Choker","Snecko Eye"],"picked":"Cursed Key"}],"items_purged_floors":[12],"is_endless":false,"potions_floor_spawned":[7,10,11,14,18],"killed_by":"Slavers","ascension_level":20}