{"gold_per_floor":[114,39,39,114,133,133,0,20,20,20,20,38,38,51,51,145,145,170,170,186,46,60,99,24,24,47,47,47,66,109,130,130,226,226,250,125,125,188,188,188,188,188,188,188,209,542,575,590,590,590,590,590,590,29,57,57],"floor_reached":57,"playtime":3373,"items_purged":["Strike_R","Strike_R","Strike_R","Bash"],"score":2687,"play_id":"ccf47cc2-147d-4a71-8ef5-857a2902ac25","local_time":"20190414002454","is_ascension_mode":true,"campfire_choices":[{"data":"Body Slam","floor":6.0,"key":"SMITH"},{"data":"Armaments","floor":10.0,"key":"SMITH"},{"data":"Shockwave","floor":15.0,"key":"SMITH"},{"data":"Limit Break","floor":28.0,"key":"SMITH"},{"data":"Pommel Strike","floor":32.0,"key":"SMITH"},{"data":"Dark Embrace","floor":40.0,"key":"SMITH"},{"data":"True Grit","floor":42.0,"key":"SMITH"},{"floor":49.0,"key":"RECALL"},{"data":"Bloodletting","floor":53.0,"key":"SMITH"}],"neow_cost":"NONE","seed_source_timestamp":0,"circlet_count":0,"master_deck":["AscendersBane","Defend_R+1","Defend_R+1","Defend_R","Defend_R","Shockwave+1","Burning Pact","Body Slam+1","Armaments+1","Reaper","Shrug It Off","Limit Break+1","Inflame","Dual Wield","Ghostly","Ghostly","Ghostly","Bloodletting+1","Pommel Strike+1","Dark Embrace+1","True Grit+1","Disarm","Purity","Evolve"],"special_seed":0,"relics":["Burning Blood","Du-Vu Doll","Anchor","Philosopher\u0027s Stone","Nilry\u0027s Codex","Unceasing Top","Juzu Bracelet","Question Card","Runic Pyramid","Torii","StoneCalendar","Brimstone","Self Forming Clay"],"potions_floor_usage":[56,56],"damage_taken":[{"damage":5.0,"enemies":"2 Louse","floor":1.0,"turns":4.0},{"damage":4.0,"enemies":"Small Slimes","floor":5.0,"turns":4.0},{"damage":11.0,"enemies":"Jaw Worm","floor":8.0,"turns":5.0},{"damage":10.0,"enemies":"Large Slime","floor":12.0,"turns":8.0},{"damage":0.0,"enemies":"2 Fungi Beasts","floor":14.0,"turns":4.0},{"damage":27.0,"enemies":"The Guardian","floor":16.0,"turns":12.0},{"damage":5.0,"enemies":"2 Thieves","floor":18.0,"turns":5.0},{"damage":5.0,"enemies":"Chosen","floor":20.0,"turns":4.0},{"damage":1.0,"enemies":"Snecko","floor":22.0,"turns":5.0},{"damage":42.0,"enemies":"Slavers","floor":23.0,"turns":8.0},{"damage":22.0,"enemies":"Cultist and Chosen","floor":29.0,"turns":8.0},{"damage":45.0,"enemies":"Book of Stabbing","floor":30.0,"turns":6.0},{"damage":20.0,"enemies":"Snake Plant","floor":31.0,"turns":6.0},{"damage":37.0,"enemies":"Champ","floor":33.0,"turns":12.0},{"damage":4.0,"enemies":"3 Shapes","floor":35.0,"turns":5.0},{"damage":37.0,"enemies":"2 Orb Walkers","floor":38.0,"turns":6.0},{"damage":20.0,"enemies":"3 Darklings","floor":45.0,"turns":4.0},{"damage":37.0,"enemies":"Nemesis","floor":47.0,"turns":7.0},{"damage":47.0,"enemies":"Writhing Mass","floor":48.0,"turns":6.0},{"damage":149.0,"enemies":"Time Eater","floor":50.0,"turns":11.0},{"damage":45.0,"enemies":"Awakened One","floor":51.0,"turns":7.0},{"damage":12.0,"enemies":"Shield and Spear","floor":55.0,"turns":6.0},{"damage":88,"enemies":"The Heart","floor":56,"turns":9}],"seed_played":"3627182110188503230","potions_obtained":[{"floor":1.0,"key":"SkillPotion"},{"floor":12.0,"key":"SteroidPotion"},{"floor":16.0,"key":"FairyPotion"},{"floor":20.0,"key":"SkillPotion"},{"floor":22.0,"key":"Ancient Potion"},{"floor":23.0,"key":"Regen Potion"},{"floor":35.0,"key":"SkillPotion"},{"floor":38.0,"key":"SpeedPotion"},{"floor":45.0,"key":"Dexterity Potion"},{"floor":55.0,"key":"PowerPotion"}],"is_trial":false,"path_per_floor":["M","?","?","?","M","R","$","M","T","R","?","M","?","M","R","B",null,"M","?","M","$","M","E","?","$","T","?","R","M","E","M","R","B",null,"M","$","?","?","?","R","?","R","T","?","M","?","E","M","R","B","B",null,"R","$","E","B",null],"character_chosen":"IRONCLAD","items_purchased":["Armaments","Dual Wield","Brimstone","GamblersBrew","Purity"],"campfire_rested":0,"item_purchase_floors":[7,21,54,54,54],"current_hp_per_floor":[69,69,46,35,37,37,37,32,32,32,21,17,17,33,33,68,68,68,47,60,60,68,43,43,43,43,34,34,34,17,34,34,28,33,34,34,34,34,34,34,34,34,34,34,34,34,34,34,34,34,34,34,34,34,34,34],"gold":57,"neow_bonus":"THREE_CARDS","is_prod":false,"is_daily":false,"chose_seed":true,"campfire_upgraded":8,"win_rate":0,"timestamp":1555172694,"path_taken":["M","?","?","?","?","R","$","M","T","R","?","M","?","M","R","BOSS","M","?","M","$","M","E","?","?","T","?","R","M","E","M","R","BOSS","M","$","?","?","?","R","?","R","T","?","M","?","E","M","R","BOSS","BOSS","R","$","E","BOSS"],"build_version":"2019-01-23","purchased_purges":4,"victory":true,"max_hp_per_floor":[75,75,75,75,75,75,75,75,75,75,75,75,68,68,68,68,68,68,68,68,68,68,68,68,68,68,34,34,34,34,34,34,34,34,34,34,34,34,34,34,34,34,34,34,34,34,34,34,34,34,34,34,34,34,34,34],"card_choices":[{"not_picked":["Shrug It Off","Sword Boomerang"],"picked":"Shockwave","floor":0.0},{"not_picked":["Spot Weakness","True Grit"],"picked":"Burning Pact","floor":1.0},{"not_picked":["Heavy Blade","Evolve"],"picked":"Body Slam","floor":5.0},{"not_picked":["Dropkick","Body Slam","Warcry"],"picked":"SKIP","floor":8.0},{"not_picked":["Rupture","Corruption"],"picked":"Reaper","floor":12.0},{"not_picked":["Sword Boomerang","Infernal Blade"],"picked":"Shrug It Off","floor":14.0},{"not_picked":["Reaper","Immolate"],"picked":"Limit Break","floor":16.0},{"not_picked":["Dropkick","Seeing Red"],"picked":"Inflame","floor":18.0},{"not_picked":["Carnage","Rupture","Spot Weakness"],"picked":"SKIP","floor":20.0},{"not_picked":["Metallicize","Intimidate","Clothesline"],"picked":"SKIP","floor":22.0},{"not_picked":["Metallicize","Anger"],"picked":"Whirlwind","floor":23.0},{"not_picked":["Headbutt","Metallicize"],"picked":"Bloodletting","floor":29.0},{"not_picked":["Headbutt","Fire Breathing"],"picked":"Pommel Strike","floor":30.0},{"not_picked":["Inflame","Perfected Strike","True Grit","Warcry"],"picked":"SKIP","floor":31.0},{"not_picked":["Barricade","Reaper","Double Tap"],"picked":"Dark Embrace","floor":33.0},{"not_picked":["Heavy Blade","Havoc","Power Through+1"],"picked":"True Grit","floor":35.0},{"not_picked":["Havoc","Shockwave","Iron Wave"],"picked":"Disarm","floor":38.0},{"not_picked":["Fiend Fire","Dual Wield","Corruption","Headbutt"],"picked":"SKIP","floor":45.0},{"not_picked":["Seeing Red","Headbutt","Metallicize","Disarm"],"picked":"SKIP","floor":47.0},{"not_picked":["Rampage","Armaments","Searing Blow+1","Clash"],"picked":"SKIP","floor":48.0},{"not_picked":["Sword Boomerang+1","Perfected Strike+1","True Grit+1"],"picked":"Evolve","floor":55.0}],"player_experience":1645187,"relics_obtained":[{"floor":9.0,"key":"Du-Vu Doll"},{"floor":19.0,"key":"Nilry\u0027s Codex"},{"floor":23.0,"key":"Unceasing Top"},{"floor":26.0,"key":"Juzu Bracelet"},{"floor":30.0,"key":"Question Card"},{"floor":38.0,"key":"Torii"},{"floor":47.0,"key":"StoneCalendar"},{"floor":55.0,"key":"Self Forming Clay"}],"event_choices":[{"cards_removed":["Strike_R"],"damage_healed":0.0,"max_hp_gain":0.0,"max_hp_loss":0.0,"gold_gain":0.0,"event_name":"The Cleric","player_choice":"Card Removal","floor":2.0,"gold_loss":75.0,"damage_taken":0.0},{"damage_healed":0.0,"max_hp_gain":0.0,"max_hp_loss":0.0,"gold_gain":0.0,"event_name":"Shining Light","player_choice":"Entered Light","floor":3.0,"gold_loss":0.0,"damage_taken":23.0,"cards_upgraded":["Defend_R","Defend_R"]},{"damage_healed":0.0,"max_hp_gain":0.0,"max_hp_loss":0.0,"gold_gain":75.0,"event_name":"World of Goop","player_choice":"Gather Gold","floor":4.0,"gold_loss":0.0,"damage_taken":11.0},{"damage_healed":0.0,"max_hp_gain":0.0,"max_hp_loss":0.0,"gold_gain":0.0,"event_name":"Scrap Ooze","player_choice":"Success","floor":11.0,"gold_loss":0.0,"damage_taken":11.0,"relics_obtained":["Anchor"]},{"damage_healed":0.0,"max_hp_gain":0.0,"max_hp_loss":7.0,"gold_gain":0.0,"event_name":"Golden Idol","player_choice":"Lose Max HP","floor":13.0,"gold_loss":0.0,"damage_taken":0.0,"relics_obtained":["Golden Idol"]},{"damage_healed":0.0,"max_hp_gain":0.0,"max_hp_loss":0.0,"gold_gain":0.0,"event_name":"Cursed Tome","player_choice":"Obtained Book","floor":19.0,"gold_loss":0.0,"damage_taken":21.0},{"cards_removed":["Strike_R"],"damage_healed":0.0,"max_hp_gain":0.0,"max_hp_loss":0.0,"gold_gain":0.0,"event_name":"Beggar","player_choice":"Gave Gold","floor":24.0,"gold_loss":75.0,"damage_taken":0.0},{"damage_healed":0.0,"max_hp_gain":0.0,"max_hp_loss":34.0,"gold_gain":0.0,"event_name":"Ghosts","player_choice":"Became a Ghost","floor":27.0,"gold_loss":0.0,"damage_taken":0.0,"cards_obtained":["Ghostly","Ghostly","Ghostly"]},{"cards_removed":["Whirlwind"],"damage_healed":0.0,"max_hp_gain":0.0,"max_hp_loss":0.0,"gold_gain":0.0,"event_name":"Falling","player_choice":"Removed Attack","floor":37.0,"gold_loss":0.0,"damage_taken":0.0},{"damage_healed":0.0,"max_hp_gain":0.0,"max_hp_loss":0.0,"gold_gain":0.0,"event_name":"Mysterious Sphere","player_choice":"Fight","floor":38.0,"gold_loss":0.0,"damage_taken":0.0},{"damage_healed":0.0,"max_hp_gain":0.0,"max_hp_loss":0.0,"gold_gain":0.0,"event_name":"Match and Keep!","player_choice":"0 cards matched","floor":39.0,"gold_loss":0.0,"damage_taken":0.0,"cards_obtained":[]},{"damage_healed":0.0,"max_hp_gain":0.0,"max_hp_loss":0.0,"gold_gain":0.0,"event_name":"Tomb of Lord Red Mask","player_choice":"Ignored","floor":41.0,"gold_loss":0.0,"damage_taken":0.0},{"damage_healed":0.0,"max_hp_gain":0.0,"max_hp_loss":0.0,"gold_gain":0.0,"event_name":"SecretPortal","player_choice":"Ignored","floor":44.0,"gold_loss":0.0,"damage_taken":0.0},{"damage_healed":0.0,"max_hp_gain":0.0,"max_hp_loss":0.0,"gold_gain":333.0,"event_name":"The Moai Head","player_choice":"Gave Idol","floor":46.0,"relics_lost":["Golden Idol"],"gold_loss":0.0,"damage_taken":0.0}],"is_beta":false,"boss_relics":[{"not_picked":["Tiny House","Fusion Hammer"],"picked":"Philosopher\u0027s Stone"},{"not_picked":["Busted Crown","Empty Cage"],"picked":"Runic Pyramid"}],"items_purged_floors":[7,21,36,54],"is_endless":false,"potions_floor_spawned":[1,12,16,20,22,23,35,38,45,48,55],"ascension_level":20}