{"gold_per_floor":[215,215,231,244,244,244,271,271,271,287,305,305,305,203,203,300,300,300,300,300,300,300,300,300,300,300,300,49,49,26,26,26,26],"floor_reached":33,"playtime":1119,"items_purged":["Strike_B"],"score":449,"play_id":"3f911dea-93ba-4eff-b29c-3c5ddfa413f4","local_time":"20180829144337","is_ascension_mode":true,"campfire_choices":[{"data":"Zap","floor":6,"key":"SMITH"},{"data":"Streamline","floor":8,"key":"SMITH"},{"data":"Dualcast","floor":13,"key":"SMITH"},{"data":"Hologram","floor":15,"key":"SMITH"},{"data":"Sunder","floor":23,"key":"SMITH"},{"floor":25,"key":"REST"},{"floor":32,"key":"REST"}],"neow_cost":"NONE","seed_source_timestamp":95559033628090,"circlet_count":0,"master_deck":["Strike_B","Strike_B","Defend_B","Defend_B","Defend_B","Defend_B","Zap+1","Dualcast+1","AscendersBane","Cold Snap","Streamline+1","Conserve Battery","Ball Lightning","Go for the Eyes","Hologram+1","Seek","Sunder+1","BootSequence","Conserve Battery","Fission","Reinforced Body","Glacier+1","Compile Driver"],"relics":["Cracked Core","Mango","Unceasing Top","Ectoplasm","Oddly Smooth Stone","Bag of Marbles","Meat on the Bone","Centennial Puzzle"],"potions_floor_usage":[16,24,27,33],"damage_taken":[{"damage":2,"enemies":"2 Louse","floor":1,"turns":2},{"damage":5,"enemies":"Small Slimes","floor":3,"turns":3},{"damage":1,"enemies":"Cultist","floor":4,"turns":3},{"damage":17,"enemies":"3 Sentries","floor":7,"turns":6},{"damage":8,"enemies":"3 Louse","floor":10,"turns":3},{"damage":9,"enemies":"2 Fungi Beasts","floor":11,"turns":3},{"damage":9,"enemies":"The Guardian","floor":16,"turns":10},{"damage":11,"enemies":"Spheric Guardian","floor":18,"turns":3},{"damage":8,"enemies":"Chosen","floor":20,"turns":3},{"damage":17,"enemies":"3 Cultists","floor":21,"turns":5},{"damage":22,"enemies":"Sentry and Sphere","floor":24,"turns":5},{"damage":36,"enemies":"Gremlin Leader","floor":27,"turns":11},{"damage":0,"enemies":"Centurion and Healer","floor":31,"turns":4},{"damage":69,"enemies":"Champ","floor":33,"turns":16}],"seed_played":"-8416189001649871035","potions_obtained":[{"floor":7,"key":"Poison Potion"},{"floor":10,"key":"SteroidPotion"},{"floor":16,"key":"Regen Potion"},{"floor":31,"key":"Fire Potion"}],"is_trial":false,"path_per_floor":["M","?","M","M","?","R","E","R","T","M","M","?","R","$","R","B",null,"M","?","M","M","?","R","M","R","T","E","$","T","$","M","R"],"character_chosen":"DEFECT","items_purchased":["Hologram","Meat on the Bone","Compile Driver"],"campfire_rested":2,"item_purchase_floors":[14,28,30],"current_hp_per_floor":[66,71,66,65,65,65,62,62,62,54,45,45,45,45,45,36,80,69,69,61,44,44,44,36,64,64,28,28,28,28,40,68,0],"gold":26,"neow_bonus":"HUNDRED_GOLD","is_prod":false,"is_daily":false,"chose_seed":false,"campfire_upgraded":5,"win_rate":0,"timestamp":1535564617,"path_taken":["M","?","M","M","?","R","E","R","T","M","?","?","R","$","R","BOSS","M","?","?","M","?","R","M","R","T","E","$","?","$","?","R","BOSS"],"build_version":"2018-07-12","purchased_purges":1,"victory":false,"max_hp_per_floor":[75,80,80,80,80,80,94,94,94,94,94,94,94,94,94,94,94,94,94,94,94,94,94,94,94,94,94,94,94,94,94,94,94],"card_choices":[{"not_picked":["Compile Driver","Coolheaded"],"picked":"Cold Snap","floor":1},{"not_picked":["Gash","Chaos","Skim"],"picked":"SKIP","floor":3},{"not_picked":["Rip and Tear","Heatsinks"],"picked":"Streamline","floor":4},{"not_picked":["Coolheaded","Reprogram"],"picked":"Conserve Battery","floor":7},{"not_picked":["Conserve Battery","Genetic Algorithm"],"picked":"Ball Lightning","floor":10},{"not_picked":["Steam","Sweeping Beam"],"picked":"Go for the Eyes","floor":11},{"not_picked":["Biased Cognition","Creative AI"],"picked":"Seek","floor":16},{"not_picked":["Leap","Conserve Battery"],"picked":"Sunder","floor":18},{"not_picked":["Conserve Battery","FTL"],"picked":"BootSequence","floor":20},{"not_picked":["Force Field","Beam Cell"],"picked":"Conserve Battery","floor":21},{"not_picked":["Steam Power","Beam Cell"],"picked":"Reinforced Body","floor":24},{"not_picked":["Rebound","Coolheaded"],"picked":"Glacier+1","floor":27},{"not_picked":["Beam Cell","Chaos","Skim"],"picked":"SKIP","floor":31}],"player_experience":742701,"relics_obtained":[{"floor":7,"key":"Mango"},{"floor":9,"key":"Unceasing Top"},{"floor":26,"key":"Oddly Smooth Stone"},{"floor":27,"key":"Bag of Marbles"},{"floor":29,"key":"Centennial Puzzle"}],"event_choices":[{"event_name":"Big Fish","player_choice":"Donut","floor":2,"damage_taken":0},{"event_name":"Liars Game","player_choice":"disagreed","floor":5,"damage_taken":0},{"event_name":"Golden Idol","player_choice":"Ignored","floor":12,"damage_taken":0},{"event_name":"The Mausoleum","player_choice":"No","floor":19,"damage_taken":0},{"event_name":"Transmorgrifier","player_choice":"Transform","floor":22,"damage_taken":0}],"boss_relics":[{"not_picked":["FrozenCore","Nuclear Battery"],"picked":"Ectoplasm"}],"items_purged_floors":[14],"is_endless":false,"potions_floor_spawned":[7,10,16,18,21,31],"killed_by":"Champ","ascension_level":12}