{"gold_per_floor":[19,19,35,47,67,99,99,112,165,175,175,175,175,190,190,269,269,285,285,285,300,399,399,411,411,488,488,488,507,527,203,203,280,280,292,308,308,52,71,104,104,119,119,134,34,34,34,34,34,34],"floor_reached":51,"playtime":3128,"items_purged":["Defend_G","Shame"],"score":1088,"play_id":"e9c72205-d4c3-41a3-bcd6-0031df1a1897","local_time":"20190504172043","is_ascension_mode":true,"campfire_choices":[{"floor":7,"key":"REST"},{"floor":11,"key":"REST"},{"data":"Envenom","floor":13,"key":"SMITH"},{"data":"Neutralize","floor":15,"key":"SMITH"},{"floor":23,"key":"REST"},{"data":"Envenom","floor":25,"key":"SMITH"},{"data":"Cloak And Dagger","floor":28,"key":"SMITH"},{"floor":32,"key":"REST"},{"data":"Cloak And Dagger","floor":41,"key":"SMITH"},{"data":"Adrenaline","floor":46,"key":"SMITH"},{"floor":49,"key":"REST"}],"neow_cost":"NO_GOLD","seed_source_timestamp":1556538153467500,"circlet_count":0,"master_deck":["AscendersBane","Defend_G","Defend_G","Defend_G","Strike_G","Strike_G","Strike_G","Strike_G","Survivor","Neutralize+1","Acrobatics","Cloak And Dagger+1","Backstab","Envenom+1","Cloak And Dagger+1","Adrenaline+1","Poisoned Stab","Envenom+1","Backflip","Poisoned Stab+1","Doppelganger","Metamorphosis","Riddle With Holes+1","Well Laid Plans+1","Leg Sweep","Parasite","Finesse"],"relics":["Ring of the Snake","Lantern","Omamori","Mercury Hourglass","Busted Crown","Ornamental Fan","Frozen Egg 2","Cursed Key","Kunai","Orichalcum","Pear","Centennial Puzzle"],"potions_floor_usage":[6,16,16,33,40,40],"damage_taken":[{"damage":1,"enemies":"Cultist","floor":1,"turns":5},{"damage":0,"enemies":"Jaw Worm","floor":3,"turns":6},{"damage":1,"enemies":"2 Louse","floor":4,"turns":4},{"damage":5,"enemies":"Looter","floor":5,"turns":4},{"damage":46,"enemies":"Lagavulin","floor":6,"turns":6},{"damage":0,"enemies":"Blue Slaver","floor":8,"turns":4},{"damage":0,"enemies":"3 Louse","floor":10,"turns":4},{"damage":13,"enemies":"Large Slime","floor":14,"turns":6},{"damage":27,"enemies":"Slime Boss","floor":16,"turns":9},{"damage":1,"enemies":"Shell Parasite","floor":18,"turns":5},{"damage":4,"enemies":"2 Thieves","floor":21,"turns":5},{"damage":7,"enemies":"Chosen and Byrds","floor":24,"turns":5},{"damage":5,"enemies":"Shelled Parasite and Fungi","floor":29,"turns":4},{"damage":6,"enemies":"3 Cultists","floor":30,"turns":5},{"damage":67,"enemies":"Collector","floor":33,"turns":6},{"damage":0,"enemies":"Orb Walker","floor":35,"turns":2},{"damage":0,"enemies":"3 Shapes","floor":36,"turns":3},{"damage":1,"enemies":"Jaw Worm Horde","floor":39,"turns":4},{"damage":12,"enemies":"Reptomancer","floor":40,"turns":7},{"damage":1,"enemies":"Maw","floor":42,"turns":5},{"damage":8,"enemies":"Writhing Mass","floor":44,"turns":6},{"damage":53,"enemies":"Time Eater","floor":50,"turns":11}],"seed_played":"-3718125521690696384","potions_obtained":[{"floor":4,"key":"Strength Potion"},{"floor":6,"key":"Strength Potion"},{"floor":10,"key":"SneckoOil"},{"floor":33,"key":"Dexterity Potion"},{"floor":36,"key":"Energy Potion"},{"floor":42,"key":"SkillPotion"},{"floor":44,"key":"SmokeBomb"}],"is_trial":false,"path_per_floor":["M","?","M","M","M","E","R","M","T","M","R","T","R","M","R","B",null,"M","?","?","M","?","R","M","R","T","$","R","M","M","$","R","B",null,"M","M","?","$","M","E","R","M","T","M","$","R","?","?","R","B",null],"character_chosen":"THE_SILENT","items_purchased":["Metamorphosis","Strength Potion","Kunai"],"campfire_rested":5,"item_purchase_floors":[31,31,38],"current_hp_per_floor":[62,67,67,66,61,15,37,37,37,37,59,59,59,46,46,19,61,60,46,46,42,42,66,59,59,59,59,59,54,48,48,72,5,61,61,61,80,80,79,67,67,66,76,68,68,68,68,68,90,37],"gold":34,"neow_bonus":"REMOVE_TWO","is_prod":false,"is_daily":false,"chose_seed":false,"campfire_upgraded":6,"win_rate":0,"timestamp":1556986843,"path_taken":["M","?","M","M","M","E","R","M","T","M","R","?","R","?","R","BOSS","M","?","?","M","?","R","M","R","T","?","R","M","?","$","R","BOSS","M","M","?","$","M","E","R","M","T","M","$","R","?","?","R","BOSS"],"build_version":"2019-01-23","purchased_purges":2,"victory":true,"max_hp_per_floor":[70,75,75,75,75,75,75,75,75,75,75,75,75,75,75,75,75,75,80,80,80,80,80,80,80,80,80,80,80,80,80,80,80,80,80,80,80,80,80,80,80,80,90,90,90,90,90,90,90,90],"card_choices":[{"not_picked":["Slice","Eviscerate","Outmaneuver"],"picked":"SKIP","floor":1},{"not_picked":["Underhanded Strike","Choke"],"picked":"Acrobatics","floor":3},{"not_picked":["Underhanded Strike","Bane"],"picked":"Cloak And Dagger","floor":4},{"not_picked":["Bane","Acrobatics"],"picked":"Backstab","floor":5},{"not_picked":["Blade Dance","Deflect"],"picked":"Envenom","floor":6},{"not_picked":["Blade Dance","Bouncing Flask"],"picked":"Cloak And Dagger","floor":8},{"not_picked":["Footwork","Backflip"],"picked":"Adrenaline","floor":10},{"not_picked":["Deadly Poison","Slice"],"picked":"Poisoned Stab","floor":14},{"not_picked":["Doppelganger","Storm of Steel"],"picked":"Envenom","floor":16},{"not_picked":[],"picked":"Backflip","floor":18},{"not_picked":[],"picked":"Poisoned Stab+1","floor":21},{"not_picked":["Deflect"],"picked":"SKIP","floor":24},{"not_picked":["Dodge and Roll"],"picked":"SKIP","floor":29},{"not_picked":[],"picked":"Doppelganger","floor":30},{"not_picked":[],"picked":"Riddle With Holes+1","floor":35},{"not_picked":[],"picked":"Well Laid Plans+1","floor":36},{"not_picked":[],"picked":"Leg Sweep","floor":39},{"not_picked":["Dagger Spray"],"picked":"SKIP","floor":40},{"not_picked":["Dagger Spray"],"picked":"SKIP","floor":40},{"not_picked":["Poisoned Stab"],"picked":"SKIP","floor":42},{"not_picked":["Bane"],"picked":"SKIP","floor":44},{"not_picked":["Bane"],"picked":"SKIP","floor":44},{"not_picked":[],"picked":"Finesse","floor":47}],"player_experience":452063,"relics_obtained":[{"floor":6,"key":"Lantern"},{"floor":9,"key":"Omamori"},{"floor":12,"key":"Mercury Hourglass"},{"floor":26,"key":"Frozen Egg 2"},{"floor":40,"key":"Orichalcum"},{"floor":43,"key":"Pear"}],"event_choices":[{"damage_healed":0,"gold_gain":0,"player_choice":"Donut","damage_taken":0,"max_hp_gain":5,"max_hp_loss":0,"event_name":"Big Fish","floor":2,"gold_loss":0},{"damage_healed":0,"gold_gain":0,"player_choice":"Shed Blood","damage_taken":19,"max_hp_gain":5,"max_hp_loss":0,"event_name":"Forgotten Altar","floor":19,"gold_loss":0},{"damage_healed":0,"gold_gain":0,"player_choice":"Opened","damage_taken":0,"relics_obtained":["Ornamental Fan"],"max_hp_gain":0,"max_hp_loss":0,"event_name":"The Mausoleum","floor":20,"gold_loss":0,"cards_obtained":["Writhe"]},{"damage_healed":0,"gold_gain":99,"player_choice":"Stole From Cult","damage_taken":0,"max_hp_gain":0,"max_hp_loss":0,"event_name":"Nest","floor":22,"gold_loss":0},{"damage_healed":20,"gold_gain":0,"player_choice":"Writhe","damage_taken":0,"max_hp_gain":0,"max_hp_loss":0,"event_name":"Winding Halls","floor":37,"gold_loss":0,"cards_obtained":["Writhe"]},{"damage_healed":0,"gold_gain":0,"player_choice":"Memory 1","damage_taken":0,"max_hp_gain":0,"max_hp_loss":0,"event_name":"SensoryStone","floor":47,"gold_loss":0},{"damage_healed":0,"gold_gain":0,"player_choice":"Gave Potion","damage_taken":0,"relics_obtained":["Centennial Puzzle"],"max_hp_gain":0,"max_hp_loss":0,"event_name":"WeMeetAgain","floor":48,"gold_loss":0}],"is_beta":false,"boss_relics":[{"not_picked":["White Beast Statue","Pandora\u0027s Box"],"picked":"Busted Crown"},{"not_picked":["Fusion Hammer","Empty Cage"],"picked":"Cursed Key"}],"items_purged_floors":[31,45],"is_endless":false,"potions_floor_spawned":[4,6,10,14,33,36,42,44],"ascension_level":13}