{"gold_per_floor":[117,137,137,137,137,137,19,19,19,19,38,52,52,64,64,160,160,177,177,177,201,201,201,201],"floor_reached":24,"playtime":1029,"items_purged":["Regret"],"score":282,"play_id":"4b2f92a7-7411-4e91-b5e8-c335074c9fc1","local_time":"20190428173052","is_ascension_mode":true,"campfire_choices":[{"data":"1","floor":6,"key":"LIFT"},{"data":"2","floor":10,"key":"LIFT"},{"data":"Blade Dance","floor":15,"key":"SMITH"},{"data":"3","floor":23,"key":"LIFT"}],"neow_cost":"NONE","seed_source_timestamp":1040849567420400,"circlet_count":0,"master_deck":["AscendersBane","Defend_G","Defend_G+1","Defend_G","Defend_G","Defend_G","Strike_G","Strike_G","Strike_G","Strike_G","Strike_G","Survivor","Neutralize","Backflip","Calculated Gamble","Backstab+1","Blade Dance+1","Dagger Spray","Acrobatics+1","Envenom","Backflip+1","Shame"],"relics":["Ring of the Snake","Boot","The Courier","Girya","Gambling Chip","Mummified Hand","HoveringKite","War Paint","Centennial Puzzle"],"potions_floor_usage":[16,16,24,24,24],"damage_taken":[{"damage":3,"enemies":"Jaw Worm","floor":1,"turns":4},{"damage":2,"enemies":"Small Slimes","floor":2,"turns":4},{"damage":0,"enemies":"Cultist","floor":11,"turns":2},{"damage":2,"enemies":"Exordium Thugs","floor":12,"turns":5},{"damage":0,"enemies":"Gremlin Gang","floor":14,"turns":1},{"damage":15,"enemies":"Slime Boss","floor":16,"turns":6},{"damage":0,"enemies":"Chosen","floor":18,"turns":3},{"damage":75,"enemies":"Book of Stabbing","floor":24,"turns":7}],"seed_played":"-9060628059974993123","potions_obtained":[{"floor":1,"key":"FearPotion"},{"floor":11,"key":"Fire Potion"},{"floor":14,"key":"PowerPotion"},{"floor":16,"key":"EntropicBrew"}],"is_trial":false,"path_per_floor":["M","M","?","?","T","R","$","?","T","R","M","M","$","M","R","B",null,"M","?","?","T","$","R","E"],"character_chosen":"THE_SILENT","items_purchased":["Backstab"],"campfire_rested":0,"item_purchase_floors":[7],"current_hp_per_floor":[60,58,40,40,40,40,40,40,40,40,40,38,38,38,38,23,58,58,58,70,70,70,70,0],"gold":201,"neow_bonus":"RANDOM_COMMON_RELIC","is_prod":false,"is_daily":false,"chose_seed":false,"campfire_upgraded":1,"win_rate":0,"timestamp":1556469052,"path_taken":["M","M","?","?","?","R","$","?","T","R","M","?","?","?","R","BOSS","M","?","?","?","$","R","E"],"build_version":"2019-01-23","purchased_purges":1,"victory":false,"max_hp_per_floor":[70,70,70,70,70,70,70,70,70,70,70,70,70,70,70,70,70,70,70,70,70,70,70,70],"card_choices":[{"not_picked":["Eviscerate","Cloak And Dagger"],"picked":"Backflip","floor":1},{"not_picked":["Quick Slash","Deflect"],"picked":"Calculated Gamble","floor":2},{"not_picked":["Slice","Sucker Punch"],"picked":"Blade Dance","floor":11},{"not_picked":["Wraith Form v2","Prepared"],"picked":"Dagger Spray","floor":12},{"not_picked":["Slice","All Out Attack"],"picked":"Acrobatics","floor":14},{"not_picked":["Die Die Die","A Thousand Cuts"],"picked":"Envenom","floor":16},{"not_picked":["Quick Slash","Crippling Poison"],"picked":"Backflip+1","floor":18}],"player_experience":423859,"relics_obtained":[{"floor":5,"key":"Gambling Chip"},{"floor":9,"key":"Mummified Hand"},{"floor":21,"key":"Centennial Puzzle"}],"event_choices":[{"damage_healed":0,"gold_gain":0,"player_choice":"Success","damage_taken":18,"relics_obtained":["The Courier"],"max_hp_gain":0,"max_hp_loss":0,"event_name":"Scrap Ooze","floor":3,"gold_loss":0},{"damage_healed":0,"gold_gain":0,"player_choice":"Box","damage_taken":0,"relics_obtained":["Girya"],"max_hp_gain":0,"max_hp_loss":0,"event_name":"Big Fish","floor":4,"gold_loss":0,"cards_obtained":["Regret"]},{"damage_healed":0,"gold_gain":0,"player_choice":"Upgraded","damage_taken":0,"max_hp_gain":0,"max_hp_loss":0,"event_name":"Upgrade Shrine","floor":8,"gold_loss":0,"cards_upgraded":["Backstab"]},{"damage_healed":0,"gold_gain":0,"player_choice":"Stole Relic","damage_taken":0,"relics_obtained":["War Paint"],"max_hp_gain":0,"max_hp_loss":0,"event_name":"Addict","floor":19,"gold_loss":0,"cards_obtained":["Shame"]},{"damage_healed":23,"gold_gain":0,"player_choice":"Heal","damage_taken":0,"max_hp_gain":0,"max_hp_loss":0,"event_name":"The Library","floor":20,"gold_loss":0}],"is_beta":false,"boss_relics":[{"not_picked":["Empty Cage","Runic Pyramid"],"picked":"HoveringKite"}],"items_purged_floors":[7],"is_endless":false,"potions_floor_spawned":[1,11,14,16],"killed_by":"Book of Stabbing","ascension_level":11}