{"gold_per_floor":[115,125,138,138,189,189,216,30,106,106,118,118,150,165,165,243,243,261,277,37,87,12,37,37,49,49,49,63,63,63,63,63,142,142,152,27,27,127,127,157,157,185,185,185,185,185,35,51,51,51,51,51,51,51,77,77],"floor_reached":56,"playtime":2535,"items_purged":["Strike_R","Strike_R","Strike_R","Battle Trance+1"],"score":2104,"play_id":"55e6a987-7f13-4bd0-9eeb-169d6e7f4216","local_time":"20190511172658","is_ascension_mode":true,"campfire_choices":[{"data":"Searing Blow","floor":6.0,"key":"SMITH"},{"data":"Pommel Strike","floor":10.0,"key":"SMITH"},{"data":"True Grit","floor":12.0,"key":"SMITH"},{"data":"Dark Embrace","floor":15.0,"key":"SMITH"},{"data":"Battle Trance","floor":24.0,"key":"SMITH"},{"data":"Shrug It Off","floor":30.0,"key":"SMITH"},{"data":"Evolve","floor":32.0,"key":"SMITH"},{"data":"Double Tap","floor":41.0,"key":"SMITH"},{"data":"Disarm","floor":44.0,"key":"SMITH"},{"floor":46.0,"key":"RECALL"},{"data":"1","floor":49.0,"key":"LIFT"},{"data":"2","floor":53.0,"key":"LIFT"}],"neow_cost":"NONE","seed_source_timestamp":1408580235032646,"circlet_count":0,"master_deck":["AscendersBane","Defend_R+1","Defend_R","Defend_R+1","Defend_R","Bash+1","Carnage+1","Disarm+1","Dark Embrace+1","Pommel Strike+1","True Grit+1","Double Tap+1","Shrug It Off+1","Evolve+1"],"special_seed":0,"relics":["Burning Blood","Mercury Hourglass","Red Skull","Sundial","Gremlin Horn","Pocketwatch","Sozu","Vajra","Eternal Feather","Girya","Bronze Scales","Whetstone","Pen Nib","Anchor","War Paint"],"potions_floor_usage":[56],"damage_taken":[{"damage":7.0,"enemies":"Jaw Worm","floor":1.0,"turns":3.0},{"damage":0.0,"enemies":"Cultist","floor":2.0,"turns":3.0},{"damage":7.0,"enemies":"Small Slimes","floor":3.0,"turns":3.0},{"damage":40.0,"enemies":"3 Sentries","floor":7.0,"turns":7.0},{"damage":0.0,"enemies":"Looter","floor":11.0,"turns":2.0},{"damage":8.0,"enemies":"Gremlin Nob","floor":13.0,"turns":3.0},{"damage":0.0,"enemies":"Exordium Thugs","floor":14.0,"turns":4.0},{"damage":0.0,"enemies":"The Guardian","floor":16.0,"turns":10.0},{"damage":19.0,"enemies":"2 Thieves","floor":18.0,"turns":4.0},{"damage":4.0,"enemies":"Chosen","floor":19.0,"turns":5.0},{"damage":13.0,"enemies":"Book of Stabbing","floor":23.0,"turns":7.0},{"damage":3.0,"enemies":"Snake Plant","floor":25.0,"turns":6.0},{"damage":0.0,"enemies":"Centurion and Healer","floor":28.0,"turns":6.0},{"damage":21.0,"enemies":"Automaton","floor":33.0,"turns":4.0},{"damage":13.0,"enemies":"3 Darklings","floor":35.0,"turns":3.0},{"damage":0.0,"enemies":"Mind Bloom Boss Battle","floor":38.0,"turns":3.0},{"damage":0.0,"enemies":"Giant Head","floor":40.0,"turns":4.0},{"damage":16.0,"enemies":"Nemesis","floor":42.0,"turns":3.0},{"damage":0.0,"enemies":"3 Shapes","floor":48.0,"turns":2.0},{"damage":3.0,"enemies":"Time Eater","floor":50.0,"turns":9.0},{"damage":0.0,"enemies":"Donu and Deca","floor":51.0,"turns":3.0},{"damage":36.0,"enemies":"Shield and Spear","floor":55.0,"turns":3.0},{"damage":57,"enemies":"The Heart","floor":56,"turns":2}],"seed_played":"-5437877946169444233","potions_obtained":[{"floor":2.0,"key":"Poison Potion"},{"floor":3.0,"key":"EssenceOfSteel"},{"floor":11.0,"key":"SkillPotion"},{"floor":16.0,"key":"LiquidBronze"}],"is_trial":false,"path_per_floor":["M","M","M","?","T","R","E","$","T","R","M","R","E","M","R","B",null,"M","M","$","?","?","E","R","M","T","?","M","$","R","?","R","B",null,"M","$","?","?","?","E","R","E","T","R","T","R","$","M","R","B","B",null,"R","$","E","B"],"character_chosen":"IRONCLAD","items_purchased":["Pommel Strike","True Grit","Shrug It Off","Evolve"],"campfire_rested":0,"item_purchase_floors":[8,8,20,20],"current_hp_per_floor":[67,73,72,67,67,67,33,33,33,33,39,39,37,43,43,49,69,56,58,58,58,58,51,51,54,54,75,75,75,75,75,75,60,71,64,64,64,70,70,75,75,65,65,74,74,75,75,75,75,75,75,75,75,75,45,0],"gold":77,"neow_bonus":"TRANSFORM_CARD","is_prod":false,"is_daily":false,"chose_seed":false,"campfire_upgraded":9,"win_rate":0,"timestamp":1557566818,"path_taken":["M","M","M","?","?","R","E","$","T","R","M","R","E","?","R","BOSS","M","M","$","?","?","E","R","M","T","?","?","$","R","?","R","BOSS","M","$","?","?","?","E","R","E","T","R","?","R","$","M","R","BOSS","BOSS","R","$","E","BOSS"],"build_version":"2019-01-23","purchased_purges":4,"victory":false,"max_hp_per_floor":[75,75,75,75,75,75,75,75,75,75,75,75,75,75,75,75,75,75,75,75,75,75,75,75,75,75,75,75,75,75,75,75,75,75,75,75,75,75,75,75,75,75,75,75,75,75,75,75,75,75,75,75,75,75,75,75],"card_choices":[{"not_picked":["Warcry","Pommel Strike"],"picked":"Battle Trance","floor":1.0},{"not_picked":["Fire Breathing","Thunderclap"],"picked":"Searing Blow","floor":2.0},{"not_picked":["Twin Strike","Disarm","Rampage"],"picked":"SKIP","floor":3.0},{"not_picked":["Twin Strike","Rampage"],"picked":"Disarm","floor":3.0},{"not_picked":["Shrug It Off","Feel No Pain"],"picked":"Dark Embrace","floor":7.0},{"not_picked":["Shockwave","Power Through","Armaments"],"picked":"SKIP","floor":11.0},{"not_picked":["Clothesline","Sword Boomerang","Twin Strike"],"picked":"SKIP","floor":13.0},{"not_picked":["Warcry","Sword Boomerang","Perfected Strike"],"picked":"SKIP","floor":14.0},{"not_picked":["Exhume","Limit Break"],"picked":"Double Tap","floor":16.0},{"not_picked":["Clothesline","True Grit","Sever Soul"],"picked":"SKIP","floor":18.0},{"not_picked":["Havoc","True Grit","Rupture"],"picked":"SKIP","floor":19.0},{"not_picked":["Whirlwind","Sword Boomerang","Flame Barrier"],"picked":"SKIP","floor":23.0},{"not_picked":["Dropkick","Havoc","Iron Wave"],"picked":"SKIP","floor":25.0},{"not_picked":["Heavy Blade","Pommel Strike","Corruption"],"picked":"SKIP","floor":28.0},{"not_picked":["Hemokinesis+1","Wild Strike","Heavy Blade+1"],"picked":"SKIP","floor":35.0},{"not_picked":["Pommel Strike+1","Twin Strike","Shrug It Off"],"picked":"SKIP","floor":40.0},{"not_picked":["Thunderclap","Entrench","Anger"],"picked":"SKIP","floor":42.0},{"not_picked":["Dual Wield","Shrug It Off","Battle Trance"],"picked":"SKIP","floor":48.0},{"not_picked":["Disarm","Metallicize+1","Double Tap"],"picked":"SKIP","floor":55.0}],"player_experience":1933978,"relics_obtained":[{"floor":5.0,"key":"Red Skull"},{"floor":7.0,"key":"Sundial"},{"floor":9.0,"key":"Gremlin Horn"},{"floor":13.0,"key":"Pocketwatch"},{"floor":23.0,"key":"Vajra"},{"floor":38.0,"key":"Girya"},{"floor":40.0,"key":"Bronze Scales"},{"floor":42.0,"key":"Whetstone"},{"floor":43.0,"key":"Pen Nib"},{"floor":45.0,"key":"Anchor"},{"floor":55.0,"key":"War Paint"}],"event_choices":[{"damage_healed":0.0,"max_hp_gain":0.0,"max_hp_loss":0.0,"gold_gain":0.0,"event_name":"Scrap Ooze","player_choice":"Success","floor":4.0,"gold_loss":0.0,"damage_taken":5.0,"relics_obtained":["Mercury Hourglass"]},{"damage_healed":0.0,"max_hp_gain":0.0,"max_hp_loss":0.0,"gold_gain":50.0,"event_name":"Nest","player_choice":"Stole From Cult","floor":21.0,"gold_loss":0.0,"damage_taken":0.0},{"cards_removed":["Strike_R"],"damage_healed":0.0,"max_hp_gain":0.0,"max_hp_loss":0.0,"gold_gain":0.0,"event_name":"Beggar","player_choice":"Gave Gold","floor":22.0,"gold_loss":75.0,"damage_taken":0.0},{"cards_removed":["Searing Blow"],"damage_healed":21.0,"max_hp_gain":0.0,"max_hp_loss":0.0,"gold_gain":0.0,"event_name":"Bonfire Elementals","player_choice":"Offered Uncommon","floor":27.0,"gold_loss":0.0,"damage_taken":0.0},{"damage_healed":0.0,"max_hp_gain":0.0,"max_hp_loss":0.0,"gold_gain":0.0,"event_name":"Vampires","player_choice":"Ignored","floor":31.0,"gold_loss":0.0,"damage_taken":0.0},{"damage_healed":0.0,"max_hp_gain":0.0,"max_hp_loss":0.0,"gold_gain":0.0,"event_name":"Mysterious Sphere","player_choice":"Ignored","floor":37.0,"gold_loss":0.0,"damage_taken":0.0},{"damage_healed":0.0,"max_hp_gain":0.0,"max_hp_loss":0.0,"gold_gain":0.0,"event_name":"MindBloom","player_choice":"Fight","floor":38.0,"gold_loss":0.0,"damage_taken":0.0},{"damage_healed":0.0,"max_hp_gain":0.0,"max_hp_loss":0.0,"gold_gain":0.0,"event_name":"Tomb of Lord Red Mask","player_choice":"Ignored","floor":39.0,"gold_loss":0.0,"damage_taken":0.0}],"is_beta":false,"boss_relics":[{"not_picked":["Lizard Tail","White Beast Statue"],"picked":"Sozu"},{"not_picked":["Busted Crown","Fusion Hammer"],"picked":"Eternal Feather"}],"items_purged_floors":[8,20,36,47],"is_endless":false,"potions_floor_spawned":[2,3,11,16,28,35,42,48],"killed_by":"The Heart","ascension_level":20}