{"path_per_floor":["M","M","?","M","M","R","?","E","T","?","M","E","M","?","R"],"character_chosen":"IRONCLAD","items_purchased":[],"gold_per_floor":[115,134,134,145,160,160,160,188,215,215,229,264,289,289,289,289],"floor_reached":16,"campfire_rested":0,"playtime":484,"current_hp_per_floor":[80,80,80,79,80,80,80,75,75,55,61,52,58,51,51,0],"items_purged":[],"gold":289,"score":112,"play_id":"a957d9d1-35b6-4a48-90a2-e6e7a7e473d3","local_time":"20180418211002","is_prod":false,"is_daily":false,"chose_seed":false,"is_ascension_mode":false,"campfire_upgraded":2,"timestamp":1524103802,"path_taken":["M","M","?","M","M","R","?","E","T","?","M","E","M","?","R","BOSS"],"build_version":"2018-04-17","seed_source_timestamp":559158703807165,"purchased_purges":0,"victory":false,"master_deck":["Strike_R","Strike_R","Strike_R","Strike_R","Strike_R","Defend_R","Defend_R","Defend_R","Defend_R","Bash","Perfected Strike+1","Perfected Strike+1","Perfected Strike"],"max_hp_per_floor":[80,80,80,80,80,80,80,80,80,80,80,80,80,80,80,80],"relics":["Burning Blood","Centennial Puzzle","Orichalcum","Regal Pillow","Bag of Marbles","Golden Idol","Happy Flower"],"card_choices":[{"not_picked":["Rupture","Heavy Blade"],"picked":"Perfected Strike","floor":1},{"not_picked":["Pommel Strike","Bloodletting"],"picked":"Perfected Strike","floor":4},{"not_picked":["Evolve","Dropkick"],"picked":"Perfected Strike","floor":12}],"player_experience":173371,"potions_floor_usage":[16],"damage_taken":[{"damage":2,"enemies":"Small Slimes","floor":1,"turns":4},{"damage":6,"enemies":"Cultist","floor":2,"turns":3},{"damage":7,"enemies":"2 Louse","floor":4,"turns":3},{"damage":5,"enemies":"Looter","floor":5,"turns":4},{"damage":11,"enemies":"3 Sentries","floor":8,"turns":7},{"damage":0,"enemies":"Large Slime","floor":11,"turns":4},{"damage":15,"enemies":"Gremlin Nob","floor":12,"turns":4},{"damage":0,"enemies":"2 Fungi Beasts","floor":13,"turns":2},{"damage":54,"enemies":"The Guardian","floor":16,"turns":8}],"event_choices":[{"event_name":"Accursed Blacksmith","player_choice":"Rummage","floor":3,"damage_taken":0},{"event_name":"Wheel of Change","player_choice":"Relic","floor":7,"damage_taken":0},{"event_name":"Golden Idol","player_choice":"Take Damage","floor":10,"damage_taken":0},{"event_name":"Golden Wing","player_choice":"Card Removal","floor":14,"damage_taken":0}],"boss_relics":[],"potions_floor_spawned":[1,4,8,13],"seed_played":"811856968451529139","killed_by":"The Guardian","ascension_level":0,"is_trial":false}