{"path_per_floor":["M","?","?","M","M","R","E","R","T","?","$","R","E","M","R","B",null,"M","M","M","M","$","R","E","R","T","E","?","R","E","?","R","B",null,"M","M","?","?","?","E","$","R","T","M","M","R","M","E","R","B"],"character_chosen":"DEFECT","items_purchased":["Apotheosis","Meat on the Bone","Purity","Gash"],"gold_per_floor":[116,116,116,136,152,152,185,185,237,258,56,56,81,99,99,200,200,211,223,239,253,178,178,211,211,285,317,317,317,350,350,350,446,446,463,474,474,529,529,562,59,59,83,102,122,122,133,166,166,166],"floor_reached":51,"campfire_rested":4,"playtime":3219,"item_purchase_floors":[11,41,41,41],"current_hp_per_floor":[74,74,74,73,73,73,46,46,46,40,40,40,40,34,71,56,75,57,54,47,43,43,43,26,63,63,45,45,45,31,31,68,42,75,68,54,54,41,43,33,33,33,33,36,38,38,40,41,75,67],"items_purged":["Strike_B","Lockon"],"gold":166,"score":873,"play_id":"c7276752-60b4-4be1-8ecf-0a59654a4c2a","local_time":"20180608055006","is_prod":false,"is_daily":false,"chose_seed":false,"is_ascension_mode":true,"campfire_upgraded":7,"win_rate":0,"timestamp":1528455006,"campfire_choices":[{"data":"Dualcast","floor":6,"key":"SMITH"},{"data":"Tempest","floor":8,"key":"SMITH"},{"data":"Apotheosis","floor":12,"key":"SMITH"},{"floor":15,"key":"REST"},{"data":"Reprogram","floor":23,"key":"SMITH"},{"floor":25,"key":"REST"},{"data":"Hello World","floor":29,"key":"SMITH"},{"floor":32,"key":"REST"},{"data":"Creative AI","floor":42,"key":"SMITH"},{"data":"Seek","floor":46,"key":"SMITH"},{"floor":49,"key":"REST"}],"path_taken":["M","?","?","M","M","R","E","R","T","?","?","R","E","M","R","BOSS","M","M","M","M","$","R","E","R","T","E","?","R","E","?","R","BOSS","M","M","?","?","?","E","$","R","T","M","M","R","M","E","R","BOSS"],"build_version":"2018-06-07v2","seed_source_timestamp":591718151459340,"purchased_purges":2,"victory":true,"master_deck":["Strike_B+1","Defend_B","Defend_B","Zap+1","Ball Lightning","Turbo","Reprogram+1","Tempest+1","Apotheosis+1","Hello World+1","Thunder Strike","Electrodynamics+1","All For One+1","Sunder+1","Steam Power","Turbo","Reprogram","Reprogram","Double Energy+1","Rebound+1","Seek+1","Go for the Eyes","Gash+1","Creative AI+1","Purity","Gash+1","Beam Cell"],"max_hp_per_floor":[75,75,75,75,75,75,75,75,75,75,75,75,75,75,75,75,75,75,75,75,75,75,75,75,75,75,75,75,75,75,75,75,75,75,75,75,75,75,75,75,75,75,75,75,75,75,75,75,75,75],"relics":["Cracked Core","Regal Pillow","Orichalcum","Odd Mushroom","Unceasing Top","Boot","Toolbox","Bag of Marbles","Blood Vial","Nloth\u0027s Gift","Inserter","Torii","Calipers","Pen Nib","Meat on the Bone","Vajra","Whetstone"],"card_choices":[{"not_picked":["Coolheaded","Leap"],"picked":"Lockon","floor":0},{"not_picked":["Rip and Tear","Leap"],"picked":"Ball Lightning","floor":1},{"not_picked":["Sunder","Cold Snap"],"picked":"Turbo","floor":4},{"not_picked":["Stack","Barrage"],"picked":"Reprogram","floor":5},{"not_picked":["Loop","Rebound"],"picked":"Tempest","floor":7},{"not_picked":["Rebound","Lockon","Redo"],"picked":"SKIP","floor":13},{"not_picked":["Chaos","Leap"],"picked":"Hello World","floor":14},{"not_picked":["Echo Form","Biased Cognition"],"picked":"Thunder Strike","floor":16},{"not_picked":["Conserve Battery","Glacier"],"picked":"Steam Power","floor":18},{"not_picked":["Storm","Reinforced Body","Cold Snap+1"],"picked":"SKIP","floor":19},{"not_picked":["Gash","Rebound+1"],"picked":"Turbo","floor":20},{"not_picked":["Glacier","Storm+1"],"picked":"Reprogram","floor":21},{"not_picked":["Gash+1","Force Field"],"picked":"Reprogram","floor":24},{"not_picked":["Seek","Redo+1"],"picked":"Double Energy+1","floor":27},{"not_picked":["Sweeping Beam","Genetic Algorithm"],"picked":"Rebound+1","floor":30},{"not_picked":["Buffer","Fission"],"picked":"Seek","floor":33},{"not_picked":["Compile Driver","Redo"],"picked":"Go for the Eyes","floor":35},{"not_picked":["Sweeping Beam","Conserve Battery+1","Redo"],"picked":"SKIP","floor":36},{"not_picked":["Buffer","Redo+1"],"picked":"Gash+1","floor":38},{"not_picked":["Leap+1","Steam"],"picked":"Creative AI","floor":40},{"not_picked":["Redo","Genetic Algorithm"],"picked":"Beam Cell","floor":44},{"not_picked":["Force Field+1","Conserve Battery","Ball Lightning+1"],"picked":"SKIP","floor":45},{"not_picked":["Compile Driver","Beam Cell+1","FTL"],"picked":"SKIP","floor":47},{"not_picked":["Fusion+1","Coolheaded+1","Sunder+1"],"picked":"SKIP","floor":48}],"player_experience":202655,"potions_floor_usage":[14,24,33,50,50,50],"damage_taken":[{"damage":1,"enemies":"2 Louse","floor":1,"turns":2},{"damage":1,"enemies":"Cultist","floor":4,"turns":3},{"damage":0,"enemies":"Small Slimes","floor":5,"turns":2},{"damage":27,"enemies":"3 Sentries","floor":7,"turns":6},{"damage":6,"floor":10,"turns":2},{"damage":0,"enemies":"Gremlin Nob","floor":13,"turns":2},{"damage":6,"enemies":"Looter","floor":14,"turns":2},{"damage":15,"enemies":"Slime Boss","floor":16,"turns":7},{"damage":18,"enemies":"3 Byrds","floor":18,"turns":3},{"damage":3,"enemies":"Spheric Guardian","floor":19,"turns":3},{"damage":7,"enemies":"3 Cultists","floor":20,"turns":4},{"damage":4,"enemies":"Chosen and Byrds","floor":21,"turns":3},{"damage":17,"enemies":"Gremlin Leader","floor":24,"turns":4},{"damage":18,"enemies":"Book of Stabbing","floor":27,"turns":3},{"damage":14,"enemies":"Slavers","floor":30,"turns":2},{"damage":28,"enemies":"Automaton","floor":33,"turns":6},{"damage":7,"enemies":"3 Shapes","floor":35,"turns":2},{"damage":16,"enemies":"Flame Bruiser 1 Orb","floor":36,"turns":3},{"damage":19,"floor":38,"turns":2},{"damage":0,"floor":39,"turns":2},{"damage":12,"enemies":"2 Orb Walkers","floor":40,"turns":3},{"damage":11,"enemies":"Spire Growth","floor":44,"turns":2},{"damage":0,"enemies":"4 Shapes","floor":45,"turns":2},{"damage":0,"enemies":"Transient","floor":47,"turns":5},{"damage":13,"enemies":"Nemesis","floor":48,"turns":4},{"damage":8,"enemies":"Donu and Deca","floor":50,"turns":3}],"relics_obtained":[{"floor":7,"key":"Regal Pillow"},{"floor":9,"key":"Orichalcum"},{"floor":10,"key":"Odd Mushroom"},{"floor":13,"key":"Unceasing Top"},{"floor":24,"key":"Boot"},{"floor":26,"key":"Toolbox"},{"floor":27,"key":"Bag of Marbles"},{"floor":30,"key":"Blood Vial"},{"floor":38,"key":"Torii"},{"floor":39,"key":"Calipers"},{"floor":40,"key":"Pen Nib"},{"floor":43,"key":"Vajra"},{"floor":48,"key":"Whetstone"}],"event_choices":[{"event_name":"Upgrade Shrine","player_choice":"Upgraded","floor":2,"damage_taken":0},{"event_name":"Living Wall","player_choice":"Forget","floor":3,"damage_taken":0},{"event_name":"Mushrooms","player_choice":"Fought Mushrooms","floor":10,"damage_taken":0},{"event_name":"Vampires","player_choice":"Ignored","floor":28,"damage_taken":0},{"event_name":"N\u0027loth","player_choice":"Traded a Astrolabe","floor":31,"damage_taken":0},{"event_name":"Falling","player_choice":"Removed Skill","floor":37,"damage_taken":0},{"event_name":"Mysterious Sphere","player_choice":"Fight","floor":38,"damage_taken":0},{"event_name":"MindBloom","player_choice":"Fight","floor":39,"damage_taken":0}],"boss_relics":[{"not_picked":["White Beast Statue","Tiny House"],"picked":"Astrolabe"},{"not_picked":["Black Star","Eternal Feather"],"picked":"Inserter"}],"items_purged_floors":[22,41],"potions_floor_spawned":[4,7,10,14,16,19,20,24,38,39,47,48],"seed_played":"3687683785662323366","ascension_level":2,"potions_obtained":[{"floor":4,"key":"Dexterity Potion"},{"floor":7,"key":"SmokeBomb"},{"floor":10,"key":"Poison Potion"},{"floor":14,"key":"Swift Potion"},{"floor":19,"key":"Swift Potion"},{"floor":20,"key":"Energy Potion"},{"floor":24,"key":"FearPotion"},{"floor":38,"key":"SteroidPotion"},{"floor":39,"key":"SpeedPotion"},{"floor":47,"key":"AttackPotion"}],"is_trial":false}