{"gold_per_floor":[14,189,264,92,92,156,169,169,169,180,180,180,80,135,135,231,231,242,260,135,146,164,164,199,199,199,228,238,238,238,45,45,147,147,159,259,259,279,299,299,299],"floor_reached":41,"playtime":1713,"items_purged":["Doubt","Defend_R","Defend_R"],"score":448,"play_id":"fcde3714-2623-417a-a948-1680f19e318a","local_time":"20190421212234","is_ascension_mode":true,"campfire_choices":[{"data":"Bash","floor":8,"key":"SMITH"},{"data":"Shrug It Off","floor":11,"key":"SMITH"},{"floor":15,"key":"REST"},{"data":"Dual Wield","floor":23,"key":"SMITH"},{"data":"Clash","floor":25,"key":"SMITH"},{"data":"Shrug It Off","floor":29,"key":"SMITH"},{"floor":32,"key":"REST"},{"floor":40,"key":"REST"}],"neow_cost":"NO_GOLD","seed_source_timestamp":18574881674806,"circlet_count":0,"master_deck":["Strike_R","Strike_R","Strike_R","Strike_R","Defend_R","Bash+1","Flash of Steel","Shrug It Off+1","Clash+1","Warcry+1","Dual Wield+1","Seeing Red+1","Shrug It Off+1"],"relics":["Burning Blood","Tiny Chest","Du-Vu Doll","Dodecahedron","Oddly Smooth Stone","Runic Cube","Bottled Lightning","Mummified Hand","Happy Flower","Medical Kit","Black Star","Shovel"],"potions_floor_usage":[16,27,33],"damage_taken":[{"damage":9,"enemies":"2 Louse","floor":1,"turns":3},{"damage":27,"enemies":"Gremlin Nob","floor":6,"turns":4},{"damage":5,"enemies":"Small Slimes","floor":7,"turns":3},{"damage":6,"enemies":"Jaw Worm","floor":10,"turns":2},{"damage":24,"enemies":"3 Sentries","floor":14,"turns":10},{"damage":34,"enemies":"Slime Boss","floor":16,"turns":11},{"damage":0,"enemies":"3 Byrds","floor":18,"turns":6},{"damage":24,"enemies":"2 Thieves","floor":19,"turns":4},{"damage":0,"enemies":"3 Cultists","floor":21,"turns":6},{"damage":33,"enemies":"Snecko","floor":22,"turns":6},{"damage":12,"enemies":"Book of Stabbing","floor":24,"turns":3},{"damage":9,"enemies":"Gremlin Leader","floor":27,"turns":4},{"damage":4,"enemies":"Cultist and Chosen","floor":28,"turns":3},{"damage":4,"enemies":"Champ","floor":33,"turns":6},{"damage":27,"enemies":"3 Darklings","floor":35,"turns":6},{"damage":10,"enemies":"Mind Bloom Boss Battle","floor":36,"turns":5},{"damage":10,"enemies":"3 Shapes","floor":38,"turns":4},{"damage":48,"enemies":"Transient","floor":39,"turns":5},{"damage":47,"enemies":"4 Shapes","floor":41,"turns":3}],"seed_played":"6480833072280415337","potions_obtained":[{"floor":1,"key":"Swift Potion"},{"floor":6,"key":"Weak Potion"},{"floor":10,"key":"SmokeBomb"},{"floor":16,"key":"SpeedPotion"},{"floor":18,"key":"GamblersBrew"},{"floor":24,"key":"Dexterity Potion"},{"floor":38,"key":"Weak Potion"}],"is_trial":false,"path_per_floor":["M","?","?","$","$","E","M","R","T","M","R","?","$","?","R","B",null,"M","M","$","M","M","R","E","R","T","E","M","R","?","$","R","B",null,"M","?","?","M","M","R","M"],"character_chosen":"IRONCLAD","items_purchased":["Flash of Steel","Medical Kit"],"campfire_rested":3,"item_purchase_floors":[4,31],"current_hp_per_floor":[77,77,66,66,66,45,46,46,46,46,46,39,39,21,45,17,80,80,62,62,68,41,41,35,35,35,32,34,34,34,34,58,60,80,59,55,55,51,9,33,0],"gold":299,"neow_bonus":"REMOVE_TWO","is_prod":false,"is_daily":false,"chose_seed":false,"campfire_upgraded":5,"win_rate":0,"timestamp":1555899754,"path_taken":["M","?","?","?","$","E","?","R","T","M","R","?","$","?","R","BOSS","M","M","$","M","M","R","E","R","T","E","M","R","?","$","R","BOSS","M","?","?","M","M","R","M"],"build_version":"2019-01-23","purchased_purges":3,"victory":false,"max_hp_per_floor":[80,80,80,80,80,80,80,80,80,80,80,80,80,80,80,80,80,80,80,80,80,80,80,80,80,80,80,80,80,80,80,80,80,80,80,80,80,80,80,80,80],"card_choices":[{"not_picked":["Uppercut","Sentinel","Pommel Strike"],"picked":"SKIP","floor":1},{"not_picked":["True Grit","Bloodletting","Body Slam"],"picked":"SKIP","floor":6},{"not_picked":["True Grit","Bloodletting","Body Slam"],"picked":"SKIP","floor":6},{"not_picked":["Warcry","Thunderclap","Body Slam"],"picked":"SKIP","floor":7},{"not_picked":["Disarm","Sentinel"],"picked":"Shrug It Off","floor":10},{"not_picked":["Shrug It Off","Sword Boomerang"],"picked":"Clash","floor":14},{"not_picked":["Flex","Cleave+1"],"picked":"Warcry+1","floor":18},{"not_picked":["Rage","Clothesline","Carnage+1"],"picked":"SKIP","floor":19},{"not_picked":["Disarm","Searing Blow"],"picked":"Dual Wield","floor":21},{"not_picked":["Body Slam","Flex+1","Bloodletting"],"picked":"SKIP","floor":22},{"not_picked":["Wild Strike","Battle Trance","Spot Weakness"],"picked":"SKIP","floor":24},{"not_picked":["Hemokinesis","Twin Strike"],"picked":"Seeing Red+1","floor":27},{"not_picked":["Flex","Havoc"],"picked":"Shrug It Off","floor":28},{"not_picked":["Clash","Combust+1","Flex+1"],"picked":"SKIP","floor":35},{"not_picked":["Clothesline","Cleave+1","Flex+1"],"picked":"SKIP","floor":38},{"not_picked":["Burning Pact","Clash","Entrench+1"],"picked":"SKIP","floor":39}],"player_experience":96866,"relics_obtained":[{"floor":6,"key":"Tiny Chest"},{"floor":9,"key":"Du-Vu Doll"},{"floor":14,"key":"Oddly Smooth Stone"},{"floor":24,"key":"Bottled Lightning"},{"floor":26,"key":"Mummified Hand"},{"floor":27,"key":"Happy Flower"},{"floor":36,"key":"Shovel"}],"event_choices":[{"damage_healed":0,"gold_gain":175,"player_choice":"AGREE","damage_taken":0,"max_hp_gain":0,"max_hp_loss":0,"event_name":"Liars Game","floor":2,"gold_loss":0,"cards_obtained":["Doubt"]},{"damage_healed":0,"gold_gain":75,"player_choice":"Gather Gold","damage_taken":11,"max_hp_gain":0,"max_hp_loss":0,"event_name":"World of Goop","floor":3,"gold_loss":0},{"damage_healed":0,"gold_gain":0,"player_choice":"Success","damage_taken":7,"relics_obtained":["Dodecahedron"],"max_hp_gain":0,"max_hp_loss":0,"event_name":"Scrap Ooze","floor":12,"gold_loss":0},{"damage_healed":0,"gold_gain":0,"player_choice":"Searched \u00272\u0027 times","damage_taken":0,"max_hp_gain":0,"max_hp_loss":0,"event_name":"Dead Adventurer","floor":14,"gold_loss":0},{"damage_healed":0,"gold_gain":0,"player_choice":"Ignored","damage_taken":0,"max_hp_gain":0,"max_hp_loss":0,"event_name":"Ghosts","floor":30,"gold_loss":0},{"damage_healed":0,"gold_gain":0,"player_choice":"Fight","damage_taken":0,"max_hp_gain":0,"max_hp_loss":0,"event_name":"MindBloom","floor":36,"gold_loss":0},{"damage_healed":0,"gold_gain":0,"player_choice":"Memory 1","damage_taken":0,"max_hp_gain":0,"max_hp_loss":0,"event_name":"SensoryStone","floor":37,"gold_loss":0}],"is_beta":false,"boss_relics":[{"not_picked":["Eternal Feather","Snecko Eye"],"picked":"Runic Cube"},{"not_picked":["Philosopher\u0027s Stone","Lizard Tail"],"picked":"Black Star"}],"items_purged_floors":[4,13,20],"is_endless":false,"potions_floor_spawned":[1,6,10,16,18,21,24,38],"killed_by":"4 Shapes","ascension_level":1}