{"gold_per_floor":[110,110,110,130,2,2,2,2,27,27,52,91,104,123,123,213,213,237,237,251,264,30,30,63,63,111,172,197,210,245,295,295,384,384,404,404,424,449,462,462],"floor_reached":40,"playtime":1274,"items_purged":["Defend_R"],"score":992,"play_id":"f84b34cf-8e43-453e-9e5b-21a974da0197","local_time":"20190513000555","is_ascension_mode":true,"campfire_choices":[{"data":"Spot Weakness","floor":6.0,"key":"SMITH"},{"data":"Bash","floor":8.0,"key":"SMITH"},{"floor":10.0,"key":"RECALL"},{"data":"Heavy Blade","floor":15.0,"key":"SMITH"},{"data":"Flex","floor":23.0,"key":"SMITH"},{"data":"Body Slam","floor":25.0,"key":"SMITH"},{"data":"Evolve","floor":32.0,"key":"SMITH"}],"neow_cost":"TEN_PERCENT_HP_LOSS","seed_source_timestamp":0,"circlet_count":0,"master_deck":["AscendersBane","Strike_R","Defend_R","Defend_R","Defend_R","Bash+1","Spot Weakness+1","Power Through","Heavy Blade+1","Battle Trance","Impervious","Body Slam+1","Flex+1","Shrug It Off","Offering","Injury","Evolve+1","Exhume","Feel No Pain+1"],"special_seed":0,"relics":["Black Blood","Golden Idol","Blood Vial","Anchor","Cursed Key","Lantern","PreservedInsect","Tiny Chest","Smiling Mask"],"potions_floor_usage":[38],"damage_taken":[{"damage":4.0,"enemies":"2 Louse","floor":1.0,"turns":4.0},{"damage":14.0,"enemies":"Small Slimes","floor":4.0,"turns":6.0},{"damage":46.0,"enemies":"3 Sentries","floor":12.0,"turns":7.0},{"damage":1.0,"enemies":"Cultist","floor":13.0,"turns":4.0},{"damage":2.0,"enemies":"2 Fungi Beasts","floor":14.0,"turns":5.0},{"damage":21.0,"enemies":"Hexaghost","floor":16.0,"turns":5.0},{"damage":6.0,"enemies":"Spheric Guardian","floor":18.0,"turns":4.0},{"damage":3.0,"enemies":"3 Byrds","floor":20.0,"turns":5.0},{"damage":0.0,"enemies":"Centurion and Healer","floor":21.0,"turns":3.0},{"damage":9.0,"enemies":"Book of Stabbing","floor":24.0,"turns":3.0},{"damage":6.0,"enemies":"Gremlin Leader","floor":27.0,"turns":3.0},{"damage":6.0,"enemies":"Snake Plant","floor":28.0,"turns":1.0},{"damage":6.0,"enemies":"Shelled Parasite and Fungi","floor":29.0,"turns":2.0},{"damage":33.0,"enemies":"Slavers","floor":30.0,"turns":7.0},{"damage":38.0,"enemies":"Automaton","floor":33.0,"turns":8.0},{"damage":6.0,"enemies":"Orb Walker","floor":35.0,"turns":3.0},{"damage":6.0,"enemies":"3 Shapes","floor":37.0,"turns":5.0},{"damage":12,"enemies":"Writhing Mass","floor":38,"turns":5},{"damage":55,"enemies":"3 Darklings","floor":39,"turns":10},{"damage":23,"enemies":"Nemesis","floor":40,"turns":1}],"seed_played":"3775052128318105654","potions_obtained":[{"floor":4.0,"key":"Strength Potion"},{"floor":13.0,"key":"AttackPotion"},{"floor":21.0,"key":"FearPotion"},{"floor":27.0,"key":"Ancient Potion"},{"floor":37.0,"key":"Weak Potion"}],"is_trial":false,"path_per_floor":["M","?","?","M","$","R","?","R","T","R","T","E","M","M","R","B",null,"M","?","M","M","$","R","E","R","T","E","M","M","E","?","R","B",null,"M","?","M","M","M","E"],"character_chosen":"IRONCLAD","items_purchased":["PowerPotion","Offering","PowerPotion"],"campfire_rested":0,"item_purchase_floors":[5,22,22],"current_hp_per_floor":[68,61,66,58,58,58,58,58,58,58,58,20,27,33,33,20,55,57,57,62,66,66,66,63,63,63,65,66,66,39,39,39,9,52,58,58,63,61,18,0],"gold":462,"neow_bonus":"REMOVE_TWO","is_prod":false,"is_daily":false,"chose_seed":false,"campfire_upgraded":6,"win_rate":0,"timestamp":1557677155,"path_taken":["M","?","?","M","$","R","?","R","T","R","?","E","M","M","R","BOSS","M","?","M","M","$","R","E","R","T","E","M","?","E","?","R","BOSS","M","?","M","M","M","E"],"build_version":"2019-01-23","purchased_purges":1,"victory":false,"max_hp_per_floor":[68,68,73,73,73,73,66,66,66,66,66,66,66,66,66,66,66,66,66,66,66,66,66,66,66,66,66,66,66,66,66,66,66,66,66,63,63,63,63,63],"card_choices":[{"not_picked":["Thunderclap","Pummel"],"picked":"Spot Weakness","floor":1.0},{"not_picked":["Fire Breathing","Infernal Blade","Clash"],"picked":"SKIP","floor":4.0},{"not_picked":["Spot Weakness","Anger"],"picked":"Power Through","floor":12.0},{"not_picked":["Disarm","Perfected Strike"],"picked":"Heavy Blade","floor":13.0},{"not_picked":["Heavy Blade","Sword Boomerang"],"picked":"Battle Trance","floor":14.0},{"not_picked":["Barricade","Berserk"],"picked":"Impervious","floor":16.0},{"not_picked":["Twin Strike","Havoc"],"picked":"Body Slam","floor":18.0},{"not_picked":["Warcry","Armaments"],"picked":"Flex","floor":20.0},{"not_picked":["Iron Wave","Thunderclap"],"picked":"Shrug It Off","floor":21.0},{"not_picked":["Wild Strike","Shrug It Off","Pommel Strike"],"picked":"SKIP","floor":24.0},{"not_picked":["Rampage","Rage","Blood for Blood"],"picked":"SKIP","floor":27.0},{"not_picked":["Searing Blow","Armaments","Body Slam+1"],"picked":"SKIP","floor":28.0},{"not_picked":["Seeing Red","Perfected Strike","Spot Weakness"],"picked":"SKIP","floor":29.0},{"not_picked":["Dropkick","Entrench+1"],"picked":"Evolve","floor":30.0},{"not_picked":["Brutality","Juggernaut"],"picked":"Exhume","floor":33.0},{"not_picked":["Headbutt","Anger","Iron Wave+1"],"picked":"SKIP","floor":35.0},{"not_picked":["Pommel Strike","Sword Boomerang+1"],"picked":"Feel No Pain+1","floor":37.0},{"not_picked":["Warcry","Flame Barrier","Metallicize"],"picked":"SKIP","floor":38},{"not_picked":["Pommel Strike","Carnage+1","Uppercut"],"picked":"SKIP","floor":39}],"player_experience":1944882,"relics_obtained":[{"floor":9.0,"key":"Blood Vial"},{"floor":12.0,"key":"Anchor"},{"floor":24.0,"key":"Lantern"},{"floor":26.0,"key":"PreservedInsect"},{"floor":27.0,"key":"Tiny Chest"},{"floor":30.0,"key":"Smiling Mask"}],"event_choices":[{"cards_removed":["Strike_R"],"damage_healed":0.0,"max_hp_gain":0.0,"max_hp_loss":0.0,"gold_gain":0.0,"event_name":"Golden Wing","player_choice":"Card Removal","floor":2.0,"gold_loss":0.0,"damage_taken":7.0},{"damage_healed":0.0,"max_hp_gain":5.0,"max_hp_loss":0.0,"gold_gain":0.0,"event_name":"Big Fish","player_choice":"Donut","floor":3.0,"gold_loss":0.0,"damage_taken":0.0},{"damage_healed":0.0,"max_hp_gain":0.0,"max_hp_loss":7.0,"gold_gain":0.0,"event_name":"Golden Idol","player_choice":"Lose Max HP","floor":7.0,"gold_loss":0.0,"damage_taken":0.0,"relics_obtained":["Golden Idol"]},{"cards_removed":["Strike_R"],"damage_healed":0.0,"max_hp_gain":0.0,"max_hp_loss":0.0,"gold_gain":0.0,"event_name":"Bonfire Elementals","player_choice":"Offered Basic","floor":19.0,"gold_loss":0.0,"damage_taken":0.0},{"damage_healed":0.0,"max_hp_gain":0.0,"max_hp_loss":0.0,"gold_gain":50.0,"event_name":"Nest","player_choice":"Stole From Cult","floor":31.0,"gold_loss":0.0,"damage_taken":0.0},{"damage_healed":0.0,"max_hp_gain":0.0,"max_hp_loss":3.0,"gold_gain":0.0,"event_name":"Winding Halls","player_choice":"Max HP","floor":36.0,"gold_loss":0.0,"damage_taken":0.0}],"is_beta":false,"boss_relics":[{"not_picked":["Pandora\u0027s Box","Orrery"],"picked":"Cursed Key"},{"not_picked":["White Beast Statue","Velvet Choker"],"picked":"Black Blood"}],"items_purged_floors":[5],"is_endless":false,"potions_floor_spawned":[4,13,21,27,28,37],"killed_by":"Nemesis","ascension_level":20}