{"path_per_floor":["M","M","$","M","M","E","R","?","T","M","?","M","E","?","R","B",null,"M","?","M","?","M","R"],"character_chosen":"IRONCLAD","items_purchased":[],"gold_per_floor":[118,129,54,68,78,108,108,108,108,128,128,151,194,194,194,318,318,341,256,280,180,193,193],"floor_reached":24,"campfire_rested":0,"playtime":1358,"current_hp_per_floor":[80,80,80,80,80,68,68,48,48,54,54,52,62,62,62,18,87,71,71,60,60,41,41],"items_purged":["Defend_R"],"gold":193,"score":233,"play_id":"c4bbf57b-9b22-46c1-b940-753f41318e62","is_prod":false,"is_daily":false,"is_ascension_mode":false,"campfire_upgraded":3,"path_taken":["M","M","$","M","?","E","R","?","T","M","?","M","E","?","R","BOSS","M","?","?","?","M","R","E"],"build_version":"2018-02-16-BETA1","purchased_purges":1,"victory":false,"master_deck":["Strike_R","Strike_R","Strike_R","Defend_R","Defend_R","Defend_R","Bash","Metallicize+1","Battle Trance","Thunderclap","Headbutt","Rampage+1","Headbutt","Armaments+1","Feed","J.A.X.","Battle Trance"],"max_hp_per_floor":[80,80,80,80,80,80,80,80,80,80,80,80,87,87,87,87,87,87,87,91,91,95,95],"relics":["Burning Blood","Dream Catcher","Golden Idol","Ancient Tea Set","Strawberry","Runic Cube","Matryoshka"],"card_choices":[{"not_picked":["Shrug It Off","Thunderclap"],"picked":"Metallicize"},{"not_picked":["Blood for Blood","Pommel Strike"],"picked":"Battle Trance"},{"not_picked":["Anger","Perfected Strike"],"picked":"Thunderclap"},{"not_picked":["Pommel Strike","Heavy Blade"],"picked":"Headbutt"},{"not_picked":["Wild Strike","Hemokinesis"],"picked":"Rampage"},{"not_picked":["Second Wind","Whirlwind"],"picked":"Headbutt"},{"not_picked":["Warcry","Twin Strike"],"picked":"Armaments"},{"not_picked":["Bludgeon","Dark Embrace"],"picked":"Feed"},{"not_picked":["Twin Strike","Wild Strike"],"picked":"Battle Trance"}],"player_experience":95442,"potions_floor_usage":[5,10,13,13,20],"damage_taken":[{"damage":4,"enemies":"Cultist","floor":1,"turns":4},{"damage":6,"enemies":"2 Louse","floor":2,"turns":3},{"damage":0,"enemies":"Small Slimes","floor":4,"turns":4},{"damage":4,"enemies":"2 Fungi Beasts","floor":5,"turns":3},{"damage":18,"enemies":"3 Sentries","floor":6,"turns":7},{"damage":0,"enemies":"Red Slaver","floor":10,"turns":2},{"damage":8,"enemies":"Large Slime","floor":12,"turns":3},{"damage":3,"enemies":"Gremlin Nob","floor":13,"turns":3},{"damage":50,"enemies":"The Guardian","floor":16,"turns":9},{"damage":22,"enemies":"Spheric Guardian","floor":18,"turns":7},{"damage":21,"enemies":"Chosen","floor":20,"turns":7},{"damage":29,"enemies":"Snake Plant","floor":22,"turns":6},{"damage":42,"enemies":"Book of Stabbing","floor":24,"turns":4}],"event_choices":[{"event_name":"Golden Idol","player_choice":"Take Damage","floor":8,"damage_taken":0},{"event_name":"Bonfire Elementals","player_choice":"BASIC","floor":11,"damage_taken":0},{"event_name":"Living Wall","player_choice":"Forget","floor":14,"damage_taken":0},{"event_name":"Addict","player_choice":"Obtained Relic","floor":19,"damage_taken":0},{"event_name":"Drug Dealer","player_choice":"Got JAXXED","floor":21,"damage_taken":0}],"boss_relics":[{"not_picked":["Runic Dome","Black Blood"],"picked":"Runic Cube"}],"potions_floor_spawned":[1,2,10,12,13,20],"seed_played":"9173517853228642334","killed_by":"Book of Stabbing","ascension_level":0,"is_trial":false}