{"gold_per_floor":[11,22,35,35,35,35,62,62,62,74,94,53,81,93,93,170,170,125,3,3,3,3,3,3,3,3,3,3,3,3,3],"floor_reached":31,"playtime":834,"items_purged":["Strike_B"],"score":471,"play_id":"b1b9fd7f-9942-418e-a333-778c2ee00ef0","local_time":"20181015124730","is_ascension_mode":true,"campfire_choices":[{"data":"Sweeping Beam","floor":6.0,"key":"SMITH"},{"data":"Ball Lightning","floor":8.0,"key":"SMITH"},{"data":"Go for the Eyes","floor":15.0,"key":"SMITH"},{"floor":24,"key":"REST"},{"data":"Defragment","floor":27,"key":"SMITH"},{"floor":30,"key":"REST"}],"neow_cost":"NO_GOLD","seed_source_timestamp":101806438653429,"circlet_count":0,"master_deck":["Strike_B","Strike_B","Defend_B","Defend_B","Defend_B","Defend_B","Zap+1","Dualcast","AscendersBane","Sweeping Beam+1","Ball Lightning+1","Ball Lightning","Go for the Eyes+1","White Noise","Go for the Eyes","Defragment+1","Ball Lightning","Loop","Coolheaded+1","Cold Snap","Compile Driver","Consume+1","FTL"],"special_seed":0,"relics":["Cracked Core","Ornamental Fan","Matryoshka","Turnip","Ectoplasm","Pantograph","Happy Flower","Du-Vu Doll"],"potions_floor_usage":[23,23,29],"damage_taken":[{"damage":5.0,"enemies":"Small Slimes","floor":1.0,"turns":4.0},{"damage":1.0,"enemies":"Cultist","floor":2.0,"turns":4.0},{"damage":3.0,"enemies":"Jaw Worm","floor":3.0,"turns":4.0},{"damage":16.0,"enemies":"Gremlin Nob","floor":7.0,"turns":3.0},{"damage":0.0,"enemies":"3 Louse","floor":10.0,"turns":3.0},{"damage":14.0,"enemies":"Large Slime","floor":11.0,"turns":4.0},{"damage":8.0,"enemies":"3 Sentries","floor":13.0,"turns":4.0},{"damage":10.0,"enemies":"Exordium Wildlife","floor":14.0,"turns":3.0},{"damage":24.0,"enemies":"Hexaghost","floor":16.0,"turns":9.0},{"damage":19.0,"enemies":"2 Thieves","floor":18.0,"turns":4.0},{"damage":0.0,"enemies":"Chosen","floor":20.0,"turns":3.0},{"damage":7.0,"enemies":"Sentry and Sphere","floor":21.0,"turns":3.0},{"damage":17.0,"enemies":"Cultist and Chosen","floor":22.0,"turns":5.0},{"damage":19,"enemies":"Gremlin Leader","floor":23,"turns":5},{"damage":4,"enemies":"Snecko","floor":28,"turns":3},{"damage":33,"enemies":"Snake Plant","floor":29,"turns":4},{"damage":38,"enemies":"Slavers","floor":31,"turns":2}],"seed_played":"-1351161717109614110","potions_obtained":[{"floor":3.0,"key":"Energy Potion"},{"floor":11.0,"key":"Regen Potion"},{"floor":16.0,"key":"Fire Potion"},{"floor":18.0,"key":"Explosive Potion"},{"floor":22.0,"key":"SteroidPotion"},{"floor":28,"key":"Swift Potion"},{"floor":29,"key":"PowerPotion"}],"is_trial":false,"path_per_floor":["M","M","M","?","?","R","E","R","T","M","M","?","E","M","R","B",null,"M","$","M","M","M","E","R","?","T","R","M","M","R"],"character_chosen":"DEFECT","items_purchased":["Ball Lightning"],"campfire_rested":2,"item_purchase_floors":[19],"current_hp_per_floor":[73,72,69,69,69,69,53,53,53,53,39,39,43,33,33,16,68,49,49,49,42,25,6,31,48,48,48,44,11,36,0],"gold":3,"neow_bonus":"TWENTY_PERCENT_HP_BONUS","is_prod":false,"is_daily":false,"chose_seed":false,"campfire_upgraded":4,"win_rate":0,"timestamp":1539618450,"path_taken":["M","M","M","?","?","R","E","R","T","M","?","?","E","M","R","BOSS","M","$","?","?","M","E","R","?","T","R","M","M","R","E"],"build_version":"2018-07-12","purchased_purges":1,"victory":false,"max_hp_per_floor":[85,85,85,85,85,85,85,85,85,85,85,85,85,85,85,85,85,85,85,85,85,85,85,85,85,85,85,85,85,85,85],"card_choices":[{"not_picked":["Gash","Stack"],"picked":"Sweeping Beam","floor":1.0},{"not_picked":["Chaos","Coolheaded"],"picked":"Ball Lightning","floor":2.0},{"not_picked":["Redo","Streamline","Reprogram"],"picked":"SKIP","floor":3.0},{"not_picked":["Gash","All For One"],"picked":"Ball Lightning","floor":7.0},{"not_picked":["Compile Driver","Gash"],"picked":"Go for the Eyes","floor":10.0},{"not_picked":["Gash","Turbo"],"picked":"White Noise","floor":11.0},{"not_picked":["Gash","Rebound","Force Field"],"picked":"SKIP","floor":13.0},{"not_picked":["Storm","Beam Cell"],"picked":"Go for the Eyes","floor":14.0},{"not_picked":["Gash","Stack"],"picked":"Defragment","floor":18.0},{"not_picked":["Lockon","Beam Cell"],"picked":"Loop","floor":20.0},{"not_picked":["Chill+1","Reinforced Body"],"picked":"Coolheaded+1","floor":21.0},{"not_picked":["Gash","Steam+1"],"picked":"Cold Snap","floor":22.0},{"not_picked":["Tempest","Turbo+1"],"picked":"Compile Driver","floor":23},{"not_picked":["Barrage","Glacier"],"picked":"Consume+1","floor":28},{"not_picked":["Double Energy","Ball Lightning"],"picked":"FTL","floor":29}],"player_experience":965210,"relics_obtained":[{"floor":7.0,"key":"Ornamental Fan"},{"floor":9.0,"key":"Matryoshka"},{"floor":13.0,"key":"Turnip"},{"floor":23,"key":"Pantograph"},{"floor":26,"key":"Happy Flower"},{"floor":26,"key":"Du-Vu Doll"}],"event_choices":[{"event_name":"Purifier","player_choice":"One Purge","floor":4.0,"damage_taken":0.0},{"event_name":"Living Wall","player_choice":"Grow","floor":5.0,"damage_taken":0.0},{"event_name":"World of Goop","player_choice":"Left","floor":12.0,"damage_taken":0.0},{"event_name":"The Library","player_choice":"Heal","floor":25,"damage_taken":0}],"boss_relics":[{"not_picked":["Calling Bell","Philosopher\u0027s Stone"],"picked":"Ectoplasm"}],"items_purged_floors":[19],"is_endless":false,"potions_floor_spawned":[3,11,16,18,22,28,29],"killed_by":"Slavers","ascension_level":15}