{"gold_per_floor":[117,133,133,58,58,88,88,88,88,122,138,157,57,72,72,72],"floor_reached":16,"playtime":352,"items_purged":["Strike_R","Strike_R"],"score":270,"play_id":"0d8adfbd-fe89-4da0-b262-e3ecf7cb6bec","local_time":"20190214205915","is_ascension_mode":true,"campfire_choices":[{"data":"Rampage","floor":7,"key":"SMITH"},{"data":"Body Slam","floor":15,"key":"SMITH"}],"neow_cost":"NONE","seed_source_timestamp":2612265472215334,"circlet_count":0,"master_deck":["AscendersBane","Strike_R","Strike_R","Strike_R","Defend_R","Defend_R","Defend_R","Defend_R","Bash","Second Wind","Body Slam+1","Rampage+1","Impervious","Shrug It Off"],"special_seed":0,"relics":["Burning Blood","NeowsBlessing","Turnip","Bag of Preparation","Self Forming Clay","Ginger"],"potions_floor_usage":[10,10],"damage_taken":[{"damage":0.0,"enemies":"Cultist","floor":1.0,"turns":1.0},{"damage":0.0,"enemies":"2 Louse","floor":2.0,"turns":1.0},{"damage":0,"enemies":"Lagavulin","floor":6,"turns":1},{"damage":29,"enemies":"Gremlin Nob","floor":10,"turns":4},{"damage":0,"enemies":"Small Slimes","floor":11,"turns":3},{"damage":5,"enemies":"Looter","floor":12,"turns":4},{"damage":6,"enemies":"Blue Slaver","floor":14,"turns":4},{"damage":41,"enemies":"Hexaghost","floor":16,"turns":9}],"seed_played":"-8889835929417736865","potions_obtained":[{"floor":1.0,"key":"Energy Potion"},{"floor":6,"key":"Poison Potion"},{"floor":14,"key":"SmokeBomb"}],"is_trial":false,"path_per_floor":["M","M","?","$","?","E","R","?","T","E","M","M","$","M","R","B"],"character_chosen":"IRONCLAD","items_purchased":[],"campfire_rested":0,"item_purchase_floors":[],"current_hp_per_floor":[74,75,80,80,80,80,80,54,54,31,37,38,38,38,38,0],"gold":72,"neow_bonus":"THREE_ENEMY_KILL","is_prod":false,"is_daily":false,"chose_seed":false,"campfire_upgraded":2,"win_rate":0,"timestamp":1550149155,"path_taken":["M","?","?","$","?","E","R","?","T","E","M","M","$","M","R","BOSS"],"build_version":"2019-01-23","purchased_purges":2,"victory":false,"max_hp_per_floor":[75,75,80,80,80,80,80,80,80,80,80,80,80,80,80,80],"card_choices":[{"not_picked":["Dropkick","Pommel Strike"],"picked":"Second Wind","floor":1.0},{"not_picked":["Twin Strike","Clash"],"picked":"Body Slam","floor":2.0},{"not_picked":["Anger","Pummel"],"picked":"Rampage","floor":6},{"not_picked":["Sever Soul","Rupture"],"picked":"Impervious","floor":10},{"not_picked":["Infernal Blade","Clash","Thunderclap"],"picked":"SKIP","floor":11},{"not_picked":["Rampage","Perfected Strike"],"picked":"Shrug It Off","floor":12},{"not_picked":["Bloodletting","Havoc","Pommel Strike"],"picked":"SKIP","floor":14}],"player_experience":897740,"relics_obtained":[{"floor":6,"key":"Turnip"},{"floor":9,"key":"Self Forming Clay"},{"floor":10,"key":"Ginger"}],"event_choices":[{"damage_healed":0,"gold_gain":0,"player_choice":"Donut","damage_taken":0,"max_hp_gain":5,"max_hp_loss":0,"event_name":"Big Fish","floor":3,"gold_loss":0},{"damage_healed":0,"gold_gain":0,"player_choice":"Ignored","damage_taken":0,"max_hp_gain":0,"max_hp_loss":0,"event_name":"Liars Game","floor":5,"gold_loss":0},{"damage_healed":0,"gold_gain":0,"player_choice":"Success","damage_taken":26,"relics_obtained":["Bag of Preparation"],"max_hp_gain":0,"max_hp_loss":0,"event_name":"Scrap Ooze","floor":8,"gold_loss":0}],"is_beta":false,"boss_relics":[],"items_purged_floors":[4,13],"is_endless":false,"potions_floor_spawned":[1,6,14],"killed_by":"Hexaghost","ascension_level":20}