{"gold_per_floor":[113,127,137,151,151,151,186,201,226,243,243,257,283,303,303,407,407,420,157,157,256,256,256,281,281,281,308,318,318,336,401,401,401],"floor_reached":33,"playtime":1016,"items_purged":[],"score":547,"play_id":"85452f15-3ea6-4cbb-bdea-ea1b62b2d4a9","local_time":"20180830084622","is_ascension_mode":true,"campfire_choices":[{"data":"Streamline","floor":6,"key":"SMITH"},{"floor":11,"key":"REST"},{"data":"Zap","floor":15,"key":"SMITH"},{"data":"Capacitor","floor":23,"key":"SMITH"},{"floor":25,"key":"REST"},{"data":"Loop","floor":29,"key":"SMITH"},{"floor":32,"key":"REST"}],"neow_cost":"","seed_source_timestamp":160684250443674,"circlet_count":0,"master_deck":["Strike_B","Strike_B","Strike_B","Strike_B","Defend_B","Defend_B","Defend_B","Defend_B","Zap+1","Dualcast","AscendersBane","Rip and Tear","White Noise","Streamline+1","Leap","Cold Snap","Undo","Ball Lightning","Conserve Battery","Electrodynamics","Conserve Battery","Capacitor+1","Glacier","Barrage+1","Loop+1","Ball Lightning","White Noise+1","Conserve Battery"],"relics":["Cracked Core","Mercury Hourglass","Bag of Marbles","Bronze Scales","Sozu","Blood Vial","Juzu Bracelet","Letter Opener","Pear","Tiny Chest"],"potions_floor_usage":[13,16,31,33],"damage_taken":[{"damage":1,"enemies":"Cultist","floor":1,"turns":3},{"damage":0,"enemies":"Small Slimes","floor":2,"turns":3},{"damage":2,"enemies":"Jaw Worm","floor":3,"turns":3},{"damage":12,"enemies":"Looter","floor":4,"turns":3},{"damage":30,"enemies":"Lagavulin","floor":7,"turns":4},{"damage":1,"enemies":"Gremlin Gang","floor":8,"turns":5},{"damage":11,"enemies":"Lots of Slimes","floor":10,"turns":3},{"damage":0,"enemies":"Looter","floor":12,"turns":3},{"damage":0,"enemies":"3 Sentries","floor":13,"turns":4},{"damage":0,"enemies":"3 Louse","floor":14,"turns":1},{"damage":11,"enemies":"The Guardian","floor":16,"turns":10},{"damage":10,"enemies":"2 Thieves","floor":18,"turns":3},{"damage":11,"enemies":"Gremlin Leader","floor":24,"turns":6},{"damage":25,"enemies":"Slavers","floor":27,"turns":3},{"damage":0,"enemies":"Chosen","floor":28,"turns":4},{"damage":16,"enemies":"Centurion and Healer","floor":30,"turns":5},{"damage":17,"enemies":"Book of Stabbing","floor":31,"turns":5},{"damage":61,"enemies":"Automaton","floor":33,"turns":6}],"seed_played":"-3653528070485038193","potions_obtained":[{"floor":1,"key":"LiquidBronze"},{"floor":2,"key":"Dexterity Potion"},{"floor":4,"key":"Fire Potion"},{"floor":13,"key":"Weak Potion"},{"floor":16,"key":"SpeedPotion"}],"is_trial":false,"path_per_floor":["M","M","M","M","?","R","E","M","T","M","R","M","E","M","R","B",null,"M","$","?","?","?","R","E","R","T","E","M","R","M","E","R"],"character_chosen":"DEFECT","items_purchased":["Capacitor","Glacier","Blood Vial"],"campfire_rested":3,"item_purchase_floors":[19,19,19],"current_hp_per_floor":[67,67,65,53,53,53,23,22,22,11,33,33,33,33,33,22,62,52,52,52,52,52,52,43,65,65,52,54,54,40,25,50,0],"gold":401,"neow_bonus":"","is_prod":false,"is_daily":false,"chose_seed":false,"campfire_upgraded":4,"win_rate":0,"timestamp":1535629582,"path_taken":["M","M","M","M","?","R","E","M","T","M","R","?","E","M","R","BOSS","M","$","?","?","?","R","E","R","T","E","M","R","M","E","R","BOSS"],"build_version":"2018-07-12","purchased_purges":0,"victory":false,"max_hp_per_floor":[75,75,75,75,75,75,75,75,75,75,75,75,75,75,75,75,75,75,75,75,75,75,75,75,75,75,85,85,85,85,85,85,85],"card_choices":[{"not_picked":["Barrage","Redo"],"picked":"Rip and Tear","floor":1},{"not_picked":["Auto Shields","Beam Cell"],"picked":"White Noise","floor":2},{"not_picked":["Sweeping Beam","White Noise","Steam Power"],"picked":"SKIP","floor":3},{"not_picked":["Loop","Gash","Recycle"],"picked":"SKIP","floor":4},{"not_picked":["Streamline","Go for the Eyes"],"picked":"Leap","floor":7},{"not_picked":["Storm","Steam"],"picked":"Cold Snap","floor":8},{"not_picked":["Gash","Reinforced Body"],"picked":"Undo","floor":10},{"not_picked":["Rip and Tear","Hologram"],"picked":"Ball Lightning","floor":12},{"not_picked":["Redo","Hyperbeam","Coolheaded"],"picked":"SKIP","floor":13},{"not_picked":["Stack","Static Discharge"],"picked":"Conserve Battery","floor":14},{"not_picked":["Thunder Strike","Fission"],"picked":"Electrodynamics","floor":16},{"not_picked":["Consume","Heatsinks"],"picked":"Conserve Battery","floor":18},{"not_picked":["Turbo","Aggregate"],"picked":"Barrage+1","floor":24},{"not_picked":["Scrape","Sweeping Beam"],"picked":"Loop","floor":27},{"not_picked":["Static Discharge","Sweeping Beam"],"picked":"Ball Lightning","floor":28},{"not_picked":["Hello World","Aggregate"],"picked":"White Noise+1","floor":30},{"not_picked":["Gash","FTL"],"picked":"Conserve Battery","floor":31}],"player_experience":752541,"relics_obtained":[{"floor":7,"key":"Mercury Hourglass"},{"floor":9,"key":"Bag of Marbles"},{"floor":13,"key":"Bronze Scales"},{"floor":24,"key":"Juzu Bracelet"},{"floor":26,"key":"Letter Opener"},{"floor":27,"key":"Pear"},{"floor":31,"key":"Tiny Chest"}],"event_choices":[{"event_name":"Match and Keep!","player_choice":"1 cards matched","floor":5,"damage_taken":0},{"event_name":"The Woman in Blue","player_choice":"Bought 0 Potions","floor":20,"damage_taken":0},{"event_name":"Nest","player_choice":"Stole From Cult","floor":21,"damage_taken":0},{"event_name":"N\u0027loth","player_choice":"Ignored","floor":22,"damage_taken":0}],"boss_relics":[{"not_picked":["Orrery","Snecko Eye"],"picked":"Sozu"}],"items_purged_floors":[],"is_endless":false,"potions_floor_spawned":[1,2,4,12,13,16,27,30],"killed_by":"Automaton","ascension_level":12}