{"gold_per_floor":[117,129,148,165,178,178,189,220,220,220,220,236,255,286,286,382,382,396,495,511,27,27,27,41,73,73,73,73,93,110,210,210,210],"floor_reached":33,"playtime":1297,"items_purged":["Strike_B"],"score":530,"play_id":"523fc2a5-0920-46e4-93f0-787a9cd6e56a","local_time":"20180829224609","is_ascension_mode":true,"campfire_choices":[{"data":"Barrage","floor":6.0,"key":"SMITH"},{"data":"Self Repair","floor":11.0,"key":"SMITH"},{"data":"Streamline","floor":15.0,"key":"SMITH"},{"data":"Hologram","floor":23,"key":"SMITH"},{"data":"Echo Form","floor":28,"key":"SMITH"},{"floor":32,"key":"REST"}],"neow_cost":"NONE","seed_source_timestamp":0,"circlet_count":0,"master_deck":["Strike_B+1","Strike_B","Strike_B","Defend_B","Defend_B","Defend_B","Defend_B","Zap+1","Dualcast","AscendersBane","Glacier","Streamline+1","Leap","Barrage+1","Self Repair+1","Go for the Eyes+1","Hologram+1","Conserve Battery","Echo Form+1","Chill","Ball Lightning+1","Auto Shields","Hologram+1"],"special_seed":0,"relics":["Cracked Core","Whetstone","Oddly Smooth Stone","Bottled Lightning","Velvet Choker","Bottled Tornado","Happy Flower","Art of War","Toxic Egg 2"],"potions_floor_usage":[25,25,25,25,33],"damage_taken":[{"damage":4.0,"enemies":"Small Slimes","floor":1.0,"turns":3.0},{"damage":6.0,"enemies":"Cultist","floor":2.0,"turns":3.0},{"damage":3.0,"enemies":"2 Louse","floor":3.0,"turns":3.0},{"damage":0.0,"enemies":"2 Fungi Beasts","floor":4.0,"turns":4.0},{"damage":6.0,"enemies":"Looter","floor":5.0,"turns":4.0},{"damage":7.0,"enemies":"Lots of Slimes","floor":7.0,"turns":6.0},{"damage":24.0,"enemies":"Lagavulin","floor":8.0,"turns":7.0},{"damage":0.0,"enemies":"Red Slaver","floor":12.0,"turns":4.0},{"damage":0.0,"enemies":"Large Slime","floor":13.0,"turns":4.0},{"damage":16.0,"enemies":"Gremlin Nob","floor":14.0,"turns":4.0},{"damage":0.0,"enemies":"The Guardian","floor":16.0,"turns":14.0},{"damage":13,"enemies":"Spheric Guardian","floor":18,"turns":4},{"damage":2,"enemies":"Chosen","floor":20,"turns":4},{"damage":30,"enemies":"Snake Plant","floor":24,"turns":5},{"damage":10,"enemies":"Book of Stabbing","floor":25,"turns":4},{"damage":4,"enemies":"Chosen and Byrds","floor":29,"turns":6},{"damage":44,"enemies":"Cultist and Chosen","floor":30,"turns":7},{"damage":70,"enemies":"Champ","floor":33,"turns":10}],"seed_played":"186732702613625968","potions_obtained":[{"floor":1.0,"key":"FairyPotion"},{"floor":2.0,"key":"SpeedPotion"},{"floor":7.0,"key":"SteroidPotion"},{"floor":10.0,"key":"EntropicBrew"},{"floor":18,"key":"FocusPotion"}],"is_trial":false,"path_per_floor":["M","M","M","M","M","R","M","E","T","?","R","M","M","E","R","B",null,"M","?","M","$","?","R","M","E","T","?","R","M","M","?","R"],"character_chosen":"DEFECT","items_purchased":["Bottled Tornado","Happy Flower"],"campfire_rested":1,"item_purchase_floors":[21,21],"current_hp_per_floor":[64,58,55,55,49,49,49,32,32,32,32,42,52,46,46,56,70,67,67,75,75,75,75,65,65,65,65,65,71,47,47,69,0],"gold":210,"neow_bonus":"UPGRADE_CARD","is_prod":false,"is_daily":false,"chose_seed":false,"campfire_upgraded":5,"win_rate":0,"timestamp":1535593569,"path_taken":["M","M","M","M","M","R","M","E","T","?","R","?","M","E","R","BOSS","M","?","?","$","?","R","M","E","T","?","R","?","M","?","R","BOSS"],"build_version":"2018-07-12","purchased_purges":1,"victory":false,"max_hp_per_floor":[75,75,75,75,75,75,75,75,75,75,75,75,75,75,75,75,75,75,75,75,75,75,75,75,75,75,75,75,75,75,75,75,75],"card_choices":[{"not_picked":["Heatsinks","Redo"],"picked":"Glacier","floor":1.0},{"not_picked":["Leap","Rip and Tear"],"picked":"Streamline","floor":2.0},{"not_picked":["Fusion","Lockon"],"picked":"Leap","floor":3.0},{"not_picked":["Stack","Sweeping Beam"],"picked":"Barrage","floor":4.0},{"not_picked":["Barrage","Go for the Eyes"],"picked":"Self Repair","floor":5.0},{"not_picked":["Recycle","Turbo"],"picked":"Go for the Eyes","floor":7.0},{"not_picked":["Thunder Strike","Gash"],"picked":"Hologram","floor":8.0},{"not_picked":["Lockon","Compile Driver"],"picked":"Conserve Battery","floor":12.0},{"not_picked":["Reprogram","Turbo","Stack"],"picked":"SKIP","floor":13.0},{"not_picked":["Redo","Go for the Eyes","Tempest"],"picked":"SKIP","floor":14.0},{"not_picked":["Creative AI","Amplify"],"picked":"Echo Form","floor":16.0},{"not_picked":["Blizzard","Redo"],"picked":"Chill","floor":18},{"not_picked":["Redo","Beam Cell"],"picked":"Ball Lightning+1","floor":20},{"not_picked":["Redo","Sunder","Leap"],"picked":"SKIP","floor":24},{"not_picked":["Beam Cell","Go for the Eyes"],"picked":"Auto Shields","floor":25},{"not_picked":["Fusion+1","Streamline","Ball Lightning"],"picked":"SKIP","floor":29},{"not_picked":["Go for the Eyes","Rebound+1"],"picked":"Hologram+1","floor":30}],"player_experience":743820,"relics_obtained":[{"floor":8.0,"key":"Whetstone"},{"floor":9.0,"key":"Oddly Smooth Stone"},{"floor":14.0,"key":"Bottled Lightning"},{"floor":25,"key":"Art of War"},{"floor":26,"key":"Toxic Egg 2"}],"event_choices":[{"event_name":"The Lab","player_choice":"Got Potions","floor":10.0,"damage_taken":0.0},{"event_name":"Nest","player_choice":"Stole From Cult","floor":19,"damage_taken":0},{"event_name":"The Mausoleum","player_choice":"No","floor":22,"damage_taken":0},{"event_name":"Beggar","player_choice":"Ignored","floor":27,"damage_taken":0},{"event_name":"Golden Shrine","player_choice":"Pray","floor":31,"damage_taken":0}],"boss_relics":[{"not_picked":["Fusion Hammer","Lizard Tail"],"picked":"Velvet Choker"}],"items_purged_floors":[21],"is_endless":false,"potions_floor_spawned":[1,2,5,7,12,18,30],"killed_by":"Champ","ascension_level":12}