{"path_per_floor":["M","M","M","?","?","E","M","M","T","M","R","M","R","M","R","B",null,"M","?","$","?","M","E","R","$","T","E","M","M","M","E","R"],"character_chosen":"IRONCLAD","items_purchased":["Apotheosis"],"gold_per_floor":[116,131,141,141,141,171,189,205,205,215,215,232,232,244,244,348,348,360,360,285,285,304,331,331,48,121,156,167,180,200,231,231,231],"floor_reached":33,"campfire_rested":0,"playtime":1046,"current_hp_per_floor":[77,75,80,80,77,77,76,72,72,67,67,72,72,73,73,18,88,90,90,90,74,76,65,65,65,65,55,59,54,54,40,40,0],"items_purged":["Defend_R","Defend_R"],"gold":231,"score":362,"play_id":"f6735b0b-b1a8-4133-b8c6-554e9571cdf9","local_time":"20180403164833","is_prod":false,"is_daily":false,"is_ascension_mode":false,"campfire_upgraded":5,"timestamp":1522792113,"path_taken":["M","M","M","?","?","E","M","M","T","M","R","M","R","M","R","BOSS","M","?","$","?","M","E","R","$","T","E","M","?","M","E","R","BOSS"],"build_version":"2018-04-02","purchased_purges":2,"victory":false,"master_deck":["Strike_R","Strike_R","Strike_R","Strike_R","Strike_R+1","Bash+1","Dropkick+1","Flex+1","Flex+1","Seeing Red","Offering+1","Flex","Flex","Clash","Apotheosis+1","Limit Break","Flex"],"max_hp_per_floor":[80,80,80,80,80,82,82,82,82,84,84,86,86,88,88,88,88,90,90,90,90,90,90,90,90,90,90,92,94,94,96,96,96],"relics":["Burning Blood","Singing Bowl","Whetstone","Bag of Preparation","Black Star","Enchiridion","Art of War","Orichalcum","Mummified Hand","Omamori","Anchor","Vajra","Bronze Scales"],"card_choices":[{"not_picked":["Wild Strike","Clothesline"],"picked":"Dropkick","floor":2},{"not_picked":["Anger","Headbutt"],"picked":"Flex","floor":3},{"not_picked":["Reckless Charge","Burning Pact"],"picked":"Flex","floor":7},{"not_picked":["Uppercut","Spot Weakness"],"picked":"Seeing Red","floor":8},{"not_picked":["Immolate","Barricade"],"picked":"Offering","floor":16},{"not_picked":["Headbutt","Sever Soul"],"picked":"Flex","floor":22},{"not_picked":["Sword Boomerang","Impervious"],"picked":"Clash","floor":23},{"not_picked":["Iron Wave","Perfected Strike"],"picked":"Limit Break","floor":27},{"not_picked":["Cleave","Heavy Blade"],"picked":"Flex","floor":30}],"player_experience":161741,"potions_floor_usage":[10,27,33],"damage_taken":[{"damage":9,"enemies":"2 Louse","floor":1,"turns":3},{"damage":8,"enemies":"Jaw Worm","floor":2,"turns":4},{"damage":0,"enemies":"Small Slimes","floor":3,"turns":4},{"damage":8,"enemies":"Gremlin Nob","floor":6,"turns":3},{"damage":7,"enemies":"Blue Slaver","floor":7,"turns":2},{"damage":10,"enemies":"Looter","floor":8,"turns":2},{"damage":13,"enemies":"Lots of Slimes","floor":10,"turns":3},{"damage":3,"enemies":"Large Slime","floor":12,"turns":4},{"damage":7,"enemies":"Blue Slaver","floor":14,"turns":2},{"damage":61,"enemies":"Hexaghost","floor":16,"turns":6},{"damage":4,"enemies":"Shell Parasite","floor":18,"turns":1},{"damage":4,"enemies":"Spheric Guardian","floor":22,"turns":2},{"damage":17,"enemies":"Gremlin Leader","floor":23,"turns":4},{"damage":19,"enemies":"Book of Stabbing","floor":27,"turns":2},{"damage":4,"enemies":"Snake Plant","floor":28,"turns":1},{"damage":13,"enemies":"Snecko","floor":29,"turns":3},{"damage":6,"enemies":"Centurion and Healer","floor":30,"turns":3},{"damage":22,"enemies":"Slavers","floor":31,"turns":3},{"damage":52,"enemies":"Champ","floor":33,"turns":4}],"event_choices":[{"event_name":"Living Wall","player_choice":"Forget","floor":4,"damage_taken":0},{"event_name":"Scrap Ooze","player_choice":"success","floor":5,"damage_taken":3},{"event_name":"The Library","player_choice":"Read","floor":19,"damage_taken":0},{"event_name":"Cursed Tome","player_choice":"Obtained Book","floor":21,"damage_taken":0}],"boss_relics":[{"not_picked":["Tiny House","Astrolabe"],"picked":"Black Star"}],"potions_floor_spawned":[1,7,8,10,23,27,29,31],"seed_played":"-2062995696973587495","killed_by":"Champ","ascension_level":0,"is_trial":false}