{"path_per_floor":["M","$","M","M","$","R","E","M","T","R","$","?","R","?","R","B",null,"M","?","?","M","M","R","E","R","T","R","M","M","M","?","R","B",null,"M","?","T","?","M","R","M","R","T","R","M","$","E","M","R"],"character_chosen":"IRONCLAD","items_purchased":["Red Skull","Pantograph","Armaments","Seeing Red"],"gold_per_floor":[109,34,46,56,56,56,382,392,462,462,66,66,66,16,16,114,114,129,129,129,141,155,155,189,189,189,189,208,227,237,137,137,239,239,254,306,306,306,323,323,342,342,394,394,407,41,71,81,81],"floor_reached":50,"campfire_rested":3,"playtime":1631,"current_hp_per_floor":[80,80,80,80,80,80,55,55,55,55,55,55,55,55,55,14,80,68,68,68,74,77,77,63,63,63,63,44,29,31,31,55,43,80,66,26,26,26,26,51,33,33,33,58,38,38,20,28,28],"items_purged":["Defend_R","Defend_R"],"gold":81,"score":516,"play_id":"cf1311c1-7c6d-47db-8615-6c72142a1a23","local_time":"20180310020303","is_prod":false,"is_daily":false,"is_ascension_mode":false,"campfire_upgraded":9,"timestamp":1520668983,"path_taken":["M","$","?","M","$","R","E","M","T","R","?","?","R","?","R","BOSS","M","?","?","M","M","R","E","R","T","R","M","?","M","?","R","BOSS","M","?","?","?","?","R","M","R","T","R","M","?","E","M","R","BOSS"],"build_version":"2018-03-08-BETA","purchased_purges":3,"victory":false,"master_deck":["Strike_R","Strike_R+1","Strike_R","Strike_R+1","Strike_R","Defend_R","Defend_R","Bash+1","Perfected Strike+1","Twin Strike+1","Pommel Strike+1","Double Tap","Perfected Strike+1","Bloodletting+1","Perfected Strike+1","Perfected Strike+1","Twin Strike","Perfected Strike+1","Dropkick+1","Perfected Strike","Pommel Strike","Dropkick","J.A.X.","Berserk+1","Perfected Strike+1","Perfected Strike","Twin Strike","Armaments+1","Seeing Red","Seeing Red"],"max_hp_per_floor":[80,80,80,80,80,80,80,80,80,80,80,80,80,80,80,80,80,80,80,80,80,80,80,80,80,80,80,80,80,80,80,80,80,80,80,82,82,82,84,84,84,84,84,84,84,84,84,86,86],"relics":["Burning Blood","Old Coin","Ornamental Fan","Red Skull","Frozen Egg 2","Orrery","Singing Bowl","Omamori","Ginger","Mark of Pain","Du-Vu Doll","Unceasing Top","Whetstone","Pantograph","Bottled Tornado"],"card_choices":[{"not_picked":["Wild Strike","Hemokinesis"],"picked":"Perfected Strike"},{"not_picked":["Shrug It Off","Feed"],"picked":"Twin Strike"},{"not_picked":["Metallicize","Wild Strike"],"picked":"Pommel Strike"},{"not_picked":["Reaper","Fiend Fire"],"picked":"Double Tap"},{"not_picked":["Clash","Evolve"],"picked":"Perfected Strike"},{"not_picked":["Body Slam","Rupture"],"picked":"Bloodletting"},{"not_picked":["Immolate","Dual Wield"],"picked":"Perfected Strike"},{"not_picked":["Berserk","Inflame"],"picked":"Twin Strike"},{"not_picked":["Shockwave","Disarm"],"picked":"Perfected Strike"},{"not_picked":["Impervious","Spot Weakness"],"picked":"Dropkick"},{"not_picked":["Disarm","Wild Strike"],"picked":"Perfected Strike"},{"not_picked":["Uppercut","Inflame"],"picked":"Pommel Strike"},{"not_picked":["Intimidate","Disarm"],"picked":"Dropkick"},{"not_picked":["Limit Break","Feed"],"picked":"Berserk"},{"not_picked":["Iron Wave","Searing Blow"],"picked":"Perfected Strike"},{"not_picked":["Havoc","Flex"],"picked":"Perfected Strike"},{"not_picked":["Burning Pact","Impervious"],"picked":"Twin Strike"},{"not_picked":["Spot Weakness","Havoc"],"picked":"Seeing Red"}],"player_experience":143995,"potions_floor_usage":[16,24,28,39,50,50,50],"damage_taken":[{"damage":0,"enemies":"Cultist","floor":1,"turns":2},{"damage":5,"enemies":"2 Louse","floor":3,"turns":2},{"damage":5,"enemies":"Small Slimes","floor":4,"turns":2},{"damage":31,"enemies":"Lagavulin","floor":7,"turns":6},{"damage":6,"enemies":"Gremlin Gang","floor":8,"turns":5},{"damage":47,"enemies":"The Guardian","floor":16,"turns":7},{"damage":18,"enemies":"3 Byrds","floor":18,"turns":6},{"damage":0,"enemies":"Chosen","floor":21,"turns":2},{"damage":3,"enemies":"Snecko","floor":22,"turns":3},{"damage":20,"enemies":"Slavers","floor":24,"turns":3},{"damage":25,"enemies":"Snake Plant","floor":28,"turns":3},{"damage":21,"enemies":"3 Cultists","floor":29,"turns":4},{"damage":4,"enemies":"Chosen and Byrds","floor":30,"turns":3},{"damage":18,"enemies":"Champ","floor":33,"turns":5},{"damage":20,"enemies":"3 Shapes","floor":35,"turns":4},{"damage":48,"enemies":"Mysterious Sphere","floor":36,"turns":3},{"damage":8,"enemies":"3 Darklings","floor":39,"turns":4},{"damage":24,"enemies":"Sphere and 2 Shapes","floor":41,"turns":3},{"damage":26,"enemies":"Spire Growth","floor":45,"turns":3},{"damage":24,"enemies":"2 Orb Walkers","floor":47,"turns":3},{"damage":0,"enemies":"3 Darklings","floor":48,"turns":2},{"damage":61,"enemies":"Donu and Deca","floor":50,"turns":3}],"event_choices":[{"event_name":"Accursed Blacksmith","player_choice":"Rummage","floor":12,"damage_taken":0},{"event_name":"The Cleric","player_choice":"Card Removal","floor":14,"damage_taken":0},{"event_name":"The Mausoleum","player_choice":"Yes","floor":19,"damage_taken":0},{"event_name":"The Library","player_choice":"Read","floor":20,"damage_taken":0},{"event_name":"Drug Dealer","player_choice":"Got JAXXED","floor":31,"damage_taken":0},{"event_name":"Mysterious Sphere","player_choice":"Fight","floor":36,"damage_taken":0},{"event_name":"Tomb of Lord Red Mask","player_choice":"Ignored","floor":38,"damage_taken":0}],"boss_relics":[{"not_picked":["Eternal Feather","White Beast Statue"],"picked":"Orrery"},{"not_picked":["Lizard Tail","Cursed Key"],"picked":"Mark of Pain"}],"potions_floor_spawned":[8,16,18,22,28,35,45,47],"seed_played":"1473748982591952415","killed_by":"Donu and Deca","ascension_level":0,"is_trial":false}