{"gold_per_floor":[19,39,50,69,10,42,42,58,58,58,18,18,43,43,43,117,117,130,230,230,47,47,47,47,59,83,23,40,40,74,86,86,86],"floor_reached":33,"playtime":1580,"items_purged":["Strike_R"],"score":546,"play_id":"ec305b74-31c7-4367-9021-2c5b18169e92","local_time":"20190212002146","is_ascension_mode":true,"campfire_choices":[{"data":"Disarm","floor":7.0,"key":"SMITH"},{"data":"Immolate","floor":12.0,"key":"SMITH"},{"data":"Heavy Blade","floor":15.0,"key":"SMITH"},{"floor":23.0,"key":"REST"},{"data":"True Grit","floor":29.0,"key":"SMITH"},{"data":"Creative AI","floor":32,"key":"SMITH"}],"neow_cost":"NO_GOLD","seed_source_timestamp":0,"circlet_count":0,"master_deck":["AscendersBane","Strike_R","Strike_R","Defend_R","Defend_R","Defend_R","Defend_R","Bash","Metallicize","Spot Weakness","Shrug It Off","Cleave","Disarm+1","Immolate+1","Heavy Blade+1","True Grit+1","Evolve","Burning Pact","Backflip","Creative AI+1","Streamline+1"],"special_seed":0,"relics":["Burning Blood","PreservedInsect","Singing Bowl","The Courier","Runic Dome","Shovel","Meat on the Bone","PrismaticShard","Shuriken","Self Forming Clay"],"potions_floor_usage":[33],"damage_taken":[{"damage":2.0,"enemies":"Cultist","floor":1.0,"turns":4.0},{"damage":0.0,"enemies":"Small Slimes","floor":2.0,"turns":5.0},{"damage":0.0,"enemies":"2 Louse","floor":3.0,"turns":4.0},{"damage":11.0,"enemies":"2 Fungi Beasts","floor":4.0,"turns":6.0},{"damage":20.0,"enemies":"3 Sentries","floor":6.0,"turns":11.0},{"damage":11.0,"enemies":"3 Louse","floor":8.0,"turns":5.0},{"damage":4.0,"enemies":"Looter","floor":11.0,"turns":4.0},{"damage":10.0,"enemies":"Lagavulin","floor":13.0,"turns":7.0},{"damage":17.0,"enemies":"The Guardian","floor":16.0,"turns":15.0},{"damage":20.0,"enemies":"Spheric Guardian","floor":18.0,"turns":5.0},{"damage":29.0,"enemies":"Colosseum Slavers","floor":19.0,"turns":4.0},{"damage":14.0,"enemies":"Colosseum Nobs","floor":19.0,"turns":4.0},{"damage":12.0,"enemies":"3 Byrds","floor":25.0,"turns":6.0},{"damage":26.0,"enemies":"Centurion and Healer","floor":28.0,"turns":5.0},{"damage":13.0,"enemies":"Gremlin Leader","floor":30.0,"turns":5.0},{"damage":18.0,"enemies":"Snake Plant","floor":31.0,"turns":7.0},{"damage":64,"enemies":"Automaton","floor":33,"turns":6}],"seed_played":"955838384672436785","potions_obtained":[{"floor":3.0,"key":"PowerPotion"},{"floor":8.0,"key":"Block Potion"},{"floor":13.0,"key":"BloodPotion"},{"floor":18.0,"key":"Fire Potion"},{"floor":25.0,"key":"Fire Potion"},{"floor":28.0,"key":"FearPotion"},{"floor":31.0,"key":"SmokeBomb"}],"is_trial":false,"path_per_floor":["M","M","M","M","$","E","R","M","T","?","M","R","E","?","R","B",null,"M","?","?","$","?","R","T","M","T","$","M","R","E","M","R","B"],"character_chosen":"IRONCLAD","items_purchased":["Cleave","PrismaticShard"],"campfire_rested":1,"item_purchase_floors":[5,21],"current_hp_per_floor":[72,75,75,70,70,56,56,51,51,51,53,53,49,49,49,40,68,54,30,30,30,8,32,32,38,38,38,30,30,35,35,35,0],"gold":86,"neow_bonus":"REMOVE_TWO","is_prod":false,"is_daily":false,"chose_seed":false,"campfire_upgraded":5,"win_rate":0,"timestamp":1549902106,"path_taken":["M","?","M","M","$","E","R","M","T","?","M","R","E","?","R","BOSS","M","?","?","$","?","R","?","M","T","$","M","R","E","M","R","BOSS"],"build_version":"2019-01-23","purchased_purges":1,"victory":false,"max_hp_per_floor":[75,75,75,75,75,75,75,75,75,75,75,75,75,75,75,77,77,77,77,77,77,82,82,82,82,82,82,82,82,82,82,82,82],"card_choices":[{"not_picked":["Armaments","Anger","Headbutt"],"picked":"SKIP","floor":1.0},{"not_picked":["Iron Wave","Flex"],"picked":"Metallicize","floor":2.0},{"not_picked":["Heavy Blade","Berserk"],"picked":"Spot Weakness","floor":3.0},{"not_picked":["Iron Wave","Warcry"],"picked":"Shrug It Off","floor":4.0},{"not_picked":["Reckless Charge","Flex"],"picked":"Disarm","floor":6.0},{"not_picked":["Fire Breathing","Clash","Rage"],"picked":"SKIP","floor":8.0},{"not_picked":["Fire Breathing","Clash","Rage"],"picked":"SKIP","floor":8.0},{"not_picked":["Carnage","Heavy Blade"],"picked":"Immolate","floor":11.0},{"not_picked":["Armaments","Shrug It Off"],"picked":"Heavy Blade","floor":13.0},{"not_picked":["Feed","Demon Form","Brutality"],"picked":"Singing Bowl","floor":16.0},{"not_picked":["Armaments","Disarm"],"picked":"True Grit","floor":18.0},{"not_picked":["Uppercut","Warcry"],"picked":"Evolve","floor":19.0},{"not_picked":["Dagger Throw+1","Shrug It Off+1"],"picked":"Burning Pact","floor":25.0},{"not_picked":["Dodge and Roll","Compile Driver"],"picked":"Backflip","floor":28.0},{"not_picked":["Evolve","BootSequence"],"picked":"Creative AI","floor":30.0},{"not_picked":["Quick Slash","Dagger Spray"],"picked":"Streamline+1","floor":31.0}],"player_experience":879866,"relics_obtained":[{"floor":6.0,"key":"PreservedInsect"},{"floor":9.0,"key":"Singing Bowl"},{"floor":13.0,"key":"The Courier"},{"floor":19.0,"key":"Shovel"},{"floor":19.0,"key":"Meat on the Bone"},{"floor":24.0,"key":"Shuriken"},{"floor":30.0,"key":"Self Forming Clay"}],"event_choices":[{"damage_healed":0.0,"max_hp_gain":0.0,"max_hp_loss":0.0,"gold_gain":0.0,"event_name":"Scrap Ooze","player_choice":"Fled","floor":10.0,"gold_loss":0.0,"damage_taken":0.0},{"damage_healed":0.0,"max_hp_gain":0.0,"max_hp_loss":0.0,"gold_gain":0.0,"event_name":"The Cleric","player_choice":"Leave","floor":14.0,"gold_loss":0.0,"damage_taken":0.0},{"damage_healed":0.0,"max_hp_gain":0.0,"max_hp_loss":0.0,"gold_gain":0.0,"event_name":"Colosseum","player_choice":"Fight","floor":19.0,"gold_loss":0.0,"damage_taken":0.0},{"damage_healed":0.0,"max_hp_gain":0.0,"max_hp_loss":0.0,"gold_gain":0.0,"event_name":"Colosseum","player_choice":"Fought Nobs","floor":19.0,"gold_loss":0.0,"damage_taken":0.0},{"damage_healed":0.0,"max_hp_gain":0.0,"max_hp_loss":0.0,"gold_gain":0.0,"event_name":"Vampires","player_choice":"Ignored","floor":20.0,"gold_loss":0.0,"damage_taken":0.0},{"damage_healed":0.0,"max_hp_gain":5.0,"max_hp_loss":0.0,"gold_gain":0.0,"event_name":"Forgotten Altar","player_choice":"Shed Blood","floor":22.0,"gold_loss":0.0,"damage_taken":27.0}],"is_beta":false,"boss_relics":[{"not_picked":["Busted Crown","Calling Bell"],"picked":"Runic Dome"}],"items_purged_floors":[27],"is_endless":false,"potions_floor_spawned":[3,8,13,18,25,28,31],"killed_by":"Automaton","ascension_level":20}