{"gold_per_floor":[113,38,38,58,74,74,33,50,50,65,65,93,93,105,105,179,179,195,195,112,162,62,62,0,0,0,19,35,35,48,48,48,125,125,145,158,175,275,289,289,316,316,343,343],"floor_reached":44,"playtime":2360,"items_purged":["Strike_R","Strike_R"],"score":1026,"play_id":"e7f24449-352f-460a-8f8f-4c5bee7cdb9d","local_time":"20190224213900","is_ascension_mode":true,"campfire_choices":[{"data":"Entrench","floor":6.0,"key":"SMITH"},{"data":"Evolve","floor":11.0,"key":"SMITH"},{"data":"Havoc","floor":15.0,"key":"SMITH"},{"data":"Burning Pact","floor":23.0,"key":"SMITH"},{"data":"Shrug It Off","floor":25.0,"key":"SMITH"},{"data":"Intimidate","floor":32.0,"key":"SMITH"},{"data":"Defend_R","floor":40.0,"key":"SMITH"},{"data":"Defend_R","floor":42.0,"key":"SMITH"}],"neow_cost":"NONE","seed_source_timestamp":0,"circlet_count":0,"master_deck":["AscendersBane","Strike_R","Defend_R","Defend_R","Defend_R+1","Defend_R+1","Bash+1","Entrench+1","Intimidate+1","Evolve+1","Second Wind+1","Havoc+1","Barricade+1","Burning Pact+1","Shrug It Off+1","Juggernaut+1","Fire Breathing+1","Fiend Fire","Normality"],"special_seed":0,"relics":["Burning Blood","Red Skull","Meat on the Bone","Sundial","Frozen Egg 2","Cursed Key","Runic Pyramid","Pocketwatch","Vajra"],"potions_floor_usage":[],"damage_taken":[{"damage":1.0,"enemies":"Cultist","floor":1.0,"turns":3.0},{"damage":6.0,"enemies":"2 Louse","floor":4.0,"turns":4.0},{"damage":2.0,"enemies":"Small Slimes","floor":5.0,"turns":6.0},{"damage":17.0,"enemies":"3 Louse","floor":8.0,"turns":8.0},{"damage":15.0,"enemies":"2 Fungi Beasts","floor":10.0,"turns":6.0},{"damage":20.0,"enemies":"3 Sentries","floor":12.0,"turns":13.0},{"damage":6.0,"enemies":"Looter","floor":14.0,"turns":5.0},{"damage":48.0,"enemies":"Slime Boss","floor":16.0,"turns":15.0},{"damage":21.0,"enemies":"Chosen","floor":18.0,"turns":7.0},{"damage":14.0,"enemies":"2 Thieves","floor":24.0,"turns":5.0},{"damage":4.0,"enemies":"Centurion and Healer","floor":27.0,"turns":13.0},{"damage":0.0,"enemies":"Cultist and Chosen","floor":28.0,"turns":9.0},{"damage":26.0,"enemies":"Shelled Parasite and Fungi","floor":30.0,"turns":8.0},{"damage":0.0,"enemies":"Champ","floor":33.0,"turns":17.0},{"damage":0.0,"enemies":"3 Darklings","floor":35.0,"turns":11.0},{"damage":0.0,"enemies":"3 Shapes","floor":36.0,"turns":10.0},{"damage":0.0,"enemies":"Maw","floor":37.0,"turns":13.0},{"damage":0.0,"enemies":"Mind Bloom Boss Battle","floor":38.0,"turns":10.0},{"damage":26.0,"enemies":"Jaw Worm Horde","floor":39.0,"turns":10.0},{"damage":0.0,"enemies":"Giant Head","floor":41.0,"turns":14.0},{"damage":42,"enemies":"Reptomancer","floor":44,"turns":3}],"seed_played":"-4826096414499089845","potions_obtained":[{"floor":5.0,"key":"Dexterity Potion"},{"floor":8.0,"key":"SpeedPotion"},{"floor":10.0,"key":"Weak Potion"},{"floor":16.0,"key":"Block Potion"},{"floor":30.0,"key":"SteroidPotion"},{"floor":36.0,"key":"Ancient Potion"}],"is_trial":false,"path_per_floor":["M","$","?","M","M","R","$","M","T","M","R","E","T","M","R","B",null,"M","?","$","?","$","R","M","R","T","M","M","T","M","?","R","B",null,"M","M","M","?","M","R","E","R","T","E"],"character_chosen":"IRONCLAD","items_purchased":["Evolve","Burning Pact"],"campfire_rested":0,"item_purchase_floors":[7,20],"current_hp_per_floor":[73,73,73,73,75,75,75,64,64,55,55,53,53,53,53,23,62,47,47,47,40,40,40,44,44,44,46,52,52,44,44,44,50,69,75,75,75,75,55,55,61,61,61,19],"gold":343,"neow_bonus":"RANDOM_COMMON_RELIC","is_prod":false,"is_daily":false,"chose_seed":false,"campfire_upgraded":8,"win_rate":0,"timestamp":1551015540,"path_taken":["M","$","?","?","M","R","$","M","T","M","R","E","?","M","R","BOSS","M","?","?","?","$","R","M","R","T","?","M","?","M","?","R","BOSS","M","M","M","?","M","R","E","R","T","E"],"build_version":"2019-01-23","purchased_purges":2,"victory":false,"max_hp_per_floor":[75,75,75,75,75,75,75,75,75,75,75,75,75,75,75,75,75,75,75,75,75,75,75,75,75,75,75,75,75,75,75,75,75,75,75,75,75,75,75,75,75,75,75,75],"card_choices":[{"not_picked":["Wild Strike","Pommel Strike","Thunderclap"],"picked":"SKIP","floor":1.0},{"not_picked":["Seeing Red","Twin Strike"],"picked":"Entrench","floor":4.0},{"not_picked":["Intimidate","Flex","Sentinel"],"picked":"SKIP","floor":5.0},{"not_picked":["Flex","Sentinel"],"picked":"Intimidate","floor":5.0},{"not_picked":["Armaments","Clash","Clothesline"],"picked":"SKIP","floor":8.0},{"not_picked":["Hemokinesis","Thunderclap"],"picked":"Second Wind","floor":10.0},{"not_picked":["Exhume","Perfected Strike"],"picked":"Havoc","floor":12.0},{"not_picked":["Thunderclap","Armaments","Wild Strike"],"picked":"SKIP","floor":14.0},{"not_picked":["Thunderclap","Armaments","Wild Strike"],"picked":"SKIP","floor":14.0},{"not_picked":["Limit Break","Demon Form+1"],"picked":"Barricade+1","floor":16.0},{"not_picked":["Anger","Whirlwind","Twin Strike"],"picked":"SKIP","floor":18.0},{"not_picked":["Sentinel","Fire Breathing+1"],"picked":"Shrug It Off","floor":24.0},{"not_picked":["Thunderclap","Disarm+1","Bloodletting"],"picked":"SKIP","floor":27.0},{"not_picked":["Flame Barrier","Shrug It Off","Armaments"],"picked":"SKIP","floor":28.0},{"not_picked":["Fire Breathing+1","Sentinel","Twin Strike"],"picked":"SKIP","floor":30.0},{"not_picked":["Limit Break","Impervious"],"picked":"Fiend Fire","floor":33.0},{"not_picked":["Clash","Perfected Strike","Sword Boomerang"],"picked":"SKIP","floor":35.0},{"not_picked":["Evolve+1","Warcry+1","Anger+1"],"picked":"SKIP","floor":36.0},{"not_picked":["True Grit+1","Heavy Blade","Sword Boomerang"],"picked":"SKIP","floor":37.0},{"not_picked":["Flex","Whirlwind","Sword Boomerang"],"picked":"SKIP","floor":39.0},{"not_picked":["True Grit","Pummel","Warcry"],"picked":"SKIP","floor":41.0}],"player_experience":1042336,"relics_obtained":[{"floor":9.0,"key":"Meat on the Bone"},{"floor":12.0,"key":"Sundial"},{"floor":13.0,"key":"Frozen Egg 2"},{"floor":38.0,"key":"Pocketwatch"},{"floor":41.0,"key":"Vajra"}],"event_choices":[{"damage_healed":0.0,"max_hp_gain":0.0,"max_hp_loss":0.0,"gold_gain":0.0,"event_name":"Accursed Blacksmith","player_choice":"Forge","floor":3.0,"gold_loss":0.0,"damage_taken":0.0,"cards_upgraded":["Bash"]},{"damage_healed":0.0,"max_hp_gain":0.0,"max_hp_loss":0.0,"gold_gain":0.0,"event_name":"Upgrade Shrine","player_choice":"Upgraded","floor":19.0,"gold_loss":0.0,"damage_taken":0.0,"cards_upgraded":["Second Wind"]},{"damage_healed":0.0,"max_hp_gain":0.0,"max_hp_loss":0.0,"gold_gain":50.0,"event_name":"FaceTrader","player_choice":"Touch","floor":21.0,"gold_loss":0.0,"damage_taken":7.0},{"damage_healed":0.0,"max_hp_gain":0.0,"max_hp_loss":0.0,"gold_gain":0.0,"cards_transformed":["Strike_R","Strike_R"],"event_name":"Drug Dealer","player_choice":"Became Test Subject","floor":31.0,"gold_loss":0.0,"damage_taken":0.0,"cards_obtained":["Juggernaut","Fire Breathing"]},{"damage_healed":0.0,"max_hp_gain":0.0,"max_hp_loss":0.0,"gold_gain":0.0,"event_name":"MindBloom","player_choice":"Fight","floor":38.0,"gold_loss":0.0,"damage_taken":0.0}],"is_beta":false,"boss_relics":[{"not_picked":["Black Blood","Busted Crown"],"picked":"Cursed Key"},{"not_picked":["Runic Cube","Black Star"],"picked":"Runic Pyramid"}],"items_purged_floors":[2,22],"is_endless":false,"potions_floor_spawned":[5,8,10,14,16,30,36,38,39],"killed_by":"Reptomancer","ascension_level":20}