{"gold_per_floor":[113,38,113,132,132,132,164,181,262,262,280,13,13,27,27,104,404,421,127,127,127,177,177,194,229,254,78,178,193,223,243,243,320,320,339,356,375,32,32,59,78,111,111,91,108,140,191,191,191,191,191,191,191,22,53,53],"floor_reached":57,"playtime":4364,"items_purged":["Strike_R","Strike_R"],"score":3416,"play_id":"7a237e12-1750-458e-b239-1b22260eae57","local_time":"20190324162419","is_ascension_mode":true,"campfire_choices":[{"data":"Fiend Fire","floor":6.0,"key":"SMITH"},{"data":"Evolve","floor":10.0,"key":"SMITH"},{"data":"Battle Trance","floor":13.0,"key":"SMITH"},{"data":"Warcry","floor":15.0,"key":"SMITH"},{"data":"Barricade","floor":23.0,"key":"SMITH"},{"data":"Body Slam","floor":32.0,"key":"SMITH"},{"floor":49.0,"key":"RECALL"},{"floor":53.0,"key":"REST"}],"neow_cost":"TEN_PERCENT_HP_LOSS","seed_source_timestamp":783794168937751,"circlet_count":0,"master_deck":["AscendersBane","Strike_R+1","Strike_R+1","Strike_R+1","Defend_R+1","Defend_R+1","Defend_R+1","Defend_R+1","Bash+1","Fiend Fire+1","Evolve+1","Shockwave+1","Shrug It Off+1","Battle Trance+1","Dual Wield+1","Warcry+1","Power Through+1","Feel No Pain+1","Barricade+1","Pain","Clumsy","Injury","Uppercut+1","Body Slam+1","Havoc+1","Exhume+1","True Grit+1","Ghostly+1","Ghostly+1","Ghostly+1","Second Wind+1","Battle Trance+1","Warcry+1","Master of Strategy+1","Armaments+1","Offering+1","Writhe"],"special_seed":0,"relics":["Burning Blood","Boot","The Courier","Calling Bell","Centennial Puzzle","Dodecahedron","Old Coin","Bronze Scales","Potion Belt","Strange Spoon","Incense Burner","Darkstone Periapt","Red Mask","Runic Pyramid","Mark of the Bloom","Self Forming Clay","Frozen Egg 2","Happy Flower","Du-Vu Doll","Bag of Preparation","Pantograph"],"potions_floor_usage":[56],"damage_taken":[{"damage":2.0,"enemies":"Small Slimes","floor":1.0,"turns":3.0},{"damage":4.0,"enemies":"Jaw Worm","floor":4.0,"turns":4.0},{"damage":25.0,"enemies":"3 Sentries","floor":7.0,"turns":10.0},{"damage":5.0,"enemies":"2 Louse","floor":8.0,"turns":4.0},{"damage":4.0,"enemies":"2 Fungi Beasts","floor":11.0,"turns":3.0},{"damage":8.0,"enemies":"Exordium Thugs","floor":14.0,"turns":4.0},{"damage":0.0,"enemies":"Slime Boss","floor":16.0,"turns":8.0},{"damage":33.0,"enemies":"3 Byrds","floor":18.0,"turns":11.0},{"damage":6.0,"enemies":"Shell Parasite","floor":24.0,"turns":7.0},{"damage":14.0,"enemies":"Gremlin Leader","floor":25.0,"turns":11.0},{"damage":16.0,"enemies":"Colosseum Slavers","floor":28.0,"turns":6.0},{"damage":2.0,"enemies":"Colosseum Nobs","floor":28.0,"turns":7.0},{"damage":5.0,"enemies":"Cultist and Chosen","floor":29.0,"turns":10.0},{"damage":4.0,"enemies":"Masked Bandits","floor":30.0,"turns":11.0},{"damage":5.0,"enemies":"Snake Plant","floor":31.0,"turns":4.0},{"damage":3.0,"enemies":"Automaton","floor":33.0,"turns":10.0},{"damage":2.0,"enemies":"3 Shapes","floor":35.0,"turns":6.0},{"damage":1.0,"enemies":"3 Darklings","floor":36.0,"turns":6.0},{"damage":2.0,"enemies":"Sphere and 2 Shapes","floor":37.0,"turns":11.0},{"damage":1.0,"enemies":"Nemesis","floor":40.0,"turns":7.0},{"damage":1.0,"enemies":"Spire Growth","floor":41.0,"turns":6.0},{"damage":1.0,"enemies":"Giant Head","floor":42.0,"turns":11.0},{"damage":3.0,"enemies":"Transient","floor":45.0,"turns":6.0},{"damage":1.0,"enemies":"Reptomancer","floor":46.0,"turns":6.0},{"damage":2.0,"enemies":"2 Orb Walkers","floor":47.0,"turns":6.0},{"damage":2.0,"enemies":"Donu and Deca","floor":50.0,"turns":12.0},{"damage":3.0,"enemies":"Time Eater","floor":51.0,"turns":12.0},{"damage":3.0,"enemies":"Shield and Spear","floor":55.0,"turns":12.0},{"damage":6,"enemies":"The Heart","floor":56,"turns":8}],"seed_played":"-6073677004384193592","potions_obtained":[{"floor":1.0,"key":"LiquidBronze"},{"floor":4.0,"key":"Strength Potion"},{"floor":7.0,"key":"SkillPotion"},{"floor":14.0,"key":"SpeedPotion"},{"floor":16.0,"key":"EssenceOfSteel"},{"floor":24.0,"key":"Fire Potion"},{"floor":25.0,"key":"Fire Potion"},{"floor":28.0,"key":"SkillPotion"},{"floor":31.0,"key":"Strength Potion"},{"floor":36.0,"key":"BloodPotion"},{"floor":37.0,"key":"Fire Potion"},{"floor":40.0,"key":"PowerPotion"}],"is_trial":false,"path_per_floor":["M","$","?","M","?","R","E","M","T","R","M","$","R","M","R","B",null,"M","$","?","?","?","R","M","E","T","$","?","M","?","M","R","B",null,"M","M","M","$","?","E","M","E","T","?","M","E","?","?","R","B","B",null,"R","$","E","B",null],"character_chosen":"IRONCLAD","items_purchased":["Dual Wield","Warcry","Power Through","Feel No Pain","Uppercut","Body Slam","Havoc","Exhume","True Grit","Strange Spoon","Master of Strategy","Armaments","Offering","Bag of Preparation","FearPotion"],"campfire_rested":1,"item_purchase_floors":[12,12,12,12,19,19,19,19,19,27,38,38,38,54,54],"current_hp_per_floor":[68,68,57,59,59,59,40,41,41,41,43,43,43,41,41,47,63,36,36,34,34,34,34,34,26,26,26,20,21,23,24,24,27,32,34,34,34,34,34,33,32,31,31,31,28,27,25,25,25,23,20,20,20,20,17,11],"gold":53,"neow_bonus":"THREE_RARE_CARDS","is_prod":false,"is_daily":false,"chose_seed":false,"campfire_upgraded":6,"win_rate":0,"timestamp":1553415859,"path_taken":["M","$","?","M","?","R","E","M","T","R","M","?","R","M","R","BOSS","M","$","?","?","?","R","M","E","T","$","?","M","?","M","R","BOSS","M","M","M","$","?","E","M","E","T","?","?","E","?","?","R","BOSS","BOSS","R","$","E","BOSS"],"build_version":"2019-01-23","purchased_purges":2,"victory":true,"max_hp_per_floor":[68,68,68,68,68,68,68,68,68,68,68,68,68,68,68,68,68,68,68,34,34,34,34,34,34,34,34,34,34,34,34,34,34,34,34,34,34,34,34,34,34,34,34,34,34,34,34,40,40,40,40,40,40,40,40,40],"card_choices":[{"not_picked":["Offering","Reaper"],"picked":"Fiend Fire","floor":0.0},{"not_picked":["Wild Strike","Shrug It Off"],"picked":"Evolve","floor":1.0},{"not_picked":["Anger","Thunderclap","Pommel Strike"],"picked":"SKIP","floor":4.0},{"not_picked":["Thunderclap","Juggernaut"],"picked":"Shockwave","floor":7.0},{"not_picked":["Sword Boomerang","Fire Breathing"],"picked":"Shrug It Off","floor":8.0},{"not_picked":["Thunderclap","Wild Strike"],"picked":"Battle Trance","floor":11.0},{"not_picked":["Wild Strike","Cleave","Power Through"],"picked":"SKIP","floor":14.0},{"not_picked":["Demon Form","Immolate"],"picked":"Barricade","floor":16.0},{"not_picked":["Flex","Thunderclap","Sword Boomerang"],"picked":"SKIP","floor":18.0},{"not_picked":["Battle Trance","Dropkick","Shrug It Off"],"picked":"SKIP","floor":24.0},{"not_picked":["Dropkick","Shrug It Off"],"picked":"Battle Trance","floor":24.0},{"not_picked":["Flex","Sentinel","Limit Break"],"picked":"SKIP","floor":25.0},{"not_picked":["Metallicize","Clash"],"picked":"Warcry+1","floor":28.0},{"not_picked":["Havoc","Cleave","Infernal Blade+1"],"picked":"SKIP","floor":29.0},{"not_picked":["Twin Strike","Seeing Red","Anger"],"picked":"SKIP","floor":31.0},{"not_picked":["Searing Blow","Shrug It Off","Wild Strike"],"picked":"SKIP","floor":35.0},{"not_picked":["Carnage+1","Power Through","Iron Wave"],"picked":"SKIP","floor":36.0},{"not_picked":["Warcry","Clothesline","Feed"],"picked":"SKIP","floor":37.0},{"not_picked":["Shockwave+1","Headbutt+1","Armaments"],"picked":"SKIP","floor":40.0},{"not_picked":["Anger+1","Spot Weakness","Cleave"],"picked":"SKIP","floor":41.0},{"not_picked":["Rage","Second Wind+1","Brutality"],"picked":"SKIP","floor":42.0},{"not_picked":["Headbutt","Inflame+1","Wild Strike"],"picked":"SKIP","floor":45.0},{"not_picked":["Body Slam","Rupture+1","Sentinel"],"picked":"SKIP","floor":46.0},{"not_picked":["Infernal Blade","Iron Wave","Heavy Blade"],"picked":"SKIP","floor":55.0}],"player_experience":1372962,"relics_obtained":[{"floor":7.0,"key":"Boot"},{"floor":9.0,"key":"The Courier"},{"floor":17.0,"key":"Centennial Puzzle"},{"floor":17.0,"key":"Dodecahedron"},{"floor":17.0,"key":"Old Coin"},{"floor":25.0,"key":"Bronze Scales"},{"floor":26.0,"key":"Potion Belt"},{"floor":28.0,"key":"Incense Burner"},{"floor":28.0,"key":"Darkstone Periapt"},{"floor":30.0,"key":"Red Mask"},{"floor":40.0,"key":"Self Forming Clay"},{"floor":42.0,"key":"Frozen Egg 2"},{"floor":46.0,"key":"Happy Flower"},{"floor":47.0,"key":"Du-Vu Doll"},{"floor":55.0,"key":"Pantograph"}],"event_choices":[{"damage_healed":0.0,"max_hp_gain":0.0,"max_hp_loss":0.0,"gold_gain":75.0,"event_name":"World of Goop","player_choice":"Gather Gold","floor":3.0,"gold_loss":0.0,"damage_taken":11.0},{"damage_healed":0.0,"max_hp_gain":0.0,"max_hp_loss":0.0,"gold_gain":0.0,"event_name":"Liars Game","player_choice":"Ignored","floor":5.0,"gold_loss":0.0,"damage_taken":0.0},{"damage_healed":0.0,"max_hp_gain":0.0,"max_hp_loss":34.0,"gold_gain":0.0,"event_name":"Ghosts","player_choice":"Became a Ghost","floor":20.0,"gold_loss":0.0,"damage_taken":0.0,"cards_obtained":["Ghostly","Ghostly","Ghostly"]},{"damage_healed":0.0,"max_hp_gain":0.0,"max_hp_loss":0.0,"gold_gain":0.0,"event_name":"The Library","player_choice":"Read","floor":21.0,"gold_loss":0.0,"damage_taken":0.0,"cards_obtained":["Second Wind"]},{"damage_healed":0.0,"max_hp_gain":0.0,"max_hp_loss":0.0,"gold_gain":50.0,"event_name":"Nest","player_choice":"Stole From Cult","floor":22.0,"gold_loss":0.0,"damage_taken":0.0},{"damage_healed":0.0,"max_hp_gain":0.0,"max_hp_loss":0.0,"gold_gain":0.0,"event_name":"Colosseum","player_choice":"Fight","floor":28.0,"gold_loss":0.0,"damage_taken":0.0},{"damage_healed":0.0,"max_hp_gain":0.0,"max_hp_loss":0.0,"gold_gain":0.0,"event_name":"Colosseum","player_choice":"Fought Nobs","floor":28.0,"gold_loss":0.0,"damage_taken":0.0},{"damage_healed":0.0,"max_hp_gain":0.0,"max_hp_loss":0.0,"gold_gain":0.0,"event_name":"Masked Bandits","player_choice":"Fought Bandits","floor":30.0,"gold_loss":0.0,"damage_taken":0.0},{"damage_healed":0.0,"max_hp_gain":0.0,"max_hp_loss":0.0,"gold_gain":0.0,"event_name":"MindBloom","player_choice":"Upgrade","floor":39.0,"gold_loss":0.0,"damage_taken":0.0,"cards_upgraded":["Strike_R","Strike_R","Strike_R","Defend_R","Defend_R","Defend_R","Defend_R","Bash","Shockwave","Shrug It Off","Dual Wield","Power Through","Feel No Pain","Uppercut","Havoc","Exhume","True Grit","Ghostly","Ghostly","Ghostly","Second Wind","Battle Trance","Master of Strategy","Armaments","Offering"],"relics_obtained":["Mark of the Bloom"]},{"damage_healed":0.0,"max_hp_gain":0.0,"max_hp_loss":0.0,"gold_gain":0.0,"event_name":"The Woman in Blue","player_choice":"Bought 1 Potion","floor":44.0,"gold_loss":0.0,"damage_taken":0.0},{"damage_healed":0.0,"max_hp_gain":0.0,"max_hp_loss":0.0,"gold_gain":0.0,"event_name":"Mysterious Sphere","player_choice":"Fight","floor":47.0,"gold_loss":0.0,"damage_taken":0.0},{"damage_healed":7.0,"max_hp_gain":0.0,"max_hp_loss":0.0,"gold_gain":0.0,"event_name":"Winding Halls","player_choice":"Writhe","floor":48.0,"gold_loss":0.0,"damage_taken":0.0,"cards_obtained":["Writhe"]}],"is_beta":false,"boss_relics":[{"not_picked":["Cursed Key","Philosopher\u0027s Stone"],"picked":"Calling Bell"},{"not_picked":["Empty Cage","Lizard Tail"],"picked":"Runic Pyramid"}],"items_purged_floors":[2,12],"is_endless":false,"potions_floor_spawned":[1,4,7,14,16,24,25,28,31,36,37,40,46],"ascension_level":20}