{"gold_per_floor":[115,126,201,201,213,213,240,301,347,397,412,477,266,316,316,421,421,439,458,418,430,430],"floor_reached":22,"playtime":1065,"items_purged":[],"score":188,"play_id":"8aee7a41-e3dd-4cf3-8a17-284dfca23c68","local_time":"20181129225942","is_ascension_mode":false,"campfire_choices":[{"data":"Flex","floor":6.0,"key":"SMITH"},{"floor":15.0,"key":"REST"}],"neow_cost":"NONE","seed_source_timestamp":0,"circlet_count":0,"master_deck":["Strike_R","Strike_R+1","Strike_R","Strike_R","Defend_R","Defend_R","Defend_R","Defend_R","Bash","Flex+1","Heavy Blade","Twin Strike","Pommel Strike","Flame Barrier","Carnage","Offering+1","Cleave","Sword Boomerang","Double Tap","Shrug It Off+1","Uppercut"],"special_seed":0,"relics":["Black Blood","Dream Catcher","SsserpentHead","Letter Opener","Smiling Mask"],"potions_floor_usage":[],"damage_taken":[{"damage":0.0,"enemies":"2 Louse","floor":1.0,"turns":3.0},{"damage":1.0,"enemies":"Cultist","floor":2.0,"turns":3.0},{"damage":0.0,"enemies":"Small Slimes","floor":5.0,"turns":3.0},{"damage":29.0,"enemies":"3 Sentries","floor":7.0,"turns":10.0},{"damage":11.0,"enemies":"Red Slaver","floor":8.0,"turns":2.0},{"damage":20.0,"enemies":"Exordium Wildlife","floor":11.0,"turns":5.0},{"damage":9.0,"enemies":"2 Fungi Beasts","floor":12.0,"turns":4.0},{"damage":24.0,"enemies":"Hexaghost","floor":16.0,"turns":11.0},{"damage":20.0,"enemies":"3 Byrds","floor":18.0,"turns":6.0},{"damage":27.0,"enemies":"Shell Parasite","floor":19.0,"turns":7.0},{"damage":29.0,"enemies":"Sentry and Sphere","floor":21.0,"turns":6.0},{"damage":43,"enemies":"Snecko","floor":22,"turns":5}],"seed_played":"-7511014084195151299","potions_obtained":[{"floor":5.0,"key":"LiquidBronze"},{"floor":7.0,"key":"Dexterity Potion"},{"floor":8.0,"key":"SkillPotion"},{"floor":19.0,"key":"SteroidPotion"},{"floor":21,"key":"SpeedPotion"}],"is_trial":false,"path_per_floor":["M","M","?","?","M","R","E","M","T","?","M","M","$","?","R","B",null,"M","M","?","M","M","M"],"character_chosen":"IRONCLAD","items_purchased":["Offering","Cleave"],"campfire_rested":1,"item_purchase_floors":[13,13],"current_hp_per_floor":[80,80,69,69,75,75,52,47,47,47,33,30,30,30,54,36,80,70,53,53,34,0],"gold":430,"neow_bonus":"RANDOM_COMMON_RELIC","is_prod":false,"is_daily":false,"chose_seed":false,"campfire_upgraded":1,"win_rate":0.0,"timestamp":1543550382,"path_taken":["M","M","?","?","M","R","E","?","T","?","M","?","$","?","R","BOSS","M","M","?","M","M"],"build_version":"2018-11-15","purchased_purges":0,"victory":false,"max_hp_per_floor":[80,80,80,80,80,80,80,80,80,80,80,80,80,80,80,80,80,80,80,80,80,80],"card_choices":[{"not_picked":["True Grit","Corruption"],"picked":"Flex","floor":1.0},{"not_picked":["Dropkick","Body Slam"],"picked":"Heavy Blade","floor":2.0},{"not_picked":["Sever Soul","Intimidate"],"picked":"Twin Strike","floor":5.0},{"not_picked":["Immolate","Twin Strike"],"picked":"Sentinel","floor":7.0},{"not_picked":["Anger","Twin Strike"],"picked":"Pommel Strike","floor":8.0},{"not_picked":["Armaments","Flex"],"picked":"Flame Barrier","floor":11.0},{"not_picked":["Iron Wave","Twin Strike"],"picked":"Carnage","floor":12.0},{"not_picked":["Body Slam","Second Wind"],"picked":"Sword Boomerang","floor":15.0},{"not_picked":["Exhume","Offering"],"picked":"Double Tap","floor":16.0},{"not_picked":["Twin Strike","Sword Boomerang","Feel No Pain"],"picked":"SKIP","floor":18.0},{"not_picked":["Pummel","Intimidate"],"picked":"Shrug It Off+1","floor":19.0},{"not_picked":["Entrench+1","Rampage"],"picked":"Uppercut","floor":21}],"player_experience":71980,"relics_obtained":[{"floor":7.0,"key":"Letter Opener"},{"floor":9.0,"key":"Smiling Mask"}],"event_choices":[{"damage_healed":0.0,"max_hp_gain":0.0,"max_hp_loss":0.0,"gold_gain":75.0,"event_name":"World of Goop","player_choice":"Gather Gold","floor":3.0,"gold_loss":0.0,"damage_taken":11.0},{"damage_healed":0.0,"max_hp_gain":0.0,"max_hp_loss":0.0,"gold_gain":0.0,"event_name":"FaceTrader","player_choice":"Trade","floor":4.0,"gold_loss":0.0,"damage_taken":0.0,"relics_obtained":["SsserpentHead"]},{"cards_removed":["Sentinel"],"damage_healed":0.0,"max_hp_gain":0.0,"max_hp_loss":0.0,"gold_gain":0.0,"event_name":"Purifier","player_choice":"Purged","floor":10.0,"gold_loss":0.0,"damage_taken":0.0},{"damage_healed":0.0,"max_hp_gain":0.0,"max_hp_loss":0.0,"gold_gain":0.0,"event_name":"Living Wall","player_choice":"Grow","floor":14.0,"gold_loss":0.0,"damage_taken":0.0,"cards_upgraded":["Offering"]},{"cards_removed":["Strike_R"],"damage_healed":0.0,"max_hp_gain":0.0,"max_hp_loss":0.0,"gold_gain":0.0,"event_name":"Designer","player_choice":"Upgrade and Remove","floor":20.0,"gold_loss":90.0,"damage_taken":0.0,"cards_upgraded":["Strike_R"]}],"is_beta":false,"boss_relics":[{"not_picked":["Coffee Dripper","White Beast Statue"],"picked":"Black Blood"}],"items_purged_floors":[],"is_endless":false,"potions_floor_spawned":[5,7,8,19,21],"killed_by":"Snecko","ascension_level":0}