{"gold_per_floor":[113,125,125,136,156,156,189,189,216,216,235,252,252,263,263,340,340,359,609,609,78,96,96,123,123,148,76,108,126,126,1,1,75,75,87,47,64,109,126,126,151,164,189,189,209,209,227,238,238,238],"floor_reached":51,"playtime":1803,"items_purged":["Strike_B","Strike_B+1"],"score":1308,"play_id":"01ed728d-76a8-48bc-8f8b-ccd2f0748eb5","local_time":"20181016130646","is_ascension_mode":true,"campfire_choices":[{"data":"Streamline","floor":6.0,"key":"SMITH"},{"data":"Ball Lightning","floor":8.0,"key":"SMITH"},{"floor":10.0,"key":"REST"},{"data":"Barrage","floor":15.0,"key":"SMITH"},{"data":"Biased Cognition","floor":23.0,"key":"SMITH"},{"data":"Coolheaded","floor":25.0,"key":"SMITH"},{"floor":32.0,"key":"REST"},{"data":"Barrage","floor":40.0,"key":"SMITH"},{"data":"Thunder Strike","floor":44.0,"key":"SMITH"},{"data":"Barrage","floor":46.0,"key":"SMITH"},{"floor":49,"key":"REST"}],"neow_cost":"NONE","seed_source_timestamp":188377832559331,"circlet_count":0,"master_deck":["Strike_B+1","Defend_B+1","Defend_B+1","Defend_B+1","Defend_B+1","Zap+1","Dualcast","AscendersBane","Ball Lightning+1","Cold Snap","Streamline+1","Cold Snap","Barrage+1","Biased Cognition+1","Coolheaded+1","Self Repair","Ball Lightning","Auto Shields","Capacitor","Barrage+1","Leap","Cold Snap","Thunder Strike+1","Glacier","Auto Shields","Ball Lightning","Sweeping Beam","Creative AI","Sweeping Beam","Barrage+1","Amplify","BootSequence"],"special_seed":0,"relics":["Cracked Core","Boot","Centennial Puzzle","Runic Dome","Pear","Pen Nib","Omamori","Anchor","Sozu","Dead Branch","Letter Opener","Lantern"],"potions_floor_usage":[],"damage_taken":[{"damage":1.0,"enemies":"Cultist","floor":1.0,"turns":3.0},{"damage":8.0,"enemies":"2 Louse","floor":2.0,"turns":2.0},{"damage":8.0,"enemies":"Small Slimes","floor":4.0,"turns":2.0},{"damage":0.0,"enemies":"3 Louse","floor":5.0,"turns":2.0},{"damage":23.0,"enemies":"Gremlin Nob","floor":7.0,"turns":4.0},{"damage":0.0,"enemies":"Large Slime","floor":11.0,"turns":4.0},{"damage":5.0,"enemies":"Gremlin Gang","floor":12.0,"turns":2.0},{"damage":0.0,"enemies":"Exordium Thugs","floor":14.0,"turns":3.0},{"damage":0.0,"enemies":"Slime Boss","floor":16.0,"turns":7.0},{"damage":0.0,"enemies":"Chosen","floor":18.0,"turns":5.0},{"damage":9.0,"enemies":"Spheric Guardian","floor":22.0,"turns":3.0},{"damage":29.0,"enemies":"Gremlin Leader","floor":24.0,"turns":7.0},{"damage":24.0,"enemies":"Slavers","floor":28.0,"turns":4.0},{"damage":8.0,"enemies":"Snecko","floor":29.0,"turns":3.0},{"damage":41.0,"enemies":"Collector","floor":33.0,"turns":8.0},{"damage":4.0,"enemies":"3 Shapes","floor":35.0,"turns":6.0},{"damage":0.0,"enemies":"Orb Walker","floor":37.0,"turns":3.0},{"damage":32.0,"floor":38.0,"turns":5.0},{"damage":15.0,"enemies":"4 Shapes","floor":39.0,"turns":6.0},{"damage":22.0,"enemies":"Nemesis","floor":41.0,"turns":5.0},{"damage":1.0,"enemies":"Spire Growth","floor":42.0,"turns":6.0},{"damage":0.0,"enemies":"3 Darklings","floor":45.0,"turns":4.0},{"damage":11.0,"enemies":"Transient","floor":47.0,"turns":5.0},{"damage":9.0,"enemies":"Sphere and 2 Shapes","floor":48.0,"turns":4.0},{"damage":62,"enemies":"Time Eater","floor":50,"turns":16}],"seed_played":"-7889279581085628252","potions_obtained":[{"floor":5.0,"key":"FocusPotion"},{"floor":11.0,"key":"FairyPotion"},{"floor":14.0,"key":"Regen Potion"},{"floor":24.0,"key":"Strength Potion"},{"floor":29.0,"key":"GamblersBrew"}],"is_trial":false,"path_per_floor":["M","M","?","M","M","R","E","R","T","R","M","M","?","M","R","B",null,"M","?","?","$","M","R","E","R","T","$","E","M","?","$","R","B",null,"M","$","M","?","M","R","E","M","T","R","M","R","M","M","R","B"],"character_chosen":"DEFECT","items_purchased":["Pear","Self Repair","Explosive Potion","EssenceOfSteel","Ball Lightning","Capacitor","Cold Snap","Auto Shields"],"campfire_rested":3,"item_purchase_floors":[21,21,21,21,21,27,31,36],"current_hp_per_floor":[63,55,48,40,40,40,17,17,17,38,38,33,56,56,56,71,71,71,71,71,81,79,79,57,57,57,57,33,32,32,32,56,22,66,69,69,69,44,50,50,35,41,41,41,48,48,44,42,66,4],"gold":238,"neow_bonus":"UPGRADE_CARD","is_prod":false,"is_daily":false,"chose_seed":false,"campfire_upgraded":8,"win_rate":0,"timestamp":1539706006,"path_taken":["M","M","?","M","?","R","E","R","T","R","M","M","?","M","R","BOSS","M","?","?","$","M","R","E","R","T","?","E","M","?","$","R","BOSS","M","$","?","?","M","R","E","M","T","R","M","R","?","M","R","BOSS"],"build_version":"2018-07-12","purchased_purges":2,"victory":true,"max_hp_per_floor":[71,71,71,71,71,71,71,71,71,71,71,71,71,71,71,71,71,71,71,71,81,81,81,81,81,81,81,81,81,81,81,81,81,81,81,81,81,81,81,81,81,81,81,81,81,81,81,81,81,81],"card_choices":[{"not_picked":["Streamline","Leap"],"picked":"Ball Lightning","floor":1.0},{"not_picked":["Sweeping Beam","Stack"],"picked":"Cold Snap","floor":2.0},{"not_picked":["Beam Cell","Gash"],"picked":"Streamline","floor":4.0},{"not_picked":["Gash","Coolheaded"],"picked":"Cold Snap","floor":5.0},{"not_picked":["Double Energy","Sweeping Beam","Go for the Eyes"],"picked":"SKIP","floor":7.0},{"not_picked":["Loop","Barrage","Sweeping Beam"],"picked":"SKIP","floor":11.0},{"not_picked":["Loop","Sweeping Beam"],"picked":"Barrage","floor":11.0},{"not_picked":["Amplify","Chaos","Reprogram"],"picked":"SKIP","floor":12.0},{"not_picked":["Go for the Eyes","Streamline","Barrage"],"picked":"SKIP","floor":14.0},{"not_picked":["Go for the Eyes","Streamline","Barrage"],"picked":"SKIP","floor":14.0},{"not_picked":["Meteor Strike","Echo Form"],"picked":"Biased Cognition","floor":16.0},{"not_picked":["Ball Lightning+1","Skim"],"picked":"Coolheaded","floor":18.0},{"not_picked":["Stack","Ball Lightning"],"picked":"Auto Shields","floor":22.0},{"not_picked":["Reprogram","All For One","Gash"],"picked":"SKIP","floor":24.0},{"not_picked":["Reprogram","All For One","Gash"],"picked":"SKIP","floor":24.0},{"not_picked":["Beam Cell","Sweeping Beam"],"picked":"Barrage","floor":28.0},{"not_picked":["Reinforced Body","Steam"],"picked":"Leap","floor":29.0},{"not_picked":["Hyperbeam","Multi-Cast"],"picked":"Thunder Strike","floor":33.0},{"not_picked":["Redo","Sunder"],"picked":"Glacier","floor":35.0},{"not_picked":["Heatsinks+1","Stack"],"picked":"Ball Lightning","floor":37.0},{"not_picked":["Go for the Eyes","Turbo"],"picked":"Sweeping Beam","floor":38.0},{"not_picked":["Hello World","Blizzard","Rebound"],"picked":"SKIP","floor":39.0},{"not_picked":["Streamline","Stack"],"picked":"Creative AI","floor":41.0},{"not_picked":["Go for the Eyes","Conserve Battery"],"picked":"Sweeping Beam","floor":42.0},{"not_picked":["Redo","Steam Power"],"picked":"Barrage","floor":45.0},{"not_picked":["Steam","Go for the Eyes"],"picked":"Amplify","floor":47.0},{"not_picked":["Cold Snap","Scrape"],"picked":"BootSequence","floor":48}],"player_experience":969457,"relics_obtained":[{"floor":7.0,"key":"Boot"},{"floor":9.0,"key":"Centennial Puzzle"},{"floor":24.0,"key":"Pen Nib"},{"floor":26.0,"key":"Omamori"},{"floor":28.0,"key":"Anchor"},{"floor":38.0,"key":"Dead Branch"},{"floor":41.0,"key":"Letter Opener"},{"floor":43.0,"key":"Lantern"}],"event_choices":[{"event_name":"Golden Wing","player_choice":"Card Removal","floor":3.0,"damage_taken":0.0},{"event_name":"Big Fish","player_choice":"Banana","floor":13.0,"damage_taken":0.0},{"event_name":"Golden Shrine","player_choice":"Desecrate","floor":19.0,"damage_taken":0.0},{"event_name":"Purifier","player_choice":"One Purge","floor":20.0,"damage_taken":0.0},{"event_name":"Back to Basics","player_choice":"Simplicity","floor":30.0,"damage_taken":0.0},{"event_name":"Mysterious Sphere","player_choice":"Fight","floor":38.0,"damage_taken":0.0}],"boss_relics":[{"not_picked":["Orrery","White Beast Statue"],"picked":"Runic Dome"},{"not_picked":["Runic Pyramid","Eternal Feather"],"picked":"Sozu"}],"items_purged_floors":[21,31],"is_endless":false,"potions_floor_spawned":[5,11,12,14,24,29,35,38,39,42,48],"ascension_level":15}