{"gold_per_floor":[119,130,130,305,305,335,353,353],"floor_reached":8,"playtime":509,"items_purged":[],"score":48,"play_id":"8704db95-bb0c-401a-ae68-84b898c386cc","local_time":"20190502230116","is_ascension_mode":true,"campfire_choices":[],"neow_cost":"TEN_PERCENT_HP_LOSS","seed_source_timestamp":4239432338621800,"circlet_count":0,"master_deck":["Strike_B","Strike_B","Strike_B","Defend_B","Defend_B","Defend_B","Defend_B","Zap","Dualcast","Creative AI","Ball Lightning","Consume","Doubt","Cold Snap"],"relics":["Cracked Core","Golden Idol","Tiny Chest"],"potions_floor_usage":[],"damage_taken":[{"damage":0,"enemies":"2 Louse","floor":1,"turns":2},{"damage":3,"enemies":"Small Slimes","floor":2,"turns":2},{"damage":5,"enemies":"Cultist","floor":7,"turns":4},{"damage":60,"enemies":"Gremlin Nob","floor":8,"turns":5}],"seed_played":"-724985729880562452","potions_obtained":[],"is_trial":false,"path_per_floor":["M","M","?","?","?","?","M","E"],"character_chosen":"DEFECT","items_purchased":[],"campfire_rested":0,"item_purchase_floors":[],"current_hp_per_floor":[68,65,58,58,41,34,29,0],"gold":353,"neow_bonus":"THREE_RARE_CARDS","is_prod":false,"is_daily":false,"chose_seed":false,"campfire_upgraded":0,"win_rate":1,"timestamp":1556852476,"path_taken":["M","M","?","?","?","?","M","E"],"build_version":"2019-01-23","purchased_purges":0,"victory":false,"max_hp_per_floor":[68,68,68,68,68,68,68,68],"card_choices":[{"not_picked":["Amplify","Seek"],"picked":"Creative AI","floor":0},{"not_picked":["Gash","Undo"],"picked":"Ball Lightning","floor":1},{"not_picked":["Stack","Scrape"],"picked":"Consume","floor":2},{"not_picked":["Redo","Ball Lightning"],"picked":"Cold Snap","floor":7}],"player_experience":72002,"relics_obtained":[],"event_choices":[{"cards_removed":["Strike_B"],"damage_healed":0,"gold_gain":0,"player_choice":"Card Removal","damage_taken":7,"max_hp_gain":0,"max_hp_loss":0,"event_name":"Golden Wing","floor":3,"gold_loss":0},{"damage_healed":0,"gold_gain":175,"player_choice":"AGREE","damage_taken":0,"max_hp_gain":0,"max_hp_loss":0,"event_name":"Liars Game","floor":4,"gold_loss":0,"cards_obtained":["Doubt"]},{"damage_healed":0,"gold_gain":0,"player_choice":"Take Damage","damage_taken":17,"relics_obtained":["Golden Idol"],"max_hp_gain":0,"max_hp_loss":0,"event_name":"Golden Idol","floor":5,"gold_loss":0},{"damage_healed":0,"gold_gain":0,"player_choice":"Success","damage_taken":7,"relics_obtained":["Tiny Chest"],"max_hp_gain":0,"max_hp_loss":0,"event_name":"Scrap Ooze","floor":6,"gold_loss":0}],"is_beta":false,"boss_relics":[],"items_purged_floors":[],"is_endless":false,"potions_floor_spawned":[],"killed_by":"Gremlin Nob","ascension_level":1}