{"gold_per_floor":[366,366,377,173,188,188,202,212,212,232,232,261,261,74,74,148,148,167,184,219,230,249,249,55,28,51,51,1,1,32,32,32,107,107,118,26,39,39,52,52,52],"floor_reached":41,"playtime":1309,"items_purged":["Regret"],"score":851,"play_id":"e78b0ef4-3412-454d-a7b4-a078610c8aa3","local_time":"20181015123310","is_ascension_mode":true,"campfire_choices":[{"data":"Streamline","floor":6,"key":"SMITH"},{"floor":11,"key":"REST"},{"data":"Barrage","floor":13,"key":"SMITH"},{"data":"Ball Lightning","floor":15,"key":"SMITH"},{"floor":23,"key":"REST"},{"data":"Defragment","floor":27,"key":"SMITH"},{"floor":29,"key":"REST"},{"floor":32,"key":"REST"},{"data":"Hologram","floor":40,"key":"SMITH"}],"neow_cost":"CURSE","seed_source_timestamp":100487532129350,"circlet_count":0,"master_deck":["Strike_B","Strike_B","Strike_B","Defend_B","Defend_B","Defend_B","Defend_B","Zap+1","Dualcast","AscendersBane","Streamline+1","FTL","Ball Lightning+1","Conserve Battery","Leap","Conserve Battery","Barrage+1","Cold Snap","All For One","Electrodynamics","Coolheaded","Darkness","Compile Driver","Defragment+1","Hologram+1","Defragment+1","Rainbow","Defragment+1","Self Repair","Coolheaded","Ball Lightning+1","Beam Cell","Compile Driver+1"],"relics":["Cracked Core","Bag of Marbles","Boot","Velvet Choker","Red Mask","Oddly Smooth Stone","Centennial Puzzle","Letter Opener","Nuclear Battery"],"potions_floor_usage":[8,16,16,30,33,37],"damage_taken":[{"damage":2,"enemies":"Small Slimes","floor":1,"turns":3},{"damage":6,"enemies":"Jaw Worm","floor":3,"turns":3},{"damage":0,"enemies":"2 Louse","floor":5,"turns":1},{"damage":28,"enemies":"Lots of Slimes","floor":7,"turns":3},{"damage":0,"enemies":"Exordium Wildlife","floor":8,"turns":3},{"damage":2,"enemies":"3 Louse","floor":10,"turns":2},{"damage":17,"enemies":"3 Sentries","floor":12,"turns":6},{"damage":0,"enemies":"Slime Boss","floor":16,"turns":4},{"damage":22,"enemies":"2 Thieves","floor":18,"turns":2},{"damage":6,"enemies":"Chosen","floor":19,"turns":5},{"damage":13,"floor":20,"turns":4},{"damage":19,"enemies":"Snake Plant","floor":21,"turns":4},{"damage":0,"enemies":"3 Cultists","floor":22,"turns":4},{"damage":20,"enemies":"Book of Stabbing","floor":30,"turns":5},{"damage":22,"enemies":"Champ","floor":33,"turns":18},{"damage":14,"enemies":"3 Darklings","floor":35,"turns":3},{"damage":7,"enemies":"Flame Bruiser 1 Orb","floor":37,"turns":5},{"damage":0,"enemies":"Transient","floor":39,"turns":5},{"damage":65,"enemies":"Giant Head","floor":41,"turns":7}],"seed_played":"-3029442611090165536","potions_obtained":[{"floor":3,"key":"LiquidBronze"},{"floor":5,"key":"Regen Potion"},{"floor":8,"key":"FearPotion"},{"floor":21,"key":"Dexterity Potion"},{"floor":30,"key":"SteroidPotion"},{"floor":33,"key":"Fruit Juice"},{"floor":37,"key":"Explosive Potion"}],"is_trial":false,"path_per_floor":["M","?","M","$","M","R","M","M","T","M","R","E","R","$","R","B",null,"M","M","?","M","M","R","$","$","T","R","?","R","E","?","R","B",null,"M","$","M","?","M","R"],"character_chosen":"DEFECT","items_purchased":["SteroidPotion","FTL","Cold Snap","All For One","SteroidPotion","Oddly Smooth Stone","Hologram","Self Repair","Coolheaded"],"campfire_rested":4,"item_purchase_floors":[4,4,14,14,24,24,25,36,36],"current_hp_per_floor":[62,62,56,56,56,56,28,37,37,35,56,39,39,39,39,39,63,41,35,22,3,3,24,24,24,24,24,24,45,25,25,46,24,59,45,45,50,50,50,50,0],"gold":52,"neow_bonus":"TWO_FIFTY_GOLD","is_prod":false,"is_daily":false,"chose_seed":false,"campfire_upgraded":5,"win_rate":0,"timestamp":1539617590,"path_taken":["M","?","M","$","M","R","M","M","T","M","R","E","R","$","R","BOSS","M","?","?","?","M","R","?","$","T","R","?","R","E","?","R","BOSS","M","$","M","?","M","R","E"],"build_version":"2018-07-12","purchased_purges":1,"victory":false,"max_hp_per_floor":[71,71,71,71,71,71,71,71,71,71,71,71,71,71,71,71,71,71,71,71,71,71,71,71,71,71,71,71,71,71,71,71,71,71,71,71,76,76,76,76,76],"card_choices":[{"not_picked":["Gash","Compile Driver"],"picked":"Streamline","floor":1},{"not_picked":["Stack","Gash","Force Field"],"picked":"SKIP","floor":3},{"not_picked":["Tempest","Rebound"],"picked":"Ball Lightning","floor":5},{"not_picked":["Gash","Ball Lightning"],"picked":"Conserve Battery","floor":7},{"not_picked":["Rip and Tear","Lockon"],"picked":"Leap","floor":8},{"not_picked":["Beam Cell","Coolheaded"],"picked":"Conserve Battery","floor":10},{"not_picked":["Steam Power","Beam Cell"],"picked":"Barrage","floor":12},{"not_picked":["Fission","Amplify"],"picked":"Electrodynamics","floor":16},{"not_picked":["Gash","Stack"],"picked":"Coolheaded","floor":18},{"not_picked":["Streamline","Fusion","Undo"],"picked":"SKIP","floor":19},{"not_picked":["Beam Cell+1","Conserve Battery"],"picked":"Darkness","floor":20},{"not_picked":["Ball Lightning","Stack"],"picked":"Compile Driver","floor":21},{"not_picked":["Chill","Sweeping Beam"],"picked":"Defragment","floor":22},{"not_picked":["Barrage","Streamline","Hologram"],"picked":"SKIP","floor":30},{"not_picked":["Reboot","Multi-Cast"],"picked":"Rainbow","floor":33},{"not_picked":["Redo","Chaos"],"picked":"Defragment+1","floor":35},{"not_picked":["Conserve Battery+1","Go for the Eyes"],"picked":"Ball Lightning+1","floor":37},{"not_picked":["Beam Cell","Turbo"],"picked":"Compile Driver+1","floor":39}],"player_experience":963901,"relics_obtained":[{"floor":9,"key":"Bag of Marbles"},{"floor":12,"key":"Boot"},{"floor":20,"key":"Red Mask"},{"floor":26,"key":"Centennial Puzzle"},{"floor":30,"key":"Letter Opener"}],"event_choices":[{"event_name":"Living Wall","player_choice":"Grow","floor":2,"damage_taken":0},{"event_name":"Masked Bandits","player_choice":"Fought over 184 gold","floor":20,"damage_taken":0},{"event_name":"The Joust","player_choice":"Bet on Murderer","floor":28,"damage_taken":0},{"event_name":"Duplicator","player_choice":"One dupe","floor":31,"damage_taken":0},{"event_name":"Transmorgrifier","player_choice":"Transform","floor":38,"damage_taken":0}],"boss_relics":[{"not_picked":["Orrery","Tiny House"],"picked":"Velvet Choker"},{"not_picked":["Fusion Hammer","Cursed Key"],"picked":"Nuclear Battery"}],"items_purged_floors":[4],"is_endless":false,"potions_floor_spawned":[3,5,8,12,21,30,33,37],"killed_by":"Giant Head","ascension_level":15}