{"gold_per_floor":[111,111,127,127,138,138,138,167,192,203,203,214,214,229,229,334,334,348,367,384,403,403,428,428,463,509,509,519,532,549,577,577,673,673,693,705,490,590,604,632,632,20,20,73,90,90,90,102,102,102],"floor_reached":51,"playtime":2830,"items_purged":[],"score":939,"play_id":"01218228-3317-499b-8fee-95bc015b408d","local_time":"20181212000847","is_ascension_mode":true,"campfire_choices":[{"data":"Bash","floor":6.0,"key":"SMITH"},{"data":"Havoc","floor":11.0,"key":"SMITH"},{"data":"Flame Barrier","floor":13.0,"key":"SMITH"},{"data":"Iron Wave","floor":15.0,"key":"SMITH"},{"floor":24.0,"key":"REST"},{"floor":32.0,"key":"REST"},{"floor":41.0,"key":"REST"},{"floor":47.0,"key":"REST"},{"floor":49.0,"key":"REST"}],"neow_cost":"NONE","seed_source_timestamp":0,"circlet_count":0,"master_deck":["Strike_R","Strike_R","Defend_R","Defend_R+1","Bash+1","Blind+1","Havoc+1","Shrug It Off","Juggernaut","Disarm","Flame Barrier+1","Iron Wave+1","Reaper","Immolate+1","Anger+1","Armaments+1","Seeing Red+1","Shrug It Off+1","Pommel Strike+1","Double Tap","Perfected Strike+1","Bludgeon","Iron Wave+1","True Grit","Offering","Shrug It Off","Intimidate+1","Rage","Pummel+1","Headbutt+1","Clothesline","Corruption","Fiend Fire","Madness","Shrug It Off+1","Thunderclap+1"],"special_seed":0,"relics":["Burning Blood","Juzu Bracelet","Vajra","Astrolabe","Gremlin Horn","Blood Vial","War Paint","Nloth\u0027s Gift","Red Skull","Velvet Choker","Bronze Scales","Ginger","Du-Vu Doll","Dead Branch","Bottled Lightning","Pocketwatch"],"potions_floor_usage":[50,50,50],"damage_taken":[{"damage":0.0,"enemies":"Cultist","floor":1.0,"turns":4.0},{"damage":7.0,"enemies":"Small Slimes","floor":3.0,"turns":4.0},{"damage":1.0,"enemies":"2 Louse","floor":5.0,"turns":3.0},{"damage":57.0,"enemies":"Gremlin Nob","floor":8.0,"turns":7.0},{"damage":17.0,"enemies":"Lots of Slimes","floor":10.0,"turns":5.0},{"damage":1.0,"enemies":"Looter","floor":12.0,"turns":4.0},{"damage":1.0,"enemies":"2 Fungi Beasts","floor":14.0,"turns":4.0},{"damage":30.0,"enemies":"The Guardian","floor":16.0,"turns":11.0},{"damage":10.0,"enemies":"Spheric Guardian","floor":18.0,"turns":4.0},{"damage":6.0,"enemies":"3 Byrds","floor":19.0,"turns":4.0},{"damage":21.0,"enemies":"Shelled Parasite and Fungi","floor":20.0,"turns":7.0},{"damage":9.0,"enemies":"Snake Plant","floor":21.0,"turns":3.0},{"damage":24.0,"enemies":"Slavers","floor":23.0,"turns":3.0},{"damage":37.0,"enemies":"Gremlin Leader","floor":25.0,"turns":5.0},{"damage":11.0,"enemies":"Cultist and Chosen","floor":28.0,"turns":5.0},{"damage":12.0,"enemies":"Sentry and Sphere","floor":29.0,"turns":5.0},{"damage":9.0,"enemies":"Snake Plant","floor":30.0,"turns":4.0},{"damage":35.0,"enemies":"Slavers","floor":31.0,"turns":6.0},{"damage":57.0,"enemies":"Champ","floor":33.0,"turns":12.0},{"damage":19.0,"enemies":"Orb Walker","floor":35.0,"turns":3.0},{"damage":16.0,"enemies":"3 Shapes","floor":36.0,"turns":3.0},{"damage":19.0,"enemies":"Mind Bloom Boss Battle","floor":38.0,"turns":4.0},{"damage":6.0,"enemies":"3 Darklings","floor":39.0,"turns":4.0},{"damage":24.0,"enemies":"Nemesis","floor":40.0,"turns":7.0},{"damage":35.0,"enemies":"2 Orb Walkers","floor":44.0,"turns":4.0},{"damage":17.0,"enemies":"Sphere and 2 Shapes","floor":45.0,"turns":3.0},{"damage":18.0,"enemies":"Writhing Mass","floor":48.0,"turns":3.0},{"damage":55,"enemies":"Donu and Deca","floor":50,"turns":8}],"seed_played":"-4654865183751974502","potions_obtained":[{"floor":1.0,"key":"BloodPotion"},{"floor":5.0,"key":"Block Potion"},{"floor":8.0,"key":"Energy Potion"},{"floor":10.0,"key":"Fruit Juice"},{"floor":20.0,"key":"Block Potion"},{"floor":28.0,"key":"Block Potion"},{"floor":29.0,"key":"Strength Potion"},{"floor":30.0,"key":"Ancient Potion"},{"floor":33.0,"key":"Dexterity Potion"},{"floor":36.0,"key":"FearPotion"},{"floor":40.0,"key":"EssenceOfSteel"},{"floor":44.0,"key":"Explosive Potion"},{"floor":45.0,"key":"Energy Potion"}],"is_trial":false,"path_per_floor":["M","?","M","?","M","R","?","E","T","M","R","M","R","M","R","B",null,"M","M","M","M","T","E","R","E","T","?","M","M","M","E","R","B",null,"M","M","$","?","M","E","R","$","T","?","M","?","R","M","R","B",null],"character_chosen":"IRONCLAD","items_purchased":["Bronze Scales","Rage","Dead Branch","Corruption","Fiend Fire","Madness"],"campfire_rested":5,"item_purchase_floors":[37,37,42,42,42,42],"current_hp_per_floor":[80,80,79,72,77,77,77,26,26,20,20,25,25,30,30,14,67,63,63,53,50,50,32,57,43,43,43,45,41,40,33,58,20,69,58,50,50,39,41,25,50,50,50,39,30,30,54,44,68,21],"gold":102,"neow_bonus":"RANDOM_COLORLESS","is_prod":false,"is_daily":false,"chose_seed":false,"campfire_upgraded":4,"win_rate":0,"timestamp":1544591327,"path_taken":["M","?","M","?","M","R","?","E","T","M","R","M","R","M","R","BOSS","M","M","M","M","?","E","R","E","T","?","M","M","M","E","R","BOSS","M","M","$","?","M","E","R","$","T","?","M","?","R","M","R","BOSS"],"build_version":"2018-12-06","purchased_purges":0,"victory":true,"max_hp_per_floor":[80,80,80,80,80,80,80,80,80,85,85,85,85,85,85,85,85,85,85,85,85,85,85,85,85,85,85,85,85,85,85,85,85,85,85,85,85,85,85,85,85,85,85,85,85,81,81,81,81,81],"card_choices":[{"not_picked":["Clash","Metallicize"],"picked":"Havoc","floor":1.0},{"not_picked":["Armaments","Flex"],"picked":"Shrug It Off","floor":3.0},{"not_picked":["Shrug It Off","Searing Blow"],"picked":"Juggernaut","floor":5.0},{"not_picked":["Evolve","Heavy Blade"],"picked":"Disarm","floor":8.0},{"not_picked":["Fire Breathing","Rampage","Wild Strike"],"picked":"SKIP","floor":10.0},{"not_picked":["Flex","Uppercut"],"picked":"Flame Barrier","floor":12.0},{"not_picked":["Flex","Disarm"],"picked":"Iron Wave","floor":14.0},{"not_picked":["Brutality","Exhume"],"picked":"Reaper","floor":16.0},{"not_picked":["Iron Wave","Rampage"],"picked":"Seeing Red+1","floor":18.0},{"not_picked":["Twin Strike","Fire Breathing"],"picked":"Shrug It Off","floor":19.0},{"not_picked":["Heavy Blade","Clothesline"],"picked":"Pommel Strike+1","floor":20.0},{"not_picked":["Pummel","Sever Soul"],"picked":"Double Tap","floor":21.0},{"not_picked":["Heavy Blade","Warcry"],"picked":"Perfected Strike+1","floor":23.0},{"not_picked":["Warcry","Sword Boomerang"],"picked":"Bludgeon","floor":25.0},{"not_picked":["Flex","Shrug It Off"],"picked":"Iron Wave+1","floor":28.0},{"not_picked":["Heavy Blade","Iron Wave","Seeing Red"],"picked":"SKIP","floor":29.0},{"not_picked":["Fire Breathing","Metallicize","Havoc+1"],"picked":"SKIP","floor":30.0},{"not_picked":["Havoc","Perfected Strike"],"picked":"True Grit","floor":31.0},{"not_picked":["Brutality","Barricade"],"picked":"Offering","floor":33.0},{"not_picked":["Armaments+1","Fire Breathing+1"],"picked":"Shrug It Off","floor":35.0},{"not_picked":["Battle Trance","Reckless Charge+1"],"picked":"Intimidate+1","floor":36.0},{"not_picked":["Blood for Blood","Clothesline"],"picked":"Pummel+1","floor":38.0},{"not_picked":["Sever Soul+1","Shockwave"],"picked":"Headbutt+1","floor":39.0},{"not_picked":["Iron Wave","Barricade"],"picked":"Clothesline","floor":40.0},{"not_picked":["Anger","Headbutt"],"picked":"Shrug It Off+1","floor":44.0},{"not_picked":["Armaments","Clash+1"],"picked":"Thunderclap+1","floor":45.0},{"not_picked":["Anger","Flex+1","Clothesline"],"picked":"SKIP","floor":48.0}],"player_experience":142701,"relics_obtained":[{"floor":8.0,"key":"Juzu Bracelet"},{"floor":9.0,"key":"Vajra"},{"floor":22.0,"key":"Gremlin Horn"},{"floor":23.0,"key":"Potion Belt"},{"floor":25.0,"key":"Blood Vial"},{"floor":26.0,"key":"War Paint"},{"floor":31.0,"key":"Red Skull"},{"floor":38.0,"key":"Ginger"},{"floor":40.0,"key":"Du-Vu Doll"},{"floor":43.0,"key":"Bottled Lightning"},{"floor":44.0,"key":"Pocketwatch"}],"event_choices":[{"cards_removed":["Strike_R"],"damage_healed":0.0,"max_hp_gain":0.0,"max_hp_loss":0.0,"gold_gain":0.0,"event_name":"Living Wall","player_choice":"Forget","floor":2.0,"gold_loss":0.0,"damage_taken":0.0},{"cards_removed":["Strike_R"],"damage_healed":0.0,"max_hp_gain":0.0,"max_hp_loss":0.0,"gold_gain":0.0,"event_name":"Golden Wing","player_choice":"Card Removal","floor":4.0,"gold_loss":0.0,"damage_taken":7.0},{"damage_healed":0.0,"max_hp_gain":0.0,"max_hp_loss":0.0,"gold_gain":0.0,"event_name":"Upgrade Shrine","player_choice":"Upgraded","floor":7.0,"gold_loss":0.0,"damage_taken":0.0,"cards_upgraded":["Blind"]},{"damage_healed":0.0,"max_hp_gain":0.0,"max_hp_loss":0.0,"gold_gain":0.0,"event_name":"N\u0027loth","player_choice":"Traded Relic","floor":27.0,"relics_lost":["Potion Belt"],"gold_loss":0.0,"damage_taken":0.0,"relics_obtained":["Nloth\u0027s Gift"]},{"damage_healed":0.0,"max_hp_gain":0.0,"max_hp_loss":0.0,"gold_gain":0.0,"event_name":"MindBloom","player_choice":"Fight","floor":38.0,"gold_loss":0.0,"damage_taken":0.0},{"damage_healed":0.0,"max_hp_gain":0.0,"max_hp_loss":0.0,"gold_gain":0.0,"event_name":"Mysterious Sphere","player_choice":"Fight","floor":44.0,"gold_loss":0.0,"damage_taken":0.0},{"damage_healed":0.0,"max_hp_gain":0.0,"max_hp_loss":4.0,"gold_gain":0.0,"event_name":"Winding Halls","player_choice":"Max HP","floor":46.0,"gold_loss":0.0,"damage_taken":0.0}],"is_beta":false,"boss_relics":[{"not_picked":["Pandora\u0027s Box","Snecko Eye"],"picked":"Astrolabe"},{"not_picked":["Runic Dome","Runic Pyramid"],"picked":"Velvet Choker"}],"items_purged_floors":[],"is_endless":false,"potions_floor_spawned":[1,5,8,10,20,28,29,30,33,36,40,44,45],"ascension_level":5}