{"path_per_floor":["M","?","$","M","?","R","E","M","T","E","$","R","E","$","R","B",null,"M","M","?","M","$","R","E","R","T","R","?","M","?","M","R","B",null,"M","$","M","$","?","E","M","R","T","$","R","M","M","M","R"],"character_chosen":"IRONCLAD","items_purchased":["Dual Wield","Perfected Strike","Pommel Strike","Molten Egg 2"],"gold_per_floor":[117,117,42,54,54,54,79,99,129,155,105,105,135,5,5,108,108,127,140,140,154,106,106,131,131,131,131,131,150,179,197,197,298,298,312,14,28,28,73,105,124,124,124,124,124,144,157,172,172,172],"floor_reached":50,"campfire_rested":1,"playtime":1552,"current_hp_per_floor":[80,80,80,80,64,64,68,68,68,44,44,44,46,46,46,17,80,45,50,34,19,19,19,16,40,40,40,40,44,50,56,56,20,80,80,80,78,78,80,61,55,55,55,55,55,63,65,71,71,0],"items_purged":["Defend_R","Defend_R","Strike_R"],"gold":172,"score":508,"play_id":"0e8efb8d-a937-46a9-b6cc-1c086e745de1","local_time":"20180416131556","is_prod":false,"is_daily":false,"chose_seed":false,"is_ascension_mode":false,"campfire_upgraded":9,"timestamp":1523902556,"path_taken":["M","?","$","M","?","R","E","M","T","E","$","R","E","$","R","BOSS","M","M","?","?","$","R","E","R","T","R","?","M","?","?","R","BOSS","M","$","M","?","?","E","M","R","T","$","R","M","M","M","R","BOSS"],"build_version":"2018-04-13","seed_source_timestamp":356829943589202,"purchased_purges":7,"victory":false,"master_deck":["Strike_R","Strike_R","Strike_R","Strike_R","Defend_R","Defend_R+1","Bash+1","Wild Strike+1","Flex+1","Battle Trance+1","Dual Wield+1","Immolate+1","Headbutt+1","Dropkick+1","Necronomicurse","Perfected Strike+1","Dropkick+1","Perfected Strike+1","Pommel Strike+1","Offering+1","Sever Soul+1","Pommel Strike+1","Perfected Strike+1","Double Tap+1","Seeing Red+1","Pommel Strike+1"],"max_hp_per_floor":[80,80,80,80,80,80,80,80,80,80,80,80,80,80,80,80,80,80,80,80,80,80,80,80,80,80,80,80,80,80,80,80,80,80,80,80,80,80,80,80,80,80,80,80,80,82,82,82,82,82],"relics":["Burning Blood","Oddly Smooth Stone","Smiling Mask","Tiny Chest","Anchor","Frozen Egg 2","White Beast Statue","Necronomicon","Omamori","Dead Branch","Red Mask","Runic Cube","Molten Egg 2","Ice Cream","Sundial","Singing Bowl"],"card_choices":[{"not_picked":["Body Slam","Dropkick"],"picked":"Wild Strike","floor":1},{"not_picked":["Clash","True Grit"],"picked":"Flex","floor":4},{"not_picked":["Warcry","Power Through"],"picked":"Battle Trance","floor":10},{"not_picked":["Bludgeon","Reaper"],"picked":"Immolate","floor":16},{"not_picked":["Iron Wave","Rampage"],"picked":"Headbutt","floor":18},{"not_picked":["Sever Soul","Armaments"],"picked":"Dropkick","floor":19},{"not_picked":["Whirlwind","Inflame"],"picked":"Dropkick","floor":24},{"not_picked":["Iron Wave","Power Through"],"picked":"Perfected Strike","floor":30},{"not_picked":["Cleave","Heavy Blade"],"picked":"Pommel Strike","floor":31},{"not_picked":["Berserk","Barricade"],"picked":"Offering","floor":33},{"not_picked":["Body Slam","Uppercut"],"picked":"Sever Soul","floor":35},{"not_picked":["Entrench","Thunderclap"],"picked":"Perfected Strike","floor":39},{"not_picked":["Perfected Strike","Pommel Strike"],"picked":"Double Tap","floor":41},{"not_picked":["Shockwave","Sword Boomerang"],"picked":"Seeing Red","floor":47},{"not_picked":["Feel No Pain","Burning Pact"],"picked":"Pommel Strike","floor":48}],"player_experience":168112,"potions_floor_usage":[7,16,16,33,33,33,39,40,50,50,50],"damage_taken":[{"damage":5,"enemies":"Jaw Worm","floor":1,"turns":3},{"damage":0,"enemies":"Cultist","floor":4,"turns":2},{"damage":2,"enemies":"Gremlin Nob","floor":7,"turns":3},{"damage":6,"enemies":"2 Louse","floor":8,"turns":2},{"damage":30,"enemies":"Lagavulin","floor":10,"turns":5},{"damage":4,"enemies":"3 Sentries","floor":13,"turns":6},{"damage":50,"enemies":"Hexaghost","floor":16,"turns":9},{"damage":41,"enemies":"3 Byrds","floor":18,"turns":5},{"damage":1,"enemies":"Spheric Guardian","floor":19,"turns":3},{"damage":21,"enemies":"Snake Plant","floor":21,"turns":3},{"damage":9,"enemies":"Slavers","floor":24,"turns":3},{"damage":2,"enemies":"Centurion and Healer","floor":29,"turns":2},{"damage":0,"enemies":"Masked Bandits","floor":30,"turns":2},{"damage":0,"enemies":"Chosen and Byrds","floor":31,"turns":2},{"damage":42,"enemies":"Automaton","floor":33,"turns":6},{"damage":6,"enemies":"Flame Bruiser 1 Orb","floor":35,"turns":3},{"damage":8,"enemies":"3 Darklings","floor":37,"turns":3},{"damage":3,"enemies":"Mysterious Sphere","floor":39,"turns":2},{"damage":25,"enemies":"2 Orb Walkers","floor":40,"turns":3},{"damage":12,"enemies":"4 Shapes","floor":41,"turns":2},{"damage":0,"enemies":"Flame Bruiser 2 Orb","floor":46,"turns":2},{"damage":4,"enemies":"Sphere and 2 Shapes","floor":47,"turns":2},{"damage":0,"enemies":"Spire Growth","floor":48,"turns":2},{"damage":71,"enemies":"Time Eater","floor":50,"turns":5}],"event_choices":[{"event_name":"The Woman in Blue","player_choice":"Bought 0 Potions","floor":2,"damage_taken":0},{"event_name":"Shining Light","player_choice":"Entered Light","floor":5,"damage_taken":0},{"event_name":"Cursed Tome","player_choice":"Obtained Book","floor":20,"damage_taken":0},{"event_name":"Upgrade Shrine","player_choice":"Upgraded","floor":28,"damage_taken":0},{"event_name":"Masked Bandits","player_choice":"Fought over 150 gold","floor":30,"damage_taken":0},{"event_name":"Mysterious Sphere","player_choice":"Fight","floor":39,"damage_taken":0}],"boss_relics":[{"not_picked":["Snecko Eye","Ectoplasm"],"picked":"White Beast Statue"},{"not_picked":["Runic Dome","Sozu"],"picked":"Runic Cube"}],"potions_floor_spawned":[1,7,8,13,18,19,21,24,29,30,31,33,35,37,39,40,41,46,47,48],"seed_played":"7609154926068297509","killed_by":"Time Eater","ascension_level":0,"is_trial":false}