{"gold_per_floor":[20,20,39,51,63,63,75,105,132,132,57,57,120,20,20,99,99,119,169,269,282,346,346,346],"floor_reached":24,"playtime":1170,"items_purged":["Strike_R","Strike_R"],"score":396,"play_id":"83f4913b-bbe7-4881-8d11-7441cd058ba1","local_time":"20190304181515","is_ascension_mode":true,"campfire_choices":[{"data":"Armaments","floor":6.0,"key":"SMITH"},{"data":"Searing Blow+1","floor":12.0,"key":"SMITH"},{"data":"Searing Blow+2","floor":15.0,"key":"SMITH"},{"data":"Searing Blow+3","floor":23.0,"key":"SMITH"}],"neow_cost":"NO_GOLD","seed_source_timestamp":284109438528268,"circlet_count":0,"master_deck":["AscendersBane","Strike_R","Strike_R","Defend_R","Defend_R","Defend_R","Defend_R","Bash","Feed","True Grit","Feed","Dual Wield","Body Slam","Armaments+1","Feel No Pain","Searing Blow+4","Armaments","Double Tap","Havoc","Ghostly","Ghostly","Ghostly"],"special_seed":0,"relics":["Black Blood","Molten Egg 2","Potion Belt","SsserpentHead"],"potions_floor_usage":[24],"damage_taken":[{"damage":4.0,"enemies":"Small Slimes","floor":1.0,"turns":3.0},{"damage":0.0,"enemies":"Cultist","floor":3.0,"turns":4.0},{"damage":5.0,"enemies":"Jaw Worm","floor":4.0,"turns":3.0},{"damage":53.0,"enemies":"Lots of Slimes","floor":5.0,"turns":15.0},{"damage":14.0,"enemies":"2 Fungi Beasts","floor":7.0,"turns":4.0},{"damage":20.0,"enemies":"3 Sentries","floor":8.0,"turns":14.0},{"damage":13.0,"enemies":"3 Louse","floor":13.0,"turns":6.0},{"damage":41.0,"enemies":"Hexaghost","floor":16.0,"turns":9.0},{"damage":24.0,"enemies":"Chosen","floor":18.0,"turns":7.0},{"damage":37.0,"enemies":"Spheric Guardian","floor":21.0,"turns":10.0},{"damage":21.0,"enemies":"Snake Plant","floor":22.0,"turns":6.0},{"damage":28,"enemies":"Slavers","floor":24,"turns":3}],"seed_played":"-8415822010584890283","potions_obtained":[{"floor":3.0,"key":"LiquidBronze"},{"floor":5.0,"key":"PowerPotion"},{"floor":8.0,"key":"Energy Potion"},{"floor":18.0,"key":"LiquidBronze"},{"floor":22.0,"key":"Swift Potion"}],"is_trial":false,"path_per_floor":["M","?","M","M","M","R","M","E","T","?","$","R","M","$","R","B",null,"M","?","?","M","M","R","E"],"character_chosen":"IRONCLAD","items_purchased":[],"campfire_rested":0,"item_purchase_floors":[],"current_hp_per_floor":[73,73,81,84,52,52,50,47,47,47,47,47,50,50,50,18,101,87,64,64,37,29,29,1],"gold":346,"neow_bonus":"THREE_RARE_CARDS","is_prod":false,"is_daily":false,"chose_seed":false,"campfire_upgraded":4,"win_rate":0,"timestamp":1551694515,"path_taken":["M","?","M","M","M","R","?","E","T","?","$","R","?","$","R","BOSS","M","?","?","M","?","R","E"],"build_version":"2019-01-23","purchased_purges":2,"victory":false,"max_hp_per_floor":[78,78,81,84,99,99,105,116,116,116,116,116,126,126,126,129,129,129,64,64,64,67,67,67],"card_choices":[{"not_picked":["Juggernaut","Brutality"],"picked":"Feed","floor":0.0},{"not_picked":["Armaments","Warcry"],"picked":"True Grit","floor":1.0},{"not_picked":["Anger","Heavy Blade"],"picked":"Dual Wield","floor":3.0},{"not_picked":["Pommel Strike","Wild Strike"],"picked":"Body Slam","floor":4.0},{"not_picked":["Pommel Strike","Corruption"],"picked":"Armaments","floor":5.0},{"not_picked":["Juggernaut","Infernal Blade"],"picked":"Feel No Pain","floor":7.0},{"not_picked":["Searing Blow","Heavy Blade","Thunderclap"],"picked":"SKIP","floor":8.0},{"not_picked":["Heavy Blade","Thunderclap"],"picked":"Searing Blow","floor":8.0},{"not_picked":["True Grit","Heavy Blade+1"],"picked":"Armaments","floor":13.0},{"not_picked":["Bludgeon+1","Exhume"],"picked":"Double Tap","floor":16.0},{"not_picked":["Dual Wield","Rage"],"picked":"Havoc","floor":18.0},{"not_picked":["Twin Strike+1","Havoc","Rupture"],"picked":"SKIP","floor":21.0},{"not_picked":["Warcry","Iron Wave+1","Thunderclap+1"],"picked":"SKIP","floor":22.0}],"player_experience":1150650,"relics_obtained":[{"floor":8.0,"key":"Molten Egg 2"},{"floor":9.0,"key":"Potion Belt"}],"event_choices":[{"damage_healed":0.0,"max_hp_gain":0.0,"max_hp_loss":0.0,"gold_gain":0.0,"cards_transformed":["Strike_R"],"event_name":"Transmorgrifier","player_choice":"Transformed","floor":2.0,"gold_loss":0.0,"damage_taken":0.0,"cards_obtained":["Feed"]},{"damage_healed":0.0,"max_hp_gain":0.0,"max_hp_loss":0.0,"gold_gain":0.0,"event_name":"FaceTrader","player_choice":"Trade","floor":10.0,"gold_loss":0.0,"damage_taken":0.0,"relics_obtained":["SsserpentHead"]},{"damage_healed":0.0,"max_hp_gain":0.0,"max_hp_loss":65.0,"gold_gain":0.0,"event_name":"Ghosts","player_choice":"Became a Ghost","floor":19.0,"gold_loss":0.0,"damage_taken":0.0,"cards_obtained":["Ghostly","Ghostly","Ghostly"]},{"damage_healed":0.0,"max_hp_gain":0.0,"max_hp_loss":0.0,"gold_gain":50.0,"event_name":"Golden Shrine","player_choice":"Pray","floor":20.0,"gold_loss":0.0,"damage_taken":0.0}],"is_beta":false,"boss_relics":[{"not_picked":["Astrolabe","Tiny House"],"picked":"Black Blood"}],"items_purged_floors":[11,14],"is_endless":false,"potions_floor_spawned":[3,5,8,18,22],"killed_by":"Slavers","ascension_level":20}