{"gold_per_floor":[118,39,39,39,39,72,72,106,106,106,166,185,260,271,271,345,345,359,54,0,15,15],"floor_reached":22,"playtime":713,"items_purged":["Strike_R"],"score":500,"play_id":"581c4ac9-2e58-45dd-9475-dcc3a8b7db50","local_time":"20190227234332","is_ascension_mode":true,"campfire_choices":[{"data":"True Grit","floor":7.0,"key":"SMITH"},{"data":"Uppercut","floor":10.0,"key":"SMITH"},{"data":"Barricade","floor":15.0,"key":"SMITH"}],"neow_cost":"NONE","seed_source_timestamp":609205411873863,"circlet_count":0,"master_deck":["AscendersBane","Strike_R","Strike_R","Strike_R","Defend_R","Defend_R","Defend_R","Defend_R","Bash","True Grit+1","Power Through","Uppercut+1","Carnage","Barricade+1"],"special_seed":0,"relics":["Burning Blood","NeowsBlessing","Dream Catcher","Blood Vial","Matryoshka","Tiny Chest","Mark of Pain","Strange Spoon"],"potions_floor_usage":[22],"damage_taken":[{"damage":0.0,"enemies":"Jaw Worm","floor":1.0,"turns":1.0},{"damage":0.0,"enemies":"Gremlin Nob","floor":6.0,"turns":1.0},{"damage":0.0,"enemies":"Lagavulin","floor":8.0,"turns":1.0},{"damage":32.0,"enemies":"3 Sentries","floor":11.0,"turns":11.0},{"damage":1.0,"enemies":"2 Louse","floor":12.0,"turns":3.0},{"damage":0.0,"enemies":"Small Slimes","floor":14.0,"turns":3.0},{"damage":34.0,"enemies":"The Guardian","floor":16.0,"turns":16.0},{"damage":13.0,"enemies":"Chosen","floor":18.0,"turns":6.0},{"damage":29.0,"enemies":"Spheric Guardian","floor":21.0,"turns":10.0},{"damage":54,"enemies":"Chosen and Byrds","floor":22,"turns":9}],"seed_played":"6356144515660862696","potions_obtained":[{"floor":1.0,"key":"Explosive Potion"},{"floor":11.0,"key":"Explosive Potion"},{"floor":12.0,"key":"FearPotion"},{"floor":16.0,"key":"FearPotion"},{"floor":18.0,"key":"Block Potion"},{"floor":21.0,"key":"FearPotion"}],"is_trial":false,"path_per_floor":["M","$","?","?","$","E","R","E","T","R","E","M","?","M","R","B",null,"M","$","?","M","M"],"character_chosen":"IRONCLAD","items_purchased":["Power Through","Strange Spoon"],"campfire_rested":0,"item_purchase_floors":[2,19],"current_hp_per_floor":[74,74,79,72,72,78,78,80,80,80,54,61,50,58,58,32,68,63,63,63,42,0],"gold":15,"neow_bonus":"THREE_ENEMY_KILL","is_prod":false,"is_daily":false,"chose_seed":false,"campfire_upgraded":3,"win_rate":0,"timestamp":1551282212,"path_taken":["M","$","?","?","?","E","R","E","T","R","E","M","?","M","R","BOSS","M","$","?","M","M"],"build_version":"2019-01-23","purchased_purges":1,"victory":false,"max_hp_per_floor":[75,75,80,80,80,80,80,80,80,80,80,80,80,80,80,80,80,80,80,80,80,80],"card_choices":[{"not_picked":["Rupture","Clothesline"],"picked":"True Grit","floor":1.0},{"not_picked":["Combust","Heavy Blade","Power Through"],"picked":"SKIP","floor":6.0},{"not_picked":["Sword Boomerang","Pummel"],"picked":"Uppercut","floor":8.0},{"not_picked":["Hemokinesis","Perfected Strike","Heavy Blade"],"picked":"SKIP","floor":11.0},{"not_picked":["Corruption","Thunderclap"],"picked":"Carnage","floor":12.0},{"not_picked":["Sword Boomerang","Corruption"],"picked":"Barricade","floor":14.0},{"not_picked":["Seeing Red","Intimidate","Dual Wield"],"picked":"SKIP","floor":18.0},{"not_picked":["Clash","Hemokinesis","Cleave"],"picked":"SKIP","floor":21.0}],"player_experience":1090589,"relics_obtained":[{"floor":6.0,"key":"Dream Catcher"},{"floor":8.0,"key":"Blood Vial"},{"floor":9.0,"key":"Matryoshka"},{"floor":11.0,"key":"Tiny Chest"}],"event_choices":[{"damage_healed":0.0,"max_hp_gain":5.0,"max_hp_loss":0.0,"gold_gain":0.0,"event_name":"Big Fish","player_choice":"Donut","floor":3.0,"gold_loss":0.0,"damage_taken":0.0},{"cards_removed":["Strike_R"],"damage_healed":0.0,"max_hp_gain":0.0,"max_hp_loss":0.0,"gold_gain":0.0,"event_name":"Golden Wing","player_choice":"Card Removal","floor":4.0,"gold_loss":0.0,"damage_taken":7.0},{"damage_healed":0.0,"max_hp_gain":0.0,"max_hp_loss":0.0,"gold_gain":75.0,"event_name":"World of Goop","player_choice":"Gather Gold","floor":13.0,"gold_loss":0.0,"damage_taken":11.0},{"damage_healed":0.0,"max_hp_gain":0.0,"max_hp_loss":0.0,"gold_gain":0.0,"event_name":"Masked Bandits","player_choice":"Paid Fearfully","floor":20.0,"gold_loss":54.0,"damage_taken":0.0}],"is_beta":false,"boss_relics":[{"not_picked":["Sozu","Lizard Tail"],"picked":"Mark of Pain"}],"items_purged_floors":[19],"is_endless":false,"potions_floor_spawned":[1,11,12,16,18,21],"killed_by":"Chosen and Byrds","ascension_level":20}