{"gold_per_floor":[117,117,267,14,24,24,49,11,11,11,26,26,59,74,74,148,148,164,182,132,47,80,80,40,112,112,112,128,19,38,51,51,51],"floor_reached":33,"playtime":1500,"items_purged":["Doubt","Strike_R"],"score":556,"play_id":"e4119017-132f-4218-bb2e-c93c2f29ed0a","local_time":"20190302104556","is_ascension_mode":true,"campfire_choices":[{"data":"Carnage","floor":6.0,"key":"SMITH"},{"data":"Pommel Strike","floor":15.0,"key":"SMITH"},{"data":"Body Slam","floor":23.0,"key":"SMITH"},{"floor":27.0,"key":"REST"},{"data":"Havoc","floor":32.0,"key":"SMITH"}],"neow_cost":"NONE","seed_source_timestamp":83673495179347,"circlet_count":0,"master_deck":["AscendersBane","Strike_R","Strike_R","Strike_R","Defend_R","Defend_R","Defend_R","Defend_R","Bash","Carnage+1","Exhume","Feel No Pain","Havoc+1","Pommel Strike+1","Juggernaut","Body Slam+1","Shrug It Off+1","Evolve","Power Through+1","Barricade","Shrug It Off+1","Warcry+1","Seeing Red+1"],"special_seed":0,"relics":["Burning Blood","NeowsBlessing","Membership Card","Potion Belt","Mercury Hourglass","Smiling Mask","Toxic Egg 2","Runic Pyramid","Ancient Tea Set","Red Mask","Dream Catcher","Pen Nib"],"potions_floor_usage":[],"damage_taken":[{"damage":0.0,"enemies":"Small Slimes","floor":1.0,"turns":1.0},{"damage":0.0,"enemies":"Jaw Worm","floor":5.0,"turns":1.0},{"damage":0.0,"enemies":"Lagavulin","floor":7.0,"turns":1.0},{"damage":0.0,"enemies":"Cultist","floor":11.0,"turns":2.0},{"damage":8.0,"enemies":"Gremlin Nob","floor":13.0,"turns":3.0},{"damage":6.0,"enemies":"Looter","floor":14.0,"turns":3.0},{"damage":62.0,"enemies":"The Guardian","floor":16.0,"turns":11.0},{"damage":48.0,"enemies":"3 Byrds","floor":18.0,"turns":5.0},{"damage":3.0,"enemies":"Chosen","floor":19.0,"turns":5.0},{"damage":20.0,"enemies":"Masked Bandits","floor":22.0,"turns":5.0},{"damage":28.0,"enemies":"Snecko","floor":28.0,"turns":7.0},{"damage":10.0,"enemies":"Snake Plant","floor":30.0,"turns":4.0},{"damage":0.0,"enemies":"Centurion and Healer","floor":31.0,"turns":8.0},{"damage":31,"enemies":"Collector","floor":33,"turns":9}],"seed_played":"8754642355460039781","potions_obtained":[{"floor":1.0,"key":"GamblersBrew"},{"floor":7.0,"key":"Regen Potion"},{"floor":16.0,"key":"Dexterity Potion"},{"floor":18.0,"key":"Fire Potion"},{"floor":28.0,"key":"EssenceOfSteel"},{"floor":30.0,"key":"SteroidPotion"}],"is_trial":false,"path_per_floor":["M","?","?","$","M","R","E","$","T","$","M","?","E","M","R","B",null,"M","M","$","?","?","R","$","T","T","R","M","$","M","M","R","B"],"character_chosen":"IRONCLAD","items_purchased":["Membership Card","Feel No Pain","Power Through+1","Warcry+1","Pen Nib"],"campfire_rested":1,"item_purchase_floors":[4,8,24,29,29],"current_hp_per_floor":[74,67,67,67,73,73,75,75,75,75,75,75,73,73,73,17,61,33,36,36,36,22,22,22,22,22,44,22,22,18,24,24,0],"gold":51,"neow_bonus":"THREE_ENEMY_KILL","is_prod":false,"is_daily":false,"chose_seed":false,"campfire_upgraded":4,"win_rate":0,"timestamp":1551494756,"path_taken":["M","?","?","$","M","R","E","?","T","$","M","?","E","?","R","BOSS","M","M","$","?","?","R","$","?","T","R","M","$","M","M","R","BOSS"],"build_version":"2019-01-23","purchased_purges":2,"victory":false,"max_hp_per_floor":[75,75,75,75,75,75,75,75,75,75,75,75,75,75,75,75,75,75,75,75,75,75,75,75,75,75,75,75,75,75,75,75,75],"card_choices":[{"not_picked":["Bloodletting","Iron Wave","Twin Strike"],"picked":"SKIP","floor":1.0},{"not_picked":["Metallicize","Clothesline"],"picked":"Carnage","floor":5.0},{"not_picked":["Blood for Blood","Combust","Exhume"],"picked":"SKIP","floor":7.0},{"not_picked":["Blood for Blood","Combust"],"picked":"Exhume","floor":7.0},{"not_picked":["Armaments","Heavy Blade"],"picked":"Havoc","floor":11.0},{"not_picked":["Brutality","Flex","Whirlwind"],"picked":"SKIP","floor":13.0},{"not_picked":["Pummel","Heavy Blade"],"picked":"Pommel Strike","floor":14.0},{"not_picked":["Reaper","Demon Form"],"picked":"Juggernaut","floor":16.0},{"not_picked":["Headbutt","Reckless Charge"],"picked":"Body Slam","floor":18.0},{"not_picked":["Dual Wield+1","Blood for Blood"],"picked":"Shrug It Off+1","floor":19.0},{"not_picked":["Flame Barrier+1","Heavy Blade"],"picked":"Evolve","floor":22.0},{"not_picked":["Pommel Strike","Anger"],"picked":"Barricade","floor":27.0},{"not_picked":["Flex+1","Shockwave+1"],"picked":"Shrug It Off+1","floor":28.0},{"not_picked":["Pommel Strike","Havoc+1","Cleave"],"picked":"SKIP","floor":30.0},{"not_picked":["Wild Strike+1","Anger"],"picked":"Seeing Red+1","floor":31.0}],"player_experience":1126663,"relics_obtained":[{"floor":7.0,"key":"Potion Belt"},{"floor":9.0,"key":"Mercury Hourglass"},{"floor":12.0,"key":"Smiling Mask"},{"floor":13.0,"key":"Toxic Egg 2"},{"floor":22.0,"key":"Red Mask"},{"floor":26.0,"key":"Dream Catcher"}],"event_choices":[{"cards_removed":["Strike_R"],"damage_healed":0.0,"max_hp_gain":0.0,"max_hp_loss":0.0,"gold_gain":0.0,"event_name":"Golden Wing","player_choice":"Card Removal","floor":2.0,"gold_loss":0.0,"damage_taken":7.0},{"damage_healed":0.0,"max_hp_gain":0.0,"max_hp_loss":0.0,"gold_gain":150.0,"event_name":"Liars Game","player_choice":"AGREE","floor":3.0,"gold_loss":0.0,"damage_taken":0.0,"cards_obtained":["Doubt"]},{"damage_healed":0.0,"max_hp_gain":0.0,"max_hp_loss":0.0,"gold_gain":0.0,"event_name":"Wheel of Change","player_choice":"Relic","floor":12.0,"gold_loss":0.0,"damage_taken":0.0},{"damage_healed":0.0,"max_hp_gain":0.0,"max_hp_loss":0.0,"gold_gain":0.0,"event_name":"Addict","player_choice":"Obtained Relic","floor":21.0,"gold_loss":85.0,"damage_taken":0.0,"relics_obtained":["Ancient Tea Set"]},{"damage_healed":0.0,"max_hp_gain":0.0,"max_hp_loss":0.0,"gold_gain":0.0,"event_name":"Masked Bandits","player_choice":"Fought Bandits","floor":22.0,"gold_loss":0.0,"damage_taken":0.0}],"is_beta":false,"boss_relics":[{"not_picked":["Pandora\u0027s Box","Eternal Feather"],"picked":"Runic Pyramid"}],"items_purged_floors":[4,20],"is_endless":false,"potions_floor_spawned":[1,7,16,18,28,30],"killed_by":"Collector","ascension_level":20}