{"gold_per_floor":[113,388,406,419,31,31,57,75,75,92,121,141,157,171,171,250,250,265,265,282,182,198,198,233,233,233,252,283,198,123,170,170,242,242,257,270,220,235,254,280,280,305,305,305,305,320,320,420,420,420,420,420,420,65,91,91],"floor_reached":57,"playtime":2739,"items_purged":["Regret","Strike_R","Sword Boomerang","Strike_R+1"],"score":3078,"play_id":"22105ea9-9b40-47c2-a2b8-44f81bd40a7d","local_time":"20190225002248","is_ascension_mode":true,"campfire_choices":[{"data":"Bludgeon","floor":6.0,"key":"SMITH"},{"data":"True Grit","floor":15.0,"key":"SMITH"},{"data":"Body Slam","floor":23.0,"key":"SMITH"},{"data":"Dark Embrace","floor":25.0,"key":"SMITH"},{"data":"Evolve","floor":32.0,"key":"SMITH"},{"data":"Bloodletting","floor":41.0,"key":"SMITH"},{"data":"Power Through","floor":44.0,"key":"SMITH"},{"floor":49.0,"key":"RECALL"},{"data":"Second Wind","floor":53.0,"key":"SMITH"}],"neow_cost":"NONE","seed_source_timestamp":348945067724785,"circlet_count":0,"master_deck":["AscendersBane","Defend_R","Defend_R","Defend_R","Bash+1","Evolve+1","Shrug It Off","True Grit+1","Bludgeon+1","Dark Embrace+1","Bloodletting+1","Power Through+1","Body Slam+1","Shrug It Off","Impervious","Whirlwind","Warcry+1","Second Wind+1","Feel No Pain","Battle Trance"],"special_seed":0,"relics":["Burning Blood","NeowsBlessing","Pen Nib","Whetstone","Matryoshka","Du-Vu Doll","Coffee Dripper","Pantograph","Smiling Mask","Bronze Scales","Red Skull","Self Forming Clay","Orichalcum","Oddly Smooth Stone","Mark of Pain","Happy Flower","Vajra","Gambling Chip","Blood Vial","Bag of Preparation"],"potions_floor_usage":[56,56],"damage_taken":[{"damage":0.0,"enemies":"Small Slimes","floor":1.0,"turns":1.0},{"damage":0.0,"enemies":"Cultist","floor":3.0,"turns":1.0},{"damage":0.0,"enemies":"2 Louse","floor":4.0,"turns":1.0},{"damage":18.0,"enemies":"3 Sentries","floor":7.0,"turns":7.0},{"damage":10.0,"enemies":"Large Slime","floor":8.0,"turns":6.0},{"damage":11.0,"enemies":"Looter","floor":10.0,"turns":2.0},{"damage":11.0,"enemies":"Gremlin Nob","floor":11.0,"turns":3.0},{"damage":13.0,"enemies":"Blue Slaver","floor":12.0,"turns":2.0},{"damage":19.0,"enemies":"Exordium Wildlife","floor":13.0,"turns":5.0},{"damage":0.0,"enemies":"Looter","floor":14.0,"turns":4.0},{"damage":33.0,"enemies":"The Guardian","floor":16.0,"turns":13.0},{"damage":13.0,"enemies":"3 Byrds","floor":18.0,"turns":11.0},{"damage":0.0,"enemies":"Chosen","floor":20.0,"turns":2.0},{"damage":3.0,"enemies":"Snecko","floor":22.0,"turns":5.0},{"damage":1.0,"enemies":"Gremlin Leader","floor":24.0,"turns":4.0},{"damage":1.0,"enemies":"Centurion and Healer","floor":27.0,"turns":7.0},{"damage":0.0,"enemies":"Book of Stabbing","floor":28.0,"turns":4.0},{"damage":23.0,"enemies":"Champ","floor":33.0,"turns":13.0},{"damage":0.0,"enemies":"Orb Walker","floor":35.0,"turns":3.0},{"damage":6.0,"enemies":"3 Shapes","floor":36.0,"turns":3.0},{"damage":29.0,"enemies":"Writhing Mass","floor":38.0,"turns":6.0},{"damage":3.0,"enemies":"Jaw Worm Horde","floor":39.0,"turns":4.0},{"damage":3.0,"enemies":"Reptomancer","floor":40.0,"turns":2.0},{"damage":23.0,"enemies":"Nemesis","floor":42.0,"turns":5.0},{"damage":6.0,"enemies":"Maw","floor":46.0,"turns":7.0},{"damage":0.0,"enemies":"Mind Bloom Boss Battle","floor":48.0,"turns":4.0},{"damage":3.0,"enemies":"Donu and Deca","floor":50.0,"turns":6.0},{"damage":35.0,"enemies":"Awakened One","floor":51.0,"turns":8.0},{"damage":0,"enemies":"Shield and Spear","floor":55,"turns":5},{"damage":3,"enemies":"The Heart","floor":56,"turns":6}],"seed_played":"-644027489662330087","potions_obtained":[{"floor":1.0,"key":"Fire Potion"},{"floor":3.0,"key":"Ancient Potion"},{"floor":8.0,"key":"BloodPotion"},{"floor":12.0,"key":"GamblersBrew"},{"floor":18.0,"key":"Energy Potion"},{"floor":28.0,"key":"Energy Potion"},{"floor":36.0,"key":"SteroidPotion"},{"floor":39.0,"key":"GamblersBrew"},{"floor":42.0,"key":"Swift Potion"},{"floor":48.0,"key":"SteroidPotion"}],"is_trial":false,"path_per_floor":["M","?","M","M","$","R","E","M","T","M","E","M","M","M","R","B",null,"M","?","M","$","M","R","E","R","T","M","E","?","?","T","R","B",null,"M","M","$","M","M","E","R","E","T","R","?","M","?","?","R","B","B",null,"R","$","E","B",null],"character_chosen":"IRONCLAD","items_purchased":["Pen Nib","Bludgeon","PowerPotion","Blood Vial","Feel No Pain"],"campfire_rested":0,"item_purchase_floors":[5,5,54,54,54],"current_hp_per_floor":[74,74,75,75,75,75,63,59,59,54,49,42,29,35,35,8,58,51,51,57,57,60,60,65,65,65,70,75,75,75,75,75,58,71,75,75,75,52,55,58,58,41,41,41,41,41,41,71,71,71,42,64,64,64,71,71],"gold":91,"neow_bonus":"THREE_ENEMY_KILL","is_prod":false,"is_daily":false,"chose_seed":false,"campfire_upgraded":8,"win_rate":0,"timestamp":1551025368,"path_taken":["M","?","M","?","$","R","E","M","T","M","E","M","M","M","R","BOSS","M","?","M","$","M","R","E","R","T","M","E","?","?","?","R","BOSS","M","M","$","M","M","E","R","E","T","R","?","M","?","?","R","BOSS","BOSS","R","$","E","BOSS"],"build_version":"2019-01-23","purchased_purges":4,"victory":true,"max_hp_per_floor":[75,75,75,75,75,75,75,75,75,75,75,75,75,75,75,75,75,75,75,75,75,75,75,75,75,75,75,75,75,75,75,75,75,75,75,75,75,75,75,75,75,75,75,75,71,71,71,71,71,71,71,71,71,71,71,71],"card_choices":[{"not_picked":["Cleave","Clash"],"picked":"Evolve","floor":1.0},{"not_picked":["Whirlwind","Headbutt"],"picked":"Shrug It Off","floor":3.0},{"not_picked":["Headbutt","Clothesline"],"picked":"True Grit","floor":4.0},{"not_picked":["Thunderclap","Reckless Charge"],"picked":"Dark Embrace","floor":7.0},{"not_picked":["Iron Wave","Combust"],"picked":"Bloodletting","floor":8.0},{"not_picked":["Rampage","Cleave","Intimidate"],"picked":"SKIP","floor":10.0},{"not_picked":["Body Slam","Sword Boomerang"],"picked":"Power Through","floor":11.0},{"not_picked":["Armaments","Battle Trance"],"picked":"Body Slam","floor":12.0},{"not_picked":["Heavy Blade","True Grit"],"picked":"Shrug It Off","floor":13.0},{"not_picked":["Blood for Blood","Sword Boomerang","Inflame"],"picked":"SKIP","floor":14.0},{"not_picked":["Demon Form","Feed"],"picked":"Impervious","floor":16.0},{"not_picked":["Pommel Strike","Rupture","Flame Barrier"],"picked":"SKIP","floor":18.0},{"not_picked":["Seeing Red","Sever Soul+1","Heavy Blade"],"picked":"SKIP","floor":20.0},{"not_picked":["Perfected Strike","Flex","Whirlwind"],"picked":"SKIP","floor":22.0},{"not_picked":["Warcry","Dark Embrace","Headbutt"],"picked":"SKIP","floor":24.0},{"not_picked":["Carnage+1","Anger","Rampage"],"picked":"SKIP","floor":27.0},{"not_picked":["Flex","Intimidate+1","Anger"],"picked":"SKIP","floor":28.0},{"not_picked":["Headbutt","Body Slam","Cleave+1"],"picked":"SKIP","floor":35.0},{"not_picked":["Thunderclap","Havoc","Reckless Charge"],"picked":"SKIP","floor":36.0},{"not_picked":["Wild Strike","Dropkick","Cleave+1"],"picked":"SKIP","floor":38.0},{"not_picked":["Armaments","Shrug It Off+1"],"picked":"Warcry+1","floor":39.0},{"not_picked":["Twin Strike+1","Heavy Blade","Brutality"],"picked":"SKIP","floor":40.0},{"not_picked":["Clothesline","Metallicize","Cleave"],"picked":"SKIP","floor":42.0},{"not_picked":["Rupture+1","Body Slam"],"picked":"Second Wind","floor":46.0},{"not_picked":["Flame Barrier","Cleave+1"],"picked":"Battle Trance","floor":55}],"player_experience":1048763,"relics_obtained":[{"floor":7.0,"key":"Whetstone"},{"floor":9.0,"key":"Matryoshka"},{"floor":11.0,"key":"Du-Vu Doll"},{"floor":24.0,"key":"Pantograph"},{"floor":26.0,"key":"Smiling Mask"},{"floor":26.0,"key":"Bronze Scales"},{"floor":28.0,"key":"Red Skull"},{"floor":31.0,"key":"Orichalcum"},{"floor":31.0,"key":"Oddly Smooth Stone"},{"floor":40.0,"key":"Happy Flower"},{"floor":42.0,"key":"Vajra"},{"floor":48.0,"key":"Gambling Chip"},{"floor":55,"key":"Bag of Preparation"}],"event_choices":[{"damage_healed":0.0,"max_hp_gain":0.0,"max_hp_loss":0.0,"gold_gain":275.0,"event_name":"Golden Shrine","player_choice":"Desecrate","floor":2.0,"gold_loss":0.0,"damage_taken":0.0,"cards_obtained":["Regret"]},{"damage_healed":0.0,"max_hp_gain":0.0,"max_hp_loss":0.0,"gold_gain":0.0,"cards_transformed":["Strike_R","Strike_R"],"event_name":"Drug Dealer","player_choice":"Became Test Subject","floor":19.0,"gold_loss":0.0,"damage_taken":0.0,"cards_obtained":["Sword Boomerang","Whirlwind"]},{"damage_healed":0.0,"max_hp_gain":0.0,"max_hp_loss":0.0,"gold_gain":0.0,"event_name":"Addict","player_choice":"Obtained Relic","floor":29.0,"gold_loss":85.0,"damage_taken":0.0,"relics_obtained":["Self Forming Clay"]},{"cards_removed":["Strike_R"],"damage_healed":0.0,"max_hp_gain":0.0,"max_hp_loss":0.0,"gold_gain":0.0,"event_name":"Beggar","player_choice":"Gave Gold","floor":30.0,"gold_loss":75.0,"damage_taken":0.0},{"damage_healed":0.0,"max_hp_gain":0.0,"max_hp_loss":4.0,"gold_gain":0.0,"event_name":"Winding Halls","player_choice":"Max HP","floor":45.0,"gold_loss":0.0,"damage_taken":0.0},{"cards_removed":["Defend_R"],"damage_healed":0.0,"max_hp_gain":0.0,"max_hp_loss":0.0,"gold_gain":0.0,"event_name":"Falling","player_choice":"Removed Skill","floor":47.0,"gold_loss":0.0,"damage_taken":0.0},{"damage_healed":0.0,"max_hp_gain":0.0,"max_hp_loss":0.0,"gold_gain":0.0,"event_name":"MindBloom","player_choice":"Fight","floor":48.0,"gold_loss":0.0,"damage_taken":0.0}],"is_beta":false,"boss_relics":[{"not_picked":["Black Star","Cursed Key"],"picked":"Coffee Dripper"},{"not_picked":["Tiny House","Calling Bell"],"picked":"Mark of Pain"}],"items_purged_floors":[5,21,37,54],"is_endless":false,"potions_floor_spawned":[1,3,4,8,12,18,22,28,36,39,42,48],"ascension_level":20}