{"gold_per_floor":[119,119,44,44,44,74,74,89,89,102,117,128,143,163,163,260,260,274,292,157,173,191,191,202,202,228,257,128,145,55,74,74,177,177,190,190,210,210,210,210],"floor_reached":40,"playtime":4564,"items_purged":["Strike_B","Strike_B","Defend_B"],"score":461,"play_id":"10fdfeff-0749-4e1e-b47b-a1f2cbe86fe5","local_time":"20190512224310","is_ascension_mode":true,"campfire_choices":[{"data":"Conserve Battery","floor":7,"key":"SMITH"},{"data":"Blizzard","floor":15,"key":"SMITH"},{"data":"Redo","floor":23,"key":"SMITH"},{"data":"Consume","floor":25,"key":"SMITH"},{"floor":32,"key":"REST"}],"neow_cost":"NONE","seed_source_timestamp":5098323427129100,"circlet_count":0,"master_deck":["Strike_B","Defend_B","Defend_B","Zap","Dualcast","Conserve Battery+1","Coolheaded+1","Redo+1","Blizzard+1","Go for the Eyes","Glacier","Cold Snap","Coolheaded","Core Surge","Consume+1","Steam","Capacitor","Go for the Eyes+1","Defragment+1","Double Energy+1","Self Repair","Electrodynamics","BootSequence","Reboot","PanicButton"],"relics":["Cracked Core","NeowsBlessing","Question Card","Inserter","PreservedInsect","Smiling Mask","Nuclear Battery"],"potions_floor_usage":[16,27,27,33,33,38],"damage_taken":[{"damage":0,"enemies":"Jaw Worm","floor":1,"turns":1},{"damage":0,"enemies":"Gremlin Nob","floor":6,"turns":1},{"damage":0,"enemies":"Small Slimes","floor":8,"turns":1},{"damage":4,"enemies":"Cultist","floor":10,"turns":3},{"damage":8,"enemies":"Lots of Slimes","floor":11,"turns":5},{"damage":7,"enemies":"Gremlin Gang","floor":12,"turns":5},{"damage":2,"enemies":"3 Louse","floor":13,"turns":6},{"damage":9,"enemies":"Red Slaver","floor":14,"turns":4},{"damage":6,"enemies":"The Guardian","floor":16,"turns":11},{"damage":5,"enemies":"Chosen","floor":18,"turns":7},{"damage":19,"enemies":"3 Byrds","floor":19,"turns":6},{"damage":0,"enemies":"Snecko","floor":21,"turns":8},{"damage":17,"enemies":"Snake Plant","floor":22,"turns":6},{"damage":14,"enemies":"3 Cultists","floor":24,"turns":9},{"damage":3,"enemies":"Slavers","floor":27,"turns":7},{"damage":8,"enemies":"Shelled Parasite and Fungi","floor":29,"turns":10},{"damage":1,"enemies":"Snecko","floor":31,"turns":7},{"damage":3,"enemies":"Collector","floor":33,"turns":12},{"damage":3,"enemies":"3 Darklings","floor":35,"turns":5},{"damage":3,"enemies":"3 Shapes","floor":37,"turns":2},{"damage":29,"enemies":"Jaw Worm Horde","floor":38,"turns":3},{"damage":47,"enemies":"Reptomancer","floor":40,"turns":2}],"seed_played":"6127002178012788668","potions_obtained":[{"floor":6,"key":"Energy Potion"},{"floor":10,"key":"EssenceOfSteel"},{"floor":13,"key":"PowerPotion"},{"floor":21,"key":"Swift Potion"},{"floor":31,"key":"Poison Potion"},{"floor":33,"key":"SmokeBomb"}],"is_trial":false,"path_per_floor":["M","?","$","?","$","E","R","M","T","M","M","M","M","M","R","B",null,"M","M","$","M","M","R","M","R","T","E","$","M","?","M","R","B",null,"M","?","M","M","?","E"],"character_chosen":"DEFECT","items_purchased":["Capacitor","Self Repair"],"campfire_rested":1,"item_purchase_floors":[20,28],"current_hp_per_floor":[75,75,75,68,68,68,68,68,68,64,56,49,47,38,38,32,75,70,51,51,51,34,34,20,20,20,17,17,16,16,22,44,48,75,75,75,75,46,46,0],"gold":210,"neow_bonus":"THREE_ENEMY_KILL","is_prod":false,"is_daily":false,"chose_seed":false,"campfire_upgraded":4,"win_rate":0,"timestamp":1557715390,"path_taken":["M","?","$","?","?","E","R","?","T","M","M","M","M","M","R","BOSS","M","?","$","M","?","R","M","R","T","E","$","?","?","?","R","BOSS","M","?","?","M","?","E"],"build_version":"2019-01-23","purchased_purges":3,"victory":false,"max_hp_per_floor":[75,75,75,75,75,75,75,75,75,75,75,75,75,75,75,75,75,75,75,75,75,75,75,75,75,75,75,75,75,75,75,75,75,75,75,75,75,75,75,75],"card_choices":[{"not_picked":["Sweeping Beam","Redo"],"picked":"Conserve Battery","floor":1},{"not_picked":["Turbo","Steam"],"picked":"Coolheaded","floor":6},{"not_picked":["Stack","Undo","Turbo"],"picked":"Redo","floor":8},{"not_picked":["Conserve Battery","Stack","Compile Driver"],"picked":"Blizzard","floor":10},{"not_picked":["Leap","Chaos","Aggregate"],"picked":"Go for the Eyes","floor":11},{"not_picked":["Conserve Battery","Hologram","Rainbow"],"picked":"Glacier","floor":12},{"not_picked":["Barrage","Reinforced Body","Doom and Gloom"],"picked":"Cold Snap","floor":13},{"not_picked":["Auto Shields","Steam","Rebound"],"picked":"Coolheaded","floor":14},{"not_picked":["Multi-Cast","Hyperbeam","Fission"],"picked":"Core Surge","floor":16},{"not_picked":["Coolheaded","Heatsinks","Sweeping Beam+1"],"picked":"Consume","floor":18},{"not_picked":["Tempest","Leap","Sweeping Beam+1"],"picked":"Steam","floor":19},{"not_picked":["Conserve Battery","Ball Lightning","Aggregate","Gash"],"picked":"SKIP","floor":21},{"not_picked":["Conserve Battery","Hello World+1","Steam Power"],"picked":"Go for the Eyes+1","floor":22},{"not_picked":["Hologram","Sunder","Conserve Battery"],"picked":"Defragment+1","floor":24},{"not_picked":["Heatsinks","Turbo+1","Cold Snap"],"picked":"Double Energy+1","floor":27},{"not_picked":["Go for the Eyes","Auto Shields","Compile Driver"],"picked":"Electrodynamics","floor":29},{"not_picked":["FTL","Chill","Defragment"],"picked":"BootSequence","floor":31},{"not_picked":["Biased Cognition","Meteor Strike","Core Surge"],"picked":"Reboot","floor":33},{"not_picked":["Ball Lightning","Sweeping Beam+1","Tempest+1","Leap+1"],"picked":"SKIP","floor":35},{"not_picked":["Cold Snap","Streamline","Leap","Beam Cell"],"picked":"SKIP","floor":37},{"not_picked":["Panacea","Madness","Bandage Up"],"picked":"PanicButton","floor":39}],"player_experience":109196,"relics_obtained":[{"floor":6,"key":"Question Card"},{"floor":26,"key":"PreservedInsect"},{"floor":27,"key":"Smiling Mask"}],"event_choices":[{"damage_healed":0,"gold_gain":0,"player_choice":"Ignored","damage_taken":0,"max_hp_gain":0,"max_hp_loss":0,"event_name":"Liars Game","floor":2,"gold_loss":0},{"cards_removed":["Defend_B"],"damage_healed":0,"gold_gain":0,"player_choice":"Card Removal","damage_taken":7,"max_hp_gain":0,"max_hp_loss":0,"event_name":"Golden Wing","floor":4,"gold_loss":0},{"cards_removed":["Strike_B"],"damage_healed":0,"gold_gain":0,"player_choice":"Upgrade and Remove","damage_taken":0,"max_hp_gain":0,"max_hp_loss":0,"event_name":"Designer","floor":30,"gold_loss":90,"cards_upgraded":["Coolheaded"]},{"damage_healed":0,"gold_gain":0,"player_choice":"Ignored","damage_taken":0,"max_hp_gain":0,"max_hp_loss":0,"event_name":"NoteForYourself","floor":36,"gold_loss":0},{"damage_healed":0,"gold_gain":0,"player_choice":"Memory 1","damage_taken":0,"max_hp_gain":0,"max_hp_loss":0,"event_name":"SensoryStone","floor":39,"gold_loss":0}],"is_beta":false,"boss_relics":[{"not_picked":["Sozu","Ectoplasm"],"picked":"Inserter"},{"not_picked":["Velvet Choker","Eternal Feather"],"picked":"Nuclear Battery"}],"items_purged_floors":[3,20,28],"is_endless":false,"potions_floor_spawned":[6,10,13,21,31,33,38],"killed_by":"Reptomancer","ascension_level":1}