{"gold_per_floor":[119,119,119,133,151,485,485,501,583,583,597,622,632,660,660,757,757,768,768,797,809,600,627,637,665,665,681,712,712,712,732,732,831,831,848,858,878,878,327,357,357,74,74,92,6,41,57,57,57,57,57,57,57,83,83],"floor_reached":56,"playtime":3636,"items_purged":["Strike_R"],"score":1580,"play_id":"f8f5c72b-589a-4d0e-943d-064c88dbe570","local_time":"20181209195648","is_ascension_mode":true,"campfire_choices":[{"data":"Uppercut","floor":7.0,"key":"SMITH"},{"data":"Flame Barrier","floor":15.0,"key":"SMITH"},{"floor":29.0,"key":"REST"},{"floor":32.0,"key":"REST"},{"floor":41.0,"key":"RECALL"}],"neow_cost":"NONE","seed_source_timestamp":0,"circlet_count":0,"master_deck":["Strike_R+1","Defend_R+1","Defend_R+1","Defend_R+1","Defend_R+1","Bash+1","Uppercut+1","Juggernaut+1","Headbutt+1","Cleave+1","Seeing Red+1","Pommel Strike+1","Iron Wave+1","Whirlwind+1","Flame Barrier+1","Offering+1","Corruption+1","Shrug It Off+1","Flex+1","Shrug It Off+1","Intimidate+1","True Grit+1","Exhume+1","Ghostly Armor+1","True Grit+1","Disarm+1","Fiend Fire+1","Dual Wield+1","Rage+1","Clothesline+1","Carnage+1","Thunderclap+1","Feel No Pain+1","Bandage Up+1","Magnetism+1","Sentinel+1","Impervious+1","Havoc+1","Jack Of All Trades+1","Demon Form+1"],"special_seed":0,"relics":["Burning Blood","Old Coin","Gremlin Horn","Orichalcum","Mummified Hand","Fusion Hammer","Red Mask","Sling","Whetstone","Dead Branch","Matryoshka","Prayer Wheel","Enchiridion","Coffee Dripper","Omamori","Ice Cream","ClockworkSouvenir","Potion Belt","Unceasing Top","Mark of the Bloom","Mercury Hourglass"],"potions_floor_usage":[55],"damage_taken":[{"damage":5.0,"enemies":"2 Louse","floor":1.0,"turns":3.0},{"damage":1.0,"enemies":"Cultist","floor":4.0,"turns":3.0},{"damage":0.0,"enemies":"Small Slimes","floor":5.0,"turns":2.0},{"damage":25.0,"enemies":"Gremlin Nob","floor":6.0,"turns":4.0},{"damage":6.0,"enemies":"Exordium Wildlife","floor":8.0,"turns":3.0},{"damage":12.0,"enemies":"Looter","floor":11.0,"turns":3.0},{"damage":15.0,"enemies":"3 Sentries","floor":12.0,"turns":6.0},{"damage":1.0,"enemies":"2 Fungi Beasts","floor":13.0,"turns":2.0},{"damage":19.0,"enemies":"Lagavulin","floor":14.0,"turns":5.0},{"damage":27.0,"enemies":"Hexaghost","floor":16.0,"turns":11.0},{"damage":6.0,"enemies":"Spheric Guardian","floor":18.0,"turns":3.0},{"damage":0.0,"enemies":"Masked Bandits","floor":20.0,"turns":1.0},{"damage":6.0,"enemies":"Chosen","floor":21.0,"turns":3.0},{"damage":20.0,"enemies":"Book of Stabbing","floor":23.0,"turns":3.0},{"damage":6.0,"enemies":"Centurion and Healer","floor":24.0,"turns":4.0},{"damage":22.0,"enemies":"Gremlin Leader","floor":25.0,"turns":3.0},{"damage":11.0,"enemies":"Snake Plant","floor":27.0,"turns":3.0},{"damage":6.0,"enemies":"Book of Stabbing","floor":28.0,"turns":4.0},{"damage":13.0,"enemies":"Shelled Parasite and Fungi","floor":31.0,"turns":3.0},{"damage":23.0,"enemies":"Automaton","floor":33.0,"turns":4.0},{"damage":16.0,"enemies":"3 Shapes","floor":35.0,"turns":3.0},{"damage":6.0,"enemies":"Orb Walker","floor":36.0,"turns":3.0},{"damage":2.0,"enemies":"Spire Growth","floor":37.0,"turns":4.0},{"damage":18.0,"enemies":"Nemesis","floor":40.0,"turns":5.0},{"damage":18.0,"enemies":"Writhing Mass","floor":44.0,"turns":3.0},{"damage":6.0,"enemies":"Reptomancer","floor":46.0,"turns":2.0},{"damage":11.0,"enemies":"Jaw Worm Horde","floor":47.0,"turns":2.0},{"damage":5.0,"enemies":"Time Eater","floor":50.0,"turns":7.0},{"damage":23.0,"enemies":"Shield and Spear","floor":54.0,"turns":2.0},{"damage":18,"enemies":"The Heart","floor":55,"turns":5}],"seed_played":"-7697066600721055890","potions_obtained":[{"floor":8.0,"key":"PowerPotion"},{"floor":11.0,"key":"PowerPotion"},{"floor":13.0,"key":"Energy Potion"},{"floor":16.0,"key":"PowerPotion"},{"floor":23.0,"key":"SkillPotion"},{"floor":24.0,"key":"Dexterity Potion"},{"floor":25.0,"key":"SpeedPotion"},{"floor":37.0,"key":"Energy Potion"},{"floor":54.0,"key":"Explosive Potion"}],"is_trial":false,"path_per_floor":["M","?","$","M","M","E","R","M","T","?","M","E","M","M","E","R","B",null,"M","?","?","M","$","E","M","E","T","M","E","R","?","M","R","B",null,"M","M","M","?","$","E","R","$","T","M","$","E","M","?","R","B",null,"R","$","E","B",null],"character_chosen":"IRONCLAD","items_purchased":["Sling","Feel No Pain","Bandage Up","Magnetism","Omamori","Impervious","ClockworkSouvenir","Jack Of All Trades"],"campfire_rested":2,"item_purchase_floors":[22,39,39,39,39,42,42,45],"current_hp_per_floor":[80,80,80,80,80,61,61,61,61,61,55,46,51,38,38,17,80,80,80,80,80,80,66,66,50,50,45,45,69,53,46,70,53,80,70,70,74,74,74,66,66,66,66,54,54,54,49,49,49,44,44,44,44,21,3],"gold":83,"neow_bonus":"UPGRADE_CARD","is_prod":false,"is_daily":false,"chose_seed":false,"campfire_upgraded":2,"win_rate":0,"timestamp":1544403408,"path_taken":["M","?","?","M","M","E","R","M","T","?","M","E","?","E","R","BOSS","M","?","?","M","$","E","M","E","T","M","E","R","?","M","R","BOSS","M","M","M","?","$","E","R","$","T","M","?","E","M","?","R","BOSS","R","$","E","BOSS"],"build_version":"2018-12-06","purchased_purges":1,"victory":true,"max_hp_per_floor":[80,80,80,80,80,80,80,80,80,80,80,80,80,80,80,80,80,80,80,80,80,80,80,80,80,80,80,80,80,80,80,80,80,80,80,80,80,80,80,80,80,80,80,80,80,80,80,80,80,80,80,80,80,80,80],"card_choices":[{"not_picked":["Sword Boomerang","Evolve"],"picked":"Uppercut","floor":1.0},{"not_picked":["Warcry","Heavy Blade"],"picked":"Headbutt","floor":4.0},{"not_picked":["Twin Strike","Second Wind"],"picked":"Cleave","floor":5.0},{"not_picked":["Impervious","Immolate"],"picked":"Seeing Red","floor":6.0},{"not_picked":["Twin Strike","Shrug It Off"],"picked":"Pommel Strike","floor":8.0},{"not_picked":["Searing Blow","Headbutt"],"picked":"Iron Wave","floor":11.0},{"not_picked":["Headbutt","Fire Breathing"],"picked":"Whirlwind","floor":12.0},{"not_picked":["Second Wind","True Grit","Clash"],"picked":"SKIP","floor":13.0},{"not_picked":["Barricade","Body Slam"],"picked":"Flame Barrier","floor":14.0},{"not_picked":["Brutality","Limit Break"],"picked":"Offering","floor":16.0},{"not_picked":["Clothesline","Clash+1"],"picked":"Corruption+1","floor":18.0},{"not_picked":["Pommel Strike","Havoc"],"picked":"Shrug It Off","floor":20.0},{"not_picked":["Anger+1","Dual Wield"],"picked":"Flex","floor":21.0},{"not_picked":["Blood for Blood","Bloodletting"],"picked":"Shrug It Off","floor":23.0},{"not_picked":["Sever Soul","Rampage"],"picked":"Intimidate","floor":24.0},{"not_picked":["Fire Breathing","Flex"],"picked":"True Grit","floor":25.0},{"not_picked":["Pummel","Clash+1"],"picked":"Exhume","floor":27.0},{"not_picked":["Hemokinesis+1","Wild Strike"],"picked":"Ghostly Armor","floor":28.0},{"not_picked":["Wild Strike","Sword Boomerang"],"picked":"True Grit+1","floor":31.0},{"not_picked":["Body Slam","Clothesline"],"picked":"Disarm","floor":31.0},{"not_picked":["Feed","Barricade"],"picked":"Fiend Fire","floor":33.0},{"not_picked":["Thunderclap+1","Clothesline+1"],"picked":"Dual Wield+1","floor":35.0},{"not_picked":["Corruption","Pummel"],"picked":"Rage","floor":35.0},{"not_picked":["Iron Wave","Metallicize"],"picked":"Clothesline","floor":36.0},{"not_picked":["Clash","Perfected Strike+1"],"picked":"Carnage+1","floor":36.0},{"not_picked":["Clothesline+1","Clash"],"picked":"Thunderclap","floor":37.0},{"not_picked":["Clothesline+1","Brutality","Dual Wield+1"],"picked":"SKIP","floor":37.0},{"not_picked":["Perfected Strike","Clothesline"],"picked":"Sentinel+1","floor":40.0},{"not_picked":["Shrug It Off","Metallicize+1"],"picked":"Havoc+1","floor":44.0},{"not_picked":["Sword Boomerang","Clash+1","Inflame"],"picked":"SKIP","floor":44.0},{"not_picked":["Burning Pact+1","Uppercut"],"picked":"Demon Form","floor":46.0},{"not_picked":["Shrug It Off","Flame Barrier","Twin Strike"],"picked":"SKIP","floor":47.0},{"not_picked":["Perfected Strike","Headbutt+1","Sword Boomerang"],"picked":"SKIP","floor":47.0},{"not_picked":["Perfected Strike","Iron Wave+1","Clothesline"],"picked":"SKIP","floor":54.0}],"player_experience":138348,"relics_obtained":[{"floor":6.0,"key":"Old Coin"},{"floor":9.0,"key":"Gremlin Horn"},{"floor":12.0,"key":"Orichalcum"},{"floor":14.0,"key":"Mummified Hand"},{"floor":20.0,"key":"Red Mask"},{"floor":23.0,"key":"Whetstone"},{"floor":25.0,"key":"Dead Branch"},{"floor":26.0,"key":"Matryoshka"},{"floor":28.0,"key":"Prayer Wheel"},{"floor":30.0,"key":"Enchiridion"},{"floor":40.0,"key":"Ice Cream"},{"floor":43.0,"key":"Potion Belt"},{"floor":46.0,"key":"Unceasing Top"},{"floor":54.0,"key":"Mercury Hourglass"}],"event_choices":[{"damage_healed":0.0,"max_hp_gain":0.0,"max_hp_loss":0.0,"gold_gain":0.0,"cards_transformed":["Strike_R"],"event_name":"Transmorgrifier","player_choice":"Transformed","floor":2.0,"gold_loss":0.0,"damage_taken":0.0,"cards_obtained":["Juggernaut"]},{"cards_removed":["Strike_R"],"damage_healed":0.0,"max_hp_gain":0.0,"max_hp_loss":0.0,"gold_gain":0.0,"event_name":"Bonfire Elementals","player_choice":"Offered Basic","floor":10.0,"gold_loss":0.0,"damage_taken":0.0},{"damage_healed":0.0,"max_hp_gain":0.0,"max_hp_loss":0.0,"gold_gain":0.0,"event_name":"Vampires","player_choice":"Ignored","floor":19.0,"gold_loss":0.0,"damage_taken":0.0},{"damage_healed":0.0,"max_hp_gain":0.0,"max_hp_loss":0.0,"gold_gain":0.0,"event_name":"Masked Bandits","player_choice":"Fought Bandits","floor":20.0,"gold_loss":0.0,"damage_taken":0.0},{"damage_healed":0.0,"max_hp_gain":0.0,"max_hp_loss":0.0,"gold_gain":0.0,"event_name":"Cursed Tome","player_choice":"Obtained Book","floor":30.0,"gold_loss":0.0,"damage_taken":16.0},{"cards_removed":["Strike_R"],"damage_healed":0.0,"max_hp_gain":0.0,"max_hp_loss":0.0,"gold_gain":0.0,"event_name":"Purifier","player_choice":"Purged","floor":38.0,"gold_loss":0.0,"damage_taken":0.0},{"damage_healed":0.0,"max_hp_gain":0.0,"max_hp_loss":0.0,"gold_gain":0.0,"event_name":"MindBloom","player_choice":"Upgrade","floor":48.0,"gold_loss":0.0,"damage_taken":0.0,"cards_upgraded":["Strike_R","Defend_R","Defend_R","Defend_R","Defend_R","Juggernaut","Headbutt","Cleave","Seeing Red","Iron Wave","Offering","Shrug It Off","Flex","Shrug It Off","Intimidate","True Grit","Exhume","Ghostly Armor","Disarm","Fiend Fire","Rage","Clothesline","Thunderclap","Feel No Pain","Bandage Up","Magnetism","Impervious","Jack Of All Trades","Demon Form"],"relics_obtained":["Mark of the Bloom"]}],"is_beta":false,"boss_relics":[{"not_picked":["Orrery","Empty Cage"],"picked":"Fusion Hammer"},{"not_picked":["Tiny House","Runic Pyramid"],"picked":"Coffee Dripper"}],"items_purged_floors":[39],"is_endless":false,"potions_floor_spawned":[8,11,13,16,18,23,24,25,36,37,40,54],"ascension_level":4}