{"gold_per_floor":[114,114,114,39,51,83,98,121,148,148,161,161,179,196,196,274,274,287,287,287,54,54,54],"floor_reached":23,"playtime":812,"items_purged":["Strike_R"],"score":378,"play_id":"dbc7e2f8-bd18-4bb6-9ee9-be51726b66e7","local_time":"20190502104905","is_ascension_mode":true,"campfire_choices":[{"floor":10,"key":"REST"},{"data":"True Grit","floor":12,"key":"SMITH"},{"data":"Bash","floor":15,"key":"SMITH"}],"neow_cost":"NONE","seed_source_timestamp":1362567905598700,"circlet_count":0,"master_deck":["AscendersBane","Strike_R+1","Strike_R+1","Strike_R","Defend_R","Defend_R","Defend_R","Bash+1","Shrug It Off","Heavy Blade+1","Cleave+1","True Grit+1","Offering","Double Tap","Armaments","Flex","Metallicize","Finesse"],"relics":["Burning Blood","Vajra","Regal Pillow","Red Skull","Bag of Marbles","Runic Pyramid","Whetstone","Dream Catcher"],"potions_floor_usage":[6,16,18],"damage_taken":[{"damage":6,"enemies":"Cultist","floor":1,"turns":3},{"damage":2,"enemies":"Jaw Worm","floor":5,"turns":3},{"damage":35,"enemies":"Lagavulin","floor":6,"turns":4},{"damage":0,"enemies":"Small Slimes","floor":7,"turns":2},{"damage":5,"enemies":"Red Slaver","floor":11,"turns":3},{"damage":5,"enemies":"Gremlin Gang","floor":13,"turns":5},{"damage":6,"enemies":"Exordium Wildlife","floor":14,"turns":2},{"damage":36,"enemies":"Slime Boss","floor":16,"turns":8},{"damage":28,"enemies":"3 Byrds","floor":18,"turns":4},{"damage":42,"enemies":"Slavers","floor":23,"turns":2}],"seed_played":"5910451325887353492","potions_obtained":[{"floor":1,"key":"FearPotion"},{"floor":11,"key":"GamblersBrew"},{"floor":13,"key":"SteroidPotion"}],"is_trial":false,"path_per_floor":["M","?","?","$","M","E","M","T","T","R","M","R","M","M","R","B",null,"M","?","T","$","?","E"],"character_chosen":"IRONCLAD","items_purchased":["Flex","Metallicize","Finesse"],"campfire_rested":1,"item_purchase_floors":[21,21,21],"current_hp_per_floor":[68,61,38,38,42,13,19,19,19,56,57,57,58,58,58,28,63,41,41,41,41,41,0],"gold":54,"neow_bonus":"RANDOM_COMMON_RELIC","is_prod":false,"is_daily":false,"chose_seed":false,"campfire_upgraded":2,"win_rate":0,"timestamp":1556790545,"path_taken":["M","?","?","?","?","E","?","?","T","R","?","R","M","M","R","BOSS","M","?","?","$","?","E"],"build_version":"2019-01-23","purchased_purges":1,"victory":false,"max_hp_per_floor":[75,75,75,75,75,75,75,75,75,75,75,75,75,75,75,75,75,75,75,75,75,75,75],"card_choices":[{"not_picked":["Wild Strike","Ghostly Armor"],"picked":"Shrug It Off","floor":1},{"not_picked":["Dropkick","Armaments"],"picked":"Heavy Blade","floor":5},{"not_picked":["Perfected Strike","Pommel Strike"],"picked":"Cleave","floor":6},{"not_picked":["Rage","Sentinel","Rampage"],"picked":"SKIP","floor":7},{"not_picked":["Wild Strike","Havoc"],"picked":"True Grit","floor":11},{"not_picked":["Whirlwind","Metallicize"],"picked":"Offering","floor":13},{"not_picked":["Cleave","Pommel Strike","Headbutt"],"picked":"SKIP","floor":14},{"not_picked":["Feed","Exhume"],"picked":"Double Tap","floor":16},{"not_picked":["True Grit","Heavy Blade"],"picked":"Armaments","floor":18}],"player_experience":440022,"relics_obtained":[{"floor":6,"key":"Regal Pillow"},{"floor":8,"key":"Red Skull"},{"floor":9,"key":"Bag of Marbles"},{"floor":20,"key":"Whetstone"},{"floor":22,"key":"Dream Catcher"}],"event_choices":[{"cards_removed":["Defend_R"],"damage_healed":0,"gold_gain":0,"player_choice":"Card Removal","damage_taken":7,"max_hp_gain":0,"max_hp_loss":0,"event_name":"Golden Wing","floor":2,"gold_loss":0},{"damage_healed":0,"gold_gain":0,"player_choice":"Entered Light","damage_taken":23,"max_hp_gain":0,"max_hp_loss":0,"event_name":"Shining Light","floor":3,"gold_loss":0,"cards_upgraded":["Strike_R","Strike_R"]},{"cards_removed":["Strike_R"],"damage_healed":0,"gold_gain":0,"player_choice":"Elegance","damage_taken":0,"max_hp_gain":0,"max_hp_loss":0,"event_name":"Back to Basics","floor":19,"gold_loss":0},{"damage_healed":0,"gold_gain":0,"player_choice":"Relic","damage_taken":0,"max_hp_gain":0,"max_hp_loss":0,"event_name":"Wheel of Change","floor":22,"gold_loss":0}],"is_beta":false,"boss_relics":[{"not_picked":["Coffee Dripper","Pandora\u0027s Box"],"picked":"Runic Pyramid"}],"items_purged_floors":[4],"is_endless":false,"potions_floor_spawned":[1,11,13],"killed_by":"Slavers","ascension_level":20}