{"gold_per_floor":[115,115,65,78,78,78,104,119,143,318,318,383,383,402,402,499,499,513,612,612,626,336,367,367,382,382,382,393,413,102,113,113,210,210,230,246,246,256,256,256,272,272,298,32,32,32,66,79,79,79,79,79,2,29,29],"floor_reached":55,"playtime":3068,"items_purged":["Regret","Doubt","Strike_B"],"score":890,"play_id":"ffd4143f-49bb-4ed6-a9b6-51d4022052e9","local_time":"20190510232552","is_ascension_mode":true,"campfire_choices":[{"data":"Defragment","floor":6,"key":"SMITH"},{"floor":11,"key":"REST"},{"floor":13,"key":"REST"},{"data":"Zap","floor":15,"key":"SMITH"},{"data":"Defragment","floor":24,"key":"SMITH"},{"data":"Defragment","floor":32,"key":"SMITH"},{"floor":40,"key":"RECALL"},{"data":"Defragment","floor":49,"key":"SMITH"}],"neow_cost":"CURSE","seed_source_timestamp":520244113651500,"circlet_count":0,"master_deck":["Defend_B+1","Defend_B+1","Defend_B+1","Zap+1","Dualcast+1","Steam Power+1","Defragment+1","Defragment+1","Reinforced Body+1","Capacitor+1","Turbo+1","Tempest+1","Machine Learning+1","Conserve Battery+1","Melter+1","Hello World+1","Cold Snap+1","Defragment+1","Master of Strategy+1","Biased Cognition+1","Coolheaded+1","Reboot+1","Defragment+1","Coolheaded+1","Biased Cognition+1","Steam Power+1","Defragment+1","Go for the Eyes+1","Dark Shackles+1","Conserve Battery+1","Defragment+1","Seek+1","Defragment","Coolheaded+1"],"relics":["Cracked Core","Smiling Mask","Toxic Egg 2","Bag of Marbles","Omamori","Coffee Dripper","Unceasing Top","Potion Belt","TheAbacus","Philosopher\u0027s Stone","Mark of the Bloom","Medical Kit","Blood Vial","Anchor"],"potions_floor_usage":[8,12,21,31,33,33,38,50,50],"damage_taken":[{"damage":4,"enemies":"Cultist","floor":1,"turns":3},{"damage":6,"enemies":"Small Slimes","floor":4,"turns":6},{"damage":36,"enemies":"Gremlin Nob","floor":7,"turns":4},{"damage":0,"enemies":"Jaw Worm","floor":8,"turns":3},{"damage":11,"enemies":"Gremlin Nob","floor":12,"turns":4},{"damage":7,"enemies":"2 Fungi Beasts","floor":14,"turns":3},{"damage":22,"enemies":"Slime Boss","floor":16,"turns":6},{"damage":1,"enemies":"Spheric Guardian","floor":18,"turns":3},{"damage":9,"enemies":"3 Byrds","floor":21,"turns":4},{"damage":16,"enemies":"Book of Stabbing","floor":23,"turns":5},{"damage":13,"enemies":"Centurion and Healer","floor":25,"turns":5},{"damage":0,"enemies":"Cultist and Chosen","floor":28,"turns":4},{"damage":0,"enemies":"Shelled Parasite and Fungi","floor":29,"turns":3},{"damage":0,"enemies":"Sentry and Sphere","floor":31,"turns":3},{"damage":5,"enemies":"Champ","floor":33,"turns":7},{"damage":0,"enemies":"3 Shapes","floor":35,"turns":2},{"damage":0,"enemies":"Orb Walker","floor":36,"turns":3},{"damage":0,"enemies":"Sphere and 2 Shapes","floor":38,"turns":3},{"damage":15,"enemies":"Spire Growth","floor":41,"turns":4},{"damage":16,"enemies":"Nemesis","floor":47,"turns":5},{"damage":0,"enemies":"Writhing Mass","floor":48,"turns":4},{"damage":14,"enemies":"Awakened One","floor":50,"turns":8},{"damage":1,"enemies":"Shield and Spear","floor":54,"turns":4},{"damage":15,"enemies":"The Heart","floor":55,"turns":3}],"seed_played":"6371698649271125817","potions_obtained":[{"floor":7,"key":"Explosive Potion"},{"floor":8,"key":"PowerPotion"},{"floor":18,"key":"Weak Potion"},{"floor":21,"key":"Swift Potion"},{"floor":23,"key":"Block Potion"},{"floor":28,"key":"Poison Potion"},{"floor":31,"key":"Poison Potion"},{"floor":36,"key":"Block Potion"},{"floor":47,"key":"FearPotion"}],"is_trial":false,"path_per_floor":["M","?","$","M","?","R","E","M","T","?","R","?","R","M","R","B",null,"M","?","?","M","$","E","R","M","T","?","M","M","$","M","R","B",null,"M","M","?","M","?","R","M","R","T","$","?","?","E","M","R","B",null,"R","$","E","B"],"character_chosen":"DEFECT","items_purchased":["Defragment","Master of Strategy+1","Defragment","TheAbacus","Medical Kit","Defragment","Defragment"],"campfire_rested":2,"item_purchase_floors":[22,22,30,30,44,44,53],"current_hp_per_floor":[64,61,61,55,55,55,19,19,19,19,41,30,52,45,45,23,62,61,61,61,52,52,36,36,23,23,23,23,23,23,23,23,18,61,61,61,61,61,61,61,46,46,46,46,46,46,30,30,30,16,16,16,16,15,0],"gold":29,"neow_bonus":"TRANSFORM_TWO_CARDS","is_prod":false,"is_daily":false,"chose_seed":false,"campfire_upgraded":5,"win_rate":0,"timestamp":1557527152,"path_taken":["M","?","$","M","?","R","E","M","T","?","R","?","R","M","R","BOSS","M","?","?","M","?","E","R","M","T","?","M","M","$","?","R","BOSS","M","M","?","M","?","R","M","R","T","$","?","?","E","M","R","BOSS","R","$","E","BOSS"],"build_version":"2019-01-23","purchased_purges":3,"victory":false,"max_hp_per_floor":[75,75,75,75,75,75,75,75,75,75,75,75,75,75,75,75,75,75,75,75,75,75,75,75,75,75,75,75,75,75,75,75,75,75,75,75,75,75,75,75,75,75,75,75,75,75,75,75,75,75,75,75,75,75,75],"card_choices":[{"not_picked":["Double Energy","Go for the Eyes"],"picked":"Defragment","floor":1},{"not_picked":["BootSequence","Cold Snap"],"picked":"Defragment","floor":4},{"not_picked":["Hello World","Doom and Gloom"],"picked":"Reinforced Body","floor":7},{"not_picked":["Leap+1","Streamline"],"picked":"Capacitor","floor":8},{"not_picked":["Doom and Gloom","Scrape"],"picked":"Turbo+1","floor":12},{"not_picked":["Self Repair","Conserve Battery+1"],"picked":"Tempest+1","floor":14},{"not_picked":["Rainbow+1","Meteor Strike"],"picked":"Machine Learning","floor":16},{"not_picked":["Beam Cell+1","Scrape"],"picked":"Conserve Battery+1","floor":18},{"not_picked":["Barrage","Sweeping Beam"],"picked":"Cold Snap","floor":21},{"not_picked":["Machine Learning","Coolheaded+1"],"picked":"Biased Cognition","floor":23},{"not_picked":["Streamline","Beam Cell"],"picked":"Coolheaded+1","floor":25},{"not_picked":["Stack+1","Gash","Lockon"],"picked":"SKIP","floor":28},{"not_picked":["Static Discharge+1","Compile Driver"],"picked":"Reboot+1","floor":29},{"not_picked":["Barrage","Lockon"],"picked":"Coolheaded+1","floor":31},{"not_picked":["Thunder Strike","All For One"],"picked":"Biased Cognition","floor":33},{"not_picked":["Cold Snap+1","Melter"],"picked":"Steam Power+1","floor":35},{"not_picked":["Cold Snap+1","Recycle+1"],"picked":"Defragment","floor":36},{"not_picked":["Compile Driver+1","Reinforced Body+1"],"picked":"Go for the Eyes+1","floor":38},{"not_picked":["Dramatic Entrance","Panache"],"picked":"Dark Shackles+1","floor":39},{"not_picked":["Cold Snap+1","Steam+1"],"picked":"Conserve Battery+1","floor":41},{"not_picked":["Sweeping Beam+1","Beam Cell+1"],"picked":"Seek+1","floor":47},{"not_picked":["Steam+1","Conserve Battery+1","Beam Cell"],"picked":"SKIP","floor":48},{"not_picked":["Steam+1","Rebound"],"picked":"Coolheaded+1","floor":54}],"player_experience":519200,"relics_obtained":[{"floor":7,"key":"Toxic Egg 2"},{"floor":9,"key":"Bag of Marbles"},{"floor":12,"key":"Omamori"},{"floor":23,"key":"Unceasing Top"},{"floor":26,"key":"Potion Belt"},{"floor":47,"key":"Blood Vial"},{"floor":54,"key":"Anchor"}],"event_choices":[{"damage_healed":0,"gold_gain":0,"player_choice":"Success","damage_taken":3,"relics_obtained":["Smiling Mask"],"max_hp_gain":0,"max_hp_loss":0,"event_name":"Scrap Ooze","floor":2,"gold_loss":0},{"damage_healed":0,"gold_gain":0,"player_choice":"Grow","damage_taken":0,"max_hp_gain":0,"max_hp_loss":0,"event_name":"Living Wall","floor":5,"gold_loss":0,"cards_upgraded":["Defragment"]},{"damage_healed":0,"gold_gain":175,"player_choice":"AGREE","damage_taken":0,"max_hp_gain":0,"max_hp_loss":0,"event_name":"Liars Game","floor":10,"gold_loss":0,"cards_obtained":["Doubt"]},{"damage_healed":0,"gold_gain":30,"player_choice":"Searched \u00273\u0027 times","damage_taken":0,"max_hp_gain":0,"max_hp_loss":0,"event_name":"Dead Adventurer","floor":12,"gold_loss":0},{"damage_healed":0,"gold_gain":99,"player_choice":"Stole From Cult","damage_taken":0,"max_hp_gain":0,"max_hp_loss":0,"event_name":"Nest","floor":19,"gold_loss":0},{"damage_healed":0,"gold_gain":0,"cards_transformed":["Strike_B","Defend_B"],"player_choice":"Became Test Subject","damage_taken":0,"max_hp_gain":0,"max_hp_loss":0,"event_name":"Drug Dealer","floor":20,"gold_loss":0,"cards_obtained":["Melter","Hello World"]},{"damage_healed":0,"gold_gain":0,"player_choice":"Ignored","damage_taken":0,"max_hp_gain":0,"max_hp_loss":0,"event_name":"Cursed Tome","floor":27,"gold_loss":0},{"damage_healed":0,"gold_gain":0,"player_choice":"Upgrade","damage_taken":0,"relics_obtained":["Mark of the Bloom"],"max_hp_gain":0,"max_hp_loss":0,"event_name":"MindBloom","floor":37,"gold_loss":0,"cards_upgraded":["Defend_B","Defend_B","Defend_B","Dualcast","Steam Power","Barrage","Capacitor","Machine Learning","Melter","Hello World","Cold Snap","Biased Cognition","Biased Cognition","Defragment"]},{"damage_healed":0,"gold_gain":0,"player_choice":"Memory 1","damage_taken":0,"max_hp_gain":0,"max_hp_loss":0,"event_name":"SensoryStone","floor":39,"gold_loss":0},{"cards_removed":["Barrage"],"damage_healed":0,"gold_gain":0,"player_choice":"Removed Attack","damage_taken":0,"max_hp_gain":0,"max_hp_loss":0,"event_name":"Falling","floor":45,"gold_loss":0},{"damage_healed":0,"gold_gain":0,"player_choice":"Ignored","damage_taken":0,"max_hp_gain":0,"max_hp_loss":0,"event_name":"Mysterious Sphere","floor":46,"gold_loss":0}],"is_beta":false,"boss_relics":[{"not_picked":["Busted Crown","Runic Pyramid"],"picked":"Coffee Dripper"},{"not_picked":["White Beast Statue","Pandora\u0027s Box"],"picked":"Philosopher\u0027s Stone"}],"items_purged_floors":[3,22,30],"is_endless":false,"potions_floor_spawned":[7,8,18,21,23,28,31,36,47],"killed_by":"The Heart","ascension_level":6}