{"gold_per_floor":[109,121,46,2,2,37,37,50,50,82,95,106,138,138,138,216,216,231,117,136,154,254,254,279,279,279,313,313,263,263,282,282,359,359,373,383,383,383,57,84,95,126,126,126,138,138,168,118,118,118,118,118,118,68,101,101],"floor_reached":57,"playtime":3566,"items_purged":["Strike_R","Strike_R","Bash+1","Defend_R","Rampage+1"],"score":3342,"play_id":"869a30df-0dca-41c1-8ad1-00cce3e0b7a6","local_time":"20190214204129","is_ascension_mode":true,"campfire_choices":[{"data":"Carnage","floor":7.0,"key":"SMITH"},{"data":"True Grit","floor":15.0,"key":"SMITH"},{"data":"Whirlwind","floor":23.0,"key":"SMITH"},{"data":"Rampage","floor":28.0,"key":"SMITH"},{"data":"Feed","floor":30.0,"key":"PURGE"},{"data":"Pommel Strike","floor":32.0,"key":"SMITH"},{"data":"Defend_R","floor":46.0,"key":"PURGE"},{"floor":49.0,"key":"RECALL"},{"data":"Burning Pact","floor":53,"key":"SMITH"}],"neow_cost":"NONE","seed_source_timestamp":2605691425731843,"circlet_count":0,"master_deck":["AscendersBane","Defend_R","Defend_R+1","Carnage+1","Feel No Pain","True Grit+1","Shockwave","Second Wind","Fiend Fire","Offering","Flex+1","Whirlwind+1","Pommel Strike+1","Impervious","Madness","Flash of Steel","Evolve","Rage","Finesse","Burning Pact+1"],"special_seed":0,"relics":["Burning Blood","NeowsBlessing","Paper Frog","Pantograph","Omamori","Peace Pipe","Runic Pyramid","Mango","Gremlin Horn","Smiling Mask","PreservedInsect","Cursed Key","Bronze Scales","Bag of Preparation","Centennial Puzzle","Meat on the Bone","Lantern"],"potions_floor_usage":[51,56],"damage_taken":[{"damage":0.0,"enemies":"2 Louse","floor":1.0,"turns":1.0},{"damage":0.0,"enemies":"Small Slimes","floor":2.0,"turns":1.0},{"damage":0.0,"enemies":"Gremlin Nob","floor":6.0,"turns":1.0},{"damage":2.0,"enemies":"Jaw Worm","floor":8.0,"turns":2.0},{"damage":20.0,"enemies":"3 Sentries","floor":10.0,"turns":10.0},{"damage":20.0,"enemies":"Large Slime","floor":11.0,"turns":7.0},{"damage":3.0,"enemies":"2 Fungi Beasts","floor":12.0,"turns":6.0},{"damage":6.0,"enemies":"Gremlin Nob","floor":13.0,"turns":3.0},{"damage":29.0,"enemies":"Slime Boss","floor":16.0,"turns":7.0},{"damage":11.0,"enemies":"Shell Parasite","floor":18.0,"turns":3.0},{"damage":34.0,"enemies":"2 Thieves","floor":20.0,"turns":4.0},{"damage":9.0,"enemies":"Snake Plant","floor":21.0,"turns":4.0},{"damage":9.0,"enemies":"Colosseum Slavers","floor":22.0,"turns":3.0},{"damage":0.0,"enemies":"Colosseum Nobs","floor":22.0,"turns":3.0},{"damage":22.0,"enemies":"Slavers","floor":24.0,"turns":4.0},{"damage":15.0,"enemies":"Book of Stabbing","floor":27.0,"turns":3.0},{"damage":0.0,"enemies":"Snecko","floor":31.0,"turns":3.0},{"damage":6.0,"enemies":"Collector","floor":33.0,"turns":3.0},{"damage":1.0,"enemies":"3 Shapes","floor":35.0,"turns":5.0},{"damage":0.0,"enemies":"Orb Walker","floor":36.0,"turns":3.0},{"damage":6.0,"enemies":"Reptomancer","floor":40.0,"turns":2.0},{"damage":0.0,"enemies":"Sphere and 2 Shapes","floor":41.0,"turns":3.0},{"damage":10.0,"enemies":"Giant Head","floor":42.0,"turns":5.0},{"damage":6.0,"enemies":"Maw","floor":45.0,"turns":4.0},{"damage":0.0,"enemies":"Reptomancer","floor":47.0,"turns":2.0},{"damage":6.0,"enemies":"Awakened One","floor":50.0,"turns":7.0},{"damage":37,"enemies":"Time Eater","floor":51,"turns":6},{"damage":6,"enemies":"Shield and Spear","floor":55,"turns":2},{"damage":64,"enemies":"The Heart","floor":56,"turns":6}],"seed_played":"220157875795191676","potions_obtained":[{"floor":1.0,"key":"EssenceOfSteel"},{"floor":10.0,"key":"SkillPotion"},{"floor":11.0,"key":"Fire Potion"},{"floor":13.0,"key":"Strength Potion"},{"floor":16.0,"key":"SpeedPotion"},{"floor":22.0,"key":"BloodPotion"},{"floor":24.0,"key":"Energy Potion"},{"floor":31.0,"key":"EssenceOfSteel"},{"floor":35.0,"key":"Fire Potion"},{"floor":36.0,"key":"Explosive Potion"},{"floor":45.0,"key":"PowerPotion"},{"floor":55,"key":"Ancient Potion"}],"is_trial":false,"path_per_floor":["M","M","?","$","?","E","R","M","T","E","M","M","E","?","R","B",null,"M","$","M","M","?","R","E","?","T","E","R","$","R","M","R","B",null,"M","M","?","?","$","E","M","E","T","?","M","R","E","$","R","B","B",null,"R","$","E","B",null],"character_chosen":"IRONCLAD","items_purchased":["Feel No Pain","Rampage","Evolve","Rage","Finesse"],"campfire_rested":0,"item_purchase_floors":[4,19,39,39,39],"current_hp_per_floor":[74,75,75,75,75,75,75,78,78,67,53,59,62,36,36,38,75,70,70,45,42,59,59,43,43,43,44,44,44,44,50,50,75,97,102,104,99,99,99,99,99,95,95,95,95,95,99,99,99,99,68,91,91,91,91,53],"gold":101,"neow_bonus":"THREE_ENEMY_KILL","is_prod":false,"is_daily":false,"chose_seed":false,"campfire_upgraded":6,"win_rate":0,"timestamp":1550148089,"path_taken":["M","M","?","$","?","E","R","M","T","E","M","M","E","?","R","BOSS","M","$","M","M","?","R","E","?","T","E","R","$","R","?","R","BOSS","M","M","?","?","?","E","?","E","T","?","M","R","E","$","R","BOSS","BOSS","R","$","E","BOSS"],"build_version":"2019-01-23","purchased_purges":5,"victory":true,"max_hp_per_floor":[75,75,75,75,75,75,75,78,78,81,81,84,87,87,87,87,87,87,87,90,90,104,104,104,104,104,104,104,104,104,104,104,104,104,104,104,104,99,99,99,99,99,99,99,99,99,99,99,99,99,99,99,99,99,99,99],"card_choices":[{"not_picked":["Havoc","Cleave","Armaments"],"picked":"SKIP","floor":1.0},{"not_picked":["Dual Wield","Dropkick"],"picked":"Carnage","floor":2.0},{"not_picked":["Havoc","Rupture"],"picked":"True Grit","floor":6.0},{"not_picked":["Cleave","Heavy Blade"],"picked":"Shockwave","floor":8.0},{"not_picked":["Headbutt","Carnage","Inflame"],"picked":"SKIP","floor":10.0},{"not_picked":["True Grit","Pommel Strike","Heavy Blade"],"picked":"SKIP","floor":11.0},{"not_picked":["Shrug It Off","True Grit"],"picked":"Second Wind","floor":12.0},{"not_picked":["Rupture","Seeing Red"],"picked":"Fiend Fire","floor":13.0},{"not_picked":["Immolate","Demon Form"],"picked":"Offering","floor":16.0},{"not_picked":["Clothesline","Armaments","Reckless Charge"],"picked":"SKIP","floor":18.0},{"not_picked":["Armaments","Immolate","Heavy Blade"],"picked":"SKIP","floor":20.0},{"not_picked":["Body Slam","Spot Weakness"],"picked":"Flex+1","floor":21.0},{"not_picked":["Wild Strike","Twin Strike"],"picked":"Whirlwind","floor":22.0},{"not_picked":["Rupture","Entrench","Thunderclap"],"picked":"SKIP","floor":24.0},{"not_picked":["Perfected Strike","Flex","Feed"],"picked":"SKIP","floor":27.0},{"not_picked":["Heavy Blade","Ghostly Armor"],"picked":"Pommel Strike","floor":31.0},{"not_picked":["Double Tap","Fiend Fire"],"picked":"Impervious","floor":33.0},{"not_picked":["Cleave","Bloodletting","Reckless Charge"],"picked":"SKIP","floor":35.0},{"not_picked":["Whirlwind+1","Clothesline+1","Entrench"],"picked":"SKIP","floor":36.0},{"not_picked":["Chrysalis","Dramatic Entrance"],"picked":"Madness","floor":37.0},{"not_picked":["Purity","Chrysalis"],"picked":"Flash of Steel","floor":37.0},{"not_picked":["Evolve","Reaper","Pommel Strike"],"picked":"SKIP","floor":40.0},{"not_picked":["Armaments+1","Disarm","Intimidate"],"picked":"SKIP","floor":41.0},{"not_picked":["Flex","Wild Strike+1","Clash+1"],"picked":"SKIP","floor":42.0},{"not_picked":["Armaments","Clash","Demon Form"],"picked":"SKIP","floor":45.0},{"not_picked":["Pommel Strike","Sentinel"],"picked":"Burning Pact","floor":47.0},{"not_picked":["Cleave","Rampage","Sword Boomerang+1"],"picked":"SKIP","floor":55}],"player_experience":893654,"relics_obtained":[{"floor":6.0,"key":"Paper Frog"},{"floor":9.0,"key":"Pantograph"},{"floor":10.0,"key":"Omamori"},{"floor":13.0,"key":"Peace Pipe"},{"floor":22.0,"key":"Mango"},{"floor":22.0,"key":"Gremlin Horn"},{"floor":24.0,"key":"Smiling Mask"},{"floor":27.0,"key":"PreservedInsect"},{"floor":40.0,"key":"Bronze Scales"},{"floor":42.0,"key":"Bag of Preparation"},{"floor":43.0,"key":"Centennial Puzzle"},{"floor":47.0,"key":"Meat on the Bone"},{"floor":55,"key":"Lantern"}],"event_choices":[{"cards_removed":["Strike_R"],"damage_healed":0.0,"max_hp_gain":0.0,"max_hp_loss":0.0,"gold_gain":0.0,"event_name":"The Cleric","player_choice":"Card Removal","floor":3.0,"gold_loss":75.0,"damage_taken":0.0},{"damage_healed":0.0,"max_hp_gain":0.0,"max_hp_loss":0.0,"gold_gain":0.0,"cards_transformed":["Strike_R"],"event_name":"Living Wall","player_choice":"Change","floor":5.0,"gold_loss":0.0,"damage_taken":0.0,"cards_obtained":["Feed"]},{"damage_healed":0.0,"max_hp_gain":0.0,"max_hp_loss":0.0,"gold_gain":0.0,"event_name":"Shining Light","player_choice":"Entered Light","floor":14.0,"gold_loss":0.0,"damage_taken":26.0,"cards_upgraded":["Defend_R","Bash"]},{"damage_healed":0.0,"max_hp_gain":0.0,"max_hp_loss":0.0,"gold_gain":0.0,"event_name":"Colosseum","player_choice":"Fight","floor":22.0,"gold_loss":0.0,"damage_taken":0.0},{"damage_healed":0.0,"max_hp_gain":0.0,"max_hp_loss":0.0,"gold_gain":0.0,"event_name":"Colosseum","player_choice":"Fought Nobs","floor":22.0,"gold_loss":0.0,"damage_taken":0.0},{"cards_removed":["Strike_R"],"damage_healed":0.0,"max_hp_gain":0.0,"max_hp_loss":0.0,"gold_gain":0.0,"event_name":"Purifier","player_choice":"Purged","floor":25.0,"gold_loss":0.0,"damage_taken":0.0},{"damage_healed":0.0,"max_hp_gain":0.0,"max_hp_loss":0.0,"gold_gain":0.0,"event_name":"SensoryStone","player_choice":"Memory 2","floor":37.0,"gold_loss":0.0,"damage_taken":5.0},{"damage_healed":0.0,"max_hp_gain":0.0,"max_hp_loss":5.0,"gold_gain":0.0,"event_name":"Winding Halls","player_choice":"Max HP","floor":38.0,"gold_loss":0.0,"damage_taken":0.0},{"damage_healed":0.0,"max_hp_gain":0.0,"max_hp_loss":0.0,"gold_gain":0.0,"event_name":"Tomb of Lord Red Mask","player_choice":"Ignored","floor":44.0,"gold_loss":0.0,"damage_taken":0.0}],"is_beta":false,"boss_relics":[{"not_picked":["Busted Crown","Eternal Feather"],"picked":"Runic Pyramid"},{"not_picked":["Empty Cage","Fusion Hammer"],"picked":"Cursed Key"}],"items_purged_floors":[19,29,39,48,54],"is_endless":false,"potions_floor_spawned":[1,10,11,12,13,16,21,22,24,31,35,36,45,55],"ascension_level":20}