{"gold_per_floor":[112,112,132,146,166,166,182,19,19,19,47,60,72,101,101,180,180,191,35,35,85,105,105,119,129,155,155],"floor_reached":27,"playtime":877,"items_purged":["Strike_R","Strike_R"],"score":504,"play_id":"025bc90e-bbdf-4e77-b6f2-47d90ea2a870","local_time":"20190321121545","is_ascension_mode":true,"campfire_choices":[{"data":"Whirlwind","floor":6.0,"key":"SMITH"},{"data":"Inflame","floor":10.0,"key":"SMITH"},{"data":"Dual Wield","floor":15.0,"key":"SMITH"},{"data":"Dark Embrace","floor":23.0,"key":"SMITH"}],"neow_cost":"NONE","seed_source_timestamp":522060783967842,"circlet_count":0,"master_deck":["AscendersBane","Strike_R","Strike_R","Strike_R","Defend_R","Defend_R","Defend_R","Defend_R","Bash","Armaments+1","Shrug It Off","Whirlwind+1","Flex","Inflame+1","Evolve","Double Tap","Dual Wield+1","Dark Embrace+1","Havoc","Sword Boomerang+1","Dropkick"],"special_seed":0,"relics":["Burning Blood","Dream Catcher","Mummified Hand","Orichalcum","Philosopher\u0027s Stone","Bag of Preparation"],"potions_floor_usage":[27,27],"damage_taken":[{"damage":8.0,"enemies":"Jaw Worm","floor":1.0,"turns":6.0},{"damage":1.0,"enemies":"Cultist","floor":3.0,"turns":4.0},{"damage":2.0,"enemies":"2 Louse","floor":4.0,"turns":4.0},{"damage":9.0,"enemies":"2 Fungi Beasts","floor":5.0,"turns":4.0},{"damage":7.0,"enemies":"3 Louse","floor":7.0,"turns":3.0},{"damage":36.0,"enemies":"Gremlin Nob","floor":11.0,"turns":4.0},{"damage":7.0,"enemies":"Large Slime","floor":12.0,"turns":5.0},{"damage":8.0,"enemies":"Blue Slaver","floor":13.0,"turns":5.0},{"damage":0.0,"enemies":"3 Sentries","floor":14.0,"turns":3.0},{"damage":33.0,"enemies":"Slime Boss","floor":16.0,"turns":7.0},{"damage":39.0,"enemies":"Shell Parasite","floor":18.0,"turns":6.0},{"damage":7.0,"enemies":"3 Byrds","floor":22.0,"turns":4.0},{"damage":21.0,"enemies":"Snake Plant","floor":24.0,"turns":3.0},{"damage":2.0,"enemies":"Centurion and Healer","floor":25.0,"turns":6.0},{"damage":28,"enemies":"Snecko","floor":27,"turns":4}],"seed_played":"4007924482550602120","potions_obtained":[{"floor":4.0,"key":"PowerPotion"},{"floor":5.0,"key":"LiquidBronze"},{"floor":7.0,"key":"GamblersBrew"},{"floor":12.0,"key":"BloodPotion"},{"floor":14.0,"key":"Dexterity Potion"}],"is_trial":false,"path_per_floor":["M","?","M","M","M","R","M","$","T","R","E","M","M","E","R","B",null,"M","$","?","?","M","R","M","M","T","M"],"character_chosen":"IRONCLAD","items_purchased":["Evolve","PowerPotion"],"campfire_rested":0,"item_purchase_floors":[8,19],"current_hp_per_floor":[66,66,71,75,72,72,71,71,71,71,41,40,38,44,44,17,61,35,35,35,35,34,34,19,23,23,0],"gold":155,"neow_bonus":"RANDOM_COMMON_RELIC","is_prod":false,"is_daily":false,"chose_seed":false,"campfire_upgraded":4,"win_rate":0,"timestamp":1553141745,"path_taken":["M","?","M","?","M","R","M","$","T","R","E","M","M","E","R","BOSS","M","$","?","?","M","R","M","M","T","M"],"build_version":"2019-01-23","purchased_purges":2,"victory":false,"max_hp_per_floor":[75,75,75,75,75,75,75,75,75,75,75,75,75,75,75,75,75,75,75,75,75,75,75,75,75,75,75],"card_choices":[{"not_picked":["Wild Strike","Fire Breathing"],"picked":"Armaments","floor":1.0},{"not_picked":["Sentinel","Body Slam"],"picked":"Shrug It Off","floor":3.0},{"not_picked":["Ghostly Armor","Metallicize"],"picked":"Whirlwind","floor":4.0},{"not_picked":["Iron Wave","True Grit"],"picked":"Flex","floor":5.0},{"not_picked":["Havoc","Headbutt"],"picked":"Inflame","floor":7.0},{"not_picked":["Intimidate","Clash"],"picked":"Double Tap","floor":11.0},{"not_picked":["Combust","Blood for Blood","Perfected Strike"],"picked":"SKIP","floor":12.0},{"not_picked":["Warcry","Disarm","Twin Strike"],"picked":"SKIP","floor":13.0},{"not_picked":["Clash","True Grit"],"picked":"Dual Wield","floor":14.0},{"not_picked":["Impervious","Immolate"],"picked":"Dark Embrace","floor":16.0},{"not_picked":["Havoc","Wild Strike","Blood for Blood+1"],"picked":"SKIP","floor":18.0},{"not_picked":["Wild Strike","Blood for Blood+1"],"picked":"Havoc","floor":18.0},{"not_picked":["Uppercut","Wild Strike+1"],"picked":"Sword Boomerang+1","floor":22.0},{"not_picked":["Heavy Blade","Spot Weakness"],"picked":"Dropkick","floor":24.0},{"not_picked":["Juggernaut","Cleave","Anger"],"picked":"SKIP","floor":25.0}],"player_experience":1316915,"relics_obtained":[{"floor":9.0,"key":"Mummified Hand"},{"floor":14.0,"key":"Orichalcum"},{"floor":26.0,"key":"Bag of Preparation"}],"event_choices":[{"damage_healed":0.0,"max_hp_gain":0.0,"max_hp_loss":0.0,"gold_gain":0.0,"event_name":"Accursed Blacksmith","player_choice":"Forge","floor":2.0,"gold_loss":0.0,"damage_taken":0.0,"cards_upgraded":["Armaments"]},{"damage_healed":0.0,"max_hp_gain":0.0,"max_hp_loss":0.0,"gold_gain":0.0,"event_name":"Vampires","player_choice":"Ignored","floor":20.0,"gold_loss":0.0,"damage_taken":0.0},{"damage_healed":0.0,"max_hp_gain":0.0,"max_hp_loss":0.0,"gold_gain":50.0,"event_name":"Nest","player_choice":"Stole From Cult","floor":21.0,"gold_loss":0.0,"damage_taken":0.0}],"is_beta":false,"boss_relics":[{"not_picked":["Empty Cage","Black Blood"],"picked":"Philosopher\u0027s Stone"}],"items_purged_floors":[8,19],"is_endless":false,"potions_floor_spawned":[4,5,7,12,14,16,25],"killed_by":"Snecko","ascension_level":20}