{"path_per_floor":["M","M","M","M","M","R","E","M","T","R","M","?","R","M","R","B",null,"M","M","M","$","M","R","E","$","T","$"],"character_chosen":"IRONCLAD","items_purchased":["Pantograph"],"gold_per_floor":[112,124,143,155,174,174,207,223,223,223,240,240,240,254,254,351,351,371,381,397,322,338,338,371,120,120,120,120],"floor_reached":28,"campfire_rested":1,"playtime":994,"current_hp_per_floor":[80,79,80,70,62,62,37,46,46,46,51,33,33,29,56,18,94,84,77,63,63,55,55,30,30,30,30,0],"items_purged":["Defend_R"],"gold":120,"score":318,"play_id":"c531cdce-0b71-4643-bdaa-fa6605b922ad","local_time":"20180505181723","is_prod":false,"is_daily":false,"chose_seed":false,"is_ascension_mode":true,"campfire_upgraded":4,"timestamp":1525562243,"path_taken":["M","M","M","M","M","R","E","M","T","R","M","?","R","M","R","BOSS","M","M","M","$","?","R","E","?","T","$","E"],"build_version":"2018-05-03","seed_source_timestamp":18452425542379,"purchased_purges":4,"victory":false,"master_deck":["Strike_R","Strike_R","Strike_R","Strike_R","Strike_R","Defend_R+1","Defend_R+1","Defend_R","Bash+1","Seeing Red","Perfected Strike+1","Feed+1","Offering+1","Double Tap+1","Shockwave","Perfected Strike+1"],"max_hp_per_floor":[80,80,80,80,80,80,80,83,83,83,86,86,86,90,90,94,94,98,102,106,106,106,106,110,110,110,110,110],"relics":["Burning Blood","Bird Faced Urn","Letter Opener","War Paint","Velvet Choker","Bag of Preparation","Pantograph","Mummified Hand"],"card_choices":[{"not_picked":["Heavy Blade","Sever Soul"],"picked":"Seeing Red","floor":1},{"not_picked":["Shrug It Off","Rampage"],"picked":"Perfected Strike","floor":2},{"not_picked":["Pommel Strike","Flex"],"picked":"Feed","floor":5},{"not_picked":["Clothesline","Body Slam"],"picked":"Offering","floor":8},{"not_picked":["Impervious","Offering"],"picked":"Double Tap","floor":16},{"not_picked":["Spot Weakness","Burning Pact"],"picked":"Shockwave","floor":19},{"not_picked":["Twin Strike","Sever Soul"],"picked":"Perfected Strike","floor":20}],"player_experience":191241,"potions_floor_usage":[5,16,16,22,22],"damage_taken":[{"damage":0,"enemies":"Small Slimes","floor":1,"turns":3},{"damage":7,"enemies":"Jaw Worm","floor":2,"turns":2},{"damage":0,"enemies":"Cultist","floor":3,"turns":2},{"damage":16,"enemies":"Lots of Slimes","floor":4,"turns":5},{"damage":14,"enemies":"Red Slaver","floor":5,"turns":2},{"damage":31,"enemies":"Lagavulin","floor":7,"turns":6},{"damage":0,"enemies":"Large Slime","floor":8,"turns":4},{"damage":4,"enemies":"2 Fungi Beasts","floor":11,"turns":1},{"damage":14,"enemies":"3 Louse","floor":14,"turns":4},{"damage":48,"enemies":"The Guardian","floor":16,"turns":9},{"damage":20,"enemies":"3 Byrds","floor":18,"turns":5},{"damage":17,"enemies":"Shell Parasite","floor":19,"turns":3},{"damage":24,"enemies":"Cultist and Chosen","floor":20,"turns":5},{"damage":20,"enemies":"Snake Plant","floor":22,"turns":3},{"damage":35,"enemies":"Slavers","floor":24,"turns":3},{"damage":32,"enemies":"Gremlin Leader","floor":28,"turns":3}],"event_choices":[{"event_name":"Scrap Ooze","player_choice":"success","floor":12,"damage_taken":18}],"boss_relics":[{"not_picked":["Runic Pyramid","Cursed Key"],"picked":"Velvet Choker"}],"potions_floor_spawned":[1,4,7,11,18,19],"seed_played":"-2199667150184506531","killed_by":"Gremlin Leader","ascension_level":2,"is_trial":false}