{"gold_per_floor":[114,114,114,37,55,55,88,88,113,113,129,164,187,214,226,313,325,347,376,62,80,93,93,110,145,195,195,595,630,660,318,318,389,389,407,357,374,393,393,393,426,443,443,478,478,124,149,160,160,160,160,160,160,44,71,71],"floor_reached":57,"playtime":4659,"items_purged":["Strike_R","Strike_R","Defend_R","Defend_R+1","Strike_R+1"],"score":3305,"play_id":"129a9102-de89-4321-a2b3-de80453ad3bc","local_time":"20190226215935","is_ascension_mode":true,"campfire_choices":[{"data":"Carnage","floor":6.0,"key":"SMITH"},{"data":"Entrench","floor":8.0,"key":"SMITH"},{"floor":10.0,"key":"REST"},{"data":"Bash","floor":15.0,"key":"SMITH"},{"data":"Barricade","floor":23.0,"key":"SMITH"},{"data":"True Grit","floor":32.0,"key":"SMITH"},{"data":"Wraith Form v2","floor":40.0,"key":"SMITH"},{"floor":49.0,"key":"RECALL"},{"data":"Limit Break","floor":53,"key":"SMITH"}],"neow_cost":"NONE","seed_source_timestamp":510997066092447,"circlet_count":0,"master_deck":["AscendersBane","Defend_R+1","Defend_R+1","Bash+1","Entrench+1","Evolve","Burning Pact","Shrug It Off","Barricade+1","Second Wind","Seeing Red","True Grit+1","Ghostly","Ghostly","Ghostly","Bloodletting","Feel No Pain+1","Offering","Wraith Form v2+1","Impatience","Limit Break+1","Immolate","Panacea"],"special_seed":0,"relics":["Burning Blood","Happy Flower","Bag of Marbles","War Paint","MawBank","Empty Cage","Lantern","Vajra","Regal Pillow","Old Coin","Mercury Hourglass","Red Mask","Smiling Mask","PrismaticShard","Coffee Dripper","Anchor","Kunai","Torii","Membership Card","Question Card","StoneCalendar"],"potions_floor_usage":[56],"damage_taken":[{"damage":1.0,"enemies":"Cultist","floor":1.0,"turns":3.0},{"damage":7.0,"enemies":"Jaw Worm","floor":5.0,"turns":3.0},{"damage":33.0,"enemies":"Lagavulin","floor":7.0,"turns":6.0},{"damage":1.0,"enemies":"Small Slimes","floor":11.0,"turns":4.0},{"damage":6.0,"enemies":"3 Sentries","floor":12.0,"turns":6.0},{"damage":0.0,"enemies":"2 Fungi Beasts","floor":13.0,"turns":3.0},{"damage":7.0,"enemies":"3 Louse","floor":14.0,"turns":3.0},{"damage":24.0,"enemies":"Slime Boss","floor":16.0,"turns":7.0},{"damage":0.0,"enemies":"Chosen","floor":18.0,"turns":12.0},{"damage":3.0,"enemies":"2 Thieves","floor":19.0,"turns":4.0},{"damage":20.0,"enemies":"Shelled Parasite and Fungi","floor":21.0,"turns":17.0},{"damage":0.0,"enemies":"Sentry and Sphere","floor":22.0,"turns":18.0},{"damage":21.0,"enemies":"Snecko","floor":24.0,"turns":9.0},{"damage":25.0,"enemies":"Slavers","floor":25.0,"turns":12.0},{"damage":1.0,"enemies":"Colosseum Slavers","floor":28.0,"turns":12.0},{"damage":4.0,"enemies":"Colosseum Nobs","floor":28.0,"turns":18.0},{"damage":33.0,"enemies":"Masked Bandits","floor":29.0,"turns":9.0},{"damage":5.0,"enemies":"Gremlin Leader","floor":30.0,"turns":18.0},{"damage":6.0,"enemies":"Champ","floor":33.0,"turns":21.0},{"damage":6.0,"enemies":"3 Shapes","floor":35.0,"turns":4.0},{"damage":2.0,"enemies":"Orb Walker","floor":37.0,"turns":11.0},{"damage":1.0,"enemies":"Jaw Worm Horde","floor":38.0,"turns":9.0},{"damage":2.0,"enemies":"Giant Head","floor":41.0,"turns":15.0},{"damage":2.0,"enemies":"Transient","floor":42.0,"turns":6.0},{"damage":6.0,"enemies":"Nemesis","floor":44.0,"turns":15.0},{"damage":3.0,"enemies":"Giant Head","floor":47.0,"turns":18.0},{"damage":1.0,"enemies":"4 Shapes","floor":48.0,"turns":5.0},{"damage":6,"enemies":"Awakened One","floor":50,"turns":26},{"damage":6,"enemies":"Time Eater","floor":51,"turns":19},{"damage":3,"enemies":"Shield and Spear","floor":55,"turns":11},{"damage":7,"enemies":"The Heart","floor":56,"turns":11}],"seed_played":"5178997789894421439","potions_obtained":[{"floor":7.0,"key":"EssenceOfSteel"},{"floor":11.0,"key":"Swift Potion"},{"floor":14.0,"key":"PowerPotion"},{"floor":16.0,"key":"Ancient Potion"},{"floor":21.0,"key":"Block Potion"},{"floor":24.0,"key":"PowerPotion"},{"floor":25.0,"key":"Energy Potion"},{"floor":30.0,"key":"Ancient Potion"},{"floor":33.0,"key":"Poison Potion"},{"floor":35.0,"key":"Regen Potion"},{"floor":41.0,"key":"Strength Potion"},{"floor":44.0,"key":"PowerPotion"}],"is_trial":false,"path_per_floor":["M","?","T","$","M","R","E","R","T","R","M","E","M","M","R","B",null,"M","M","$","M","M","R","M","E","T","?","?","?","E","$","R","B",null,"M","$","M","M","?","R","E","M","T","E","?","$","E","M","R","B","B",null,"R","$","E","B",null],"character_chosen":"IRONCLAD","items_purchased":["Carnage","Seeing Red","Lantern","Offering","PrismaticShard","Membership Card","Limit Break","GamblersBrew","SteroidPotion"],"campfire_rested":1,"item_purchase_floors":[4,20,20,31,31,46,46,54,54],"current_hp_per_floor":[73,50,50,50,49,49,22,22,22,44,49,49,55,54,54,36,65,71,74,74,60,66,66,51,32,32,32,37,10,11,11,11,11,31,31,31,35,37,35,35,35,35,35,35,35,35,35,35,35,35,35,35,35,35,35,34],"gold":71,"neow_bonus":"RANDOM_COMMON_RELIC","is_prod":false,"is_daily":false,"chose_seed":false,"campfire_upgraded":7,"win_rate":0,"timestamp":1551189575,"path_taken":["M","?","?","$","M","R","E","R","T","R","M","E","M","?","R","BOSS","M","M","$","?","M","R","M","E","T","?","?","?","E","?","R","BOSS","M","$","M","M","?","R","E","M","T","E","?","$","E","M","R","BOSS","BOSS","R","$","E","BOSS"],"build_version":"2019-01-23","purchased_purges":5,"victory":true,"max_hp_per_floor":[75,75,75,75,75,75,75,75,75,75,75,75,75,75,75,75,75,75,75,75,75,75,75,75,75,75,37,37,37,37,37,37,37,37,37,37,37,37,35,35,35,35,35,35,35,35,35,35,35,35,35,35,35,35,35,35],"card_choices":[{"not_picked":["Wild Strike","Anger","Perfected Strike"],"picked":"SKIP","floor":1.0},{"not_picked":["Hemokinesis","Iron Wave","Anger"],"picked":"SKIP","floor":5.0},{"not_picked":["Corruption","Warcry"],"picked":"Entrench","floor":7.0},{"not_picked":["Sentinel","True Grit"],"picked":"Evolve","floor":11.0},{"not_picked":["Sever Soul","Heavy Blade","Flex"],"picked":"SKIP","floor":12.0},{"not_picked":["Sever Soul","Heavy Blade","Flex"],"picked":"SKIP","floor":12.0},{"not_picked":["Heavy Blade","Thunderclap"],"picked":"Burning Pact","floor":13.0},{"not_picked":["Thunderclap","Burning Pact"],"picked":"Shrug It Off","floor":14.0},{"not_picked":["Limit Break","Dark Embrace"],"picked":"Barricade","floor":16.0},{"not_picked":["Clash+1","Cleave"],"picked":"Second Wind","floor":18.0},{"not_picked":["Anger","Heavy Blade","Wild Strike"],"picked":"SKIP","floor":19.0},{"not_picked":["Disarm","Anger","Wild Strike+1"],"picked":"SKIP","floor":21.0},{"not_picked":["Warcry","Heavy Blade+1","Wild Strike"],"picked":"SKIP","floor":22.0},{"not_picked":["Twin Strike","Flame Barrier+1"],"picked":"True Grit","floor":24.0},{"not_picked":["Double Tap","Wild Strike","Second Wind+1"],"picked":"SKIP","floor":25.0},{"not_picked":["Rampage","Pummel"],"picked":"Bloodletting","floor":28.0},{"not_picked":["Headbutt","Thunderclap"],"picked":"Feel No Pain+1","floor":29.0},{"not_picked":["Corruption+1","Cleave+1","Blood for Blood"],"picked":"SKIP","floor":30.0},{"not_picked":["Apotheosis","Reboot"],"picked":"Wraith Form v2","floor":33.0},{"not_picked":["Thunderclap","Cloak And Dagger+1","Blade Dance"],"picked":"SKIP","floor":35.0},{"not_picked":["Reinforced Body","Dagger Spray","Bandage Up"],"picked":"SKIP","floor":37.0},{"not_picked":["Catalyst","Sword Boomerang","Metallicize+1"],"picked":"SKIP","floor":38.0},{"not_picked":["Darkness","Poisoned Stab+1","Hemokinesis"],"picked":"SKIP","floor":41.0},{"not_picked":["Darkness","Poisoned Stab+1","Hemokinesis"],"picked":"SKIP","floor":41.0},{"not_picked":["Havoc","Slice+1","Twin Strike"],"picked":"SKIP","floor":42.0},{"not_picked":["Cleave+1","Predator"],"picked":"Impatience","floor":44.0},{"not_picked":["Chill+1","Sweeping Beam+1"],"picked":"Immolate","floor":47.0},{"not_picked":["Quick Slash+1","Sentinel","Hemokinesis"],"picked":"Panacea","floor":48.0},{"not_picked":["Secret Weapon","Bane+1","Dramatic Entrance","Loop+1"],"picked":"SKIP","floor":55}],"player_experience":1072672,"relics_obtained":[{"floor":7.0,"key":"Bag of Marbles"},{"floor":9.0,"key":"War Paint"},{"floor":12.0,"key":"MawBank"},{"floor":25.0,"key":"Vajra"},{"floor":26.0,"key":"Regal Pillow"},{"floor":28.0,"key":"Old Coin"},{"floor":28.0,"key":"Mercury Hourglass"},{"floor":29.0,"key":"Red Mask"},{"floor":30.0,"key":"Smiling Mask"},{"floor":41.0,"key":"Anchor"},{"floor":43.0,"key":"Kunai"},{"floor":44.0,"key":"Torii"},{"floor":47.0,"key":"Question Card"},{"floor":55,"key":"StoneCalendar"}],"event_choices":[{"damage_healed":0.0,"max_hp_gain":0.0,"max_hp_loss":0.0,"gold_gain":0.0,"event_name":"Shining Light","player_choice":"Entered Light","floor":2.0,"gold_loss":0.0,"damage_taken":23.0,"cards_upgraded":["Strike_R","Defend_R"]},{"damage_healed":0.0,"max_hp_gain":0.0,"max_hp_loss":38.0,"gold_gain":0.0,"event_name":"Ghosts","player_choice":"Became a Ghost","floor":27.0,"gold_loss":0.0,"damage_taken":0.0,"cards_obtained":["Ghostly","Ghostly","Ghostly"]},{"damage_healed":0.0,"max_hp_gain":0.0,"max_hp_loss":0.0,"gold_gain":0.0,"event_name":"Colosseum","player_choice":"Fight","floor":28.0,"gold_loss":0.0,"damage_taken":0.0},{"damage_healed":0.0,"max_hp_gain":0.0,"max_hp_loss":0.0,"gold_gain":0.0,"event_name":"Colosseum","player_choice":"Fought Nobs","floor":28.0,"gold_loss":0.0,"damage_taken":0.0},{"damage_healed":0.0,"max_hp_gain":0.0,"max_hp_loss":0.0,"gold_gain":0.0,"event_name":"Masked Bandits","player_choice":"Fought Bandits","floor":29.0,"gold_loss":0.0,"damage_taken":0.0},{"damage_healed":0.0,"max_hp_gain":0.0,"max_hp_loss":2.0,"gold_gain":0.0,"event_name":"Winding Halls","player_choice":"Max HP","floor":39.0,"gold_loss":0.0,"damage_taken":0.0},{"cards_removed":["Carnage"],"damage_healed":0.0,"max_hp_gain":0.0,"max_hp_loss":0.0,"gold_gain":0.0,"event_name":"Falling","player_choice":"Removed Attack","floor":45.0,"gold_loss":0.0,"damage_taken":0.0}],"is_beta":false,"boss_relics":[{"not_picked":["Lizard Tail","Fusion Hammer"],"picked":"Empty Cage"},{"not_picked":["Black Blood","Pandora\u0027s Box"],"picked":"Coffee Dripper"}],"items_purged_floors":[20,31,36,46,54],"is_endless":false,"potions_floor_spawned":[7,11,14,16,21,24,25,30,33,35,41,44,55],"ascension_level":20}