{"gold_per_floor":[118,131,131,141,152,185,185,211,238,256,62,76,108,108,108,206,206,216,216,231,245,245,280,292,338,373,385,397,435,447,472,484,591,603,631,643,706,146,166,193,193,211,260,288,300,300,89,102,102,102],"floor_reached":51,"playtime":2735,"items_purged":[],"score":934,"play_id":"9925d4fb-a83a-4535-9175-8a5ba53d6bfa","local_time":"20181206144547","is_ascension_mode":true,"campfire_choices":[{"data":"Armaments","floor":7.0,"key":"SMITH"},{"data":"Apotheosis","floor":15.0,"key":"SMITH"},{"floor":24.0,"key":"REST"},{"floor":27.0,"key":"REST"},{"floor":30.0,"key":"REST"},{"floor":32.0,"key":"REST"},{"floor":46,"key":"REST"},{"floor":49,"key":"REST"}],"neow_cost":"NONE","seed_source_timestamp":1826751764473925,"circlet_count":0,"master_deck":["Strike_R","Strike_R","Strike_R","Strike_R","Strike_R","Defend_R","Defend_R","Defend_R","Defend_R","Bash","Armaments+1","Thunderclap","Metallicize","Flame Barrier","Perfected Strike","Twin Strike","Apotheosis+1","Battle Trance","Pommel Strike","Juggernaut","Perfected Strike","Inflame+1","Iron Wave+1","Dropkick","Iron Wave","Seeing Red+1","Flame Barrier","Feed","Uppercut","Double Tap","Madness","Madness","Shockwave","Headbutt","Limit Break","Flash of Steel","Flex","Entrench"],"special_seed":0,"relics":["Burning Blood","Pantograph","Centennial Puzzle","Bag of Preparation","Red Skull","Sozu","MutagenicStrength","MawBank","Smiling Mask","Vajra","Dream Catcher","Busted Crown","Calipers","Singing Bowl","ClockworkSouvenir","Pocketwatch","Bag of Marbles","Bronze Scales"],"potions_floor_usage":[50],"damage_taken":[{"damage":3.0,"enemies":"Small Slimes","floor":1.0,"turns":3.0},{"damage":1.0,"enemies":"Cultist","floor":2.0,"turns":3.0},{"damage":4.0,"enemies":"2 Louse","floor":4.0,"turns":3.0},{"damage":12.0,"enemies":"2 Fungi Beasts","floor":5.0,"turns":4.0},{"damage":26.0,"enemies":"Lagavulin","floor":6.0,"turns":9.0},{"damage":14.0,"enemies":"3 Sentries","floor":8.0,"turns":12.0},{"damage":1.0,"enemies":"Blue Slaver","floor":10.0,"turns":4.0},{"damage":11.0,"enemies":"3 Louse","floor":12.0,"turns":5.0},{"damage":7.0,"enemies":"Lagavulin","floor":13.0,"turns":7.0},{"damage":32.0,"enemies":"Hexaghost","floor":16.0,"turns":8.0},{"damage":0.0,"enemies":"Shell Parasite","floor":18.0,"turns":5.0},{"damage":28.0,"enemies":"2 Thieves","floor":20.0,"turns":3.0},{"damage":15.0,"enemies":"Centurion and Healer","floor":21.0,"turns":4.0},{"damage":27.0,"enemies":"Gremlin Leader","floor":23.0,"turns":5.0},{"damage":50.0,"enemies":"Slavers","floor":25.0,"turns":5.0},{"damage":41.0,"enemies":"Gremlin Leader","floor":29.0,"turns":4.0},{"damage":20.0,"enemies":"Cultist and Chosen","floor":31.0,"turns":5.0},{"damage":56.0,"enemies":"Automaton","floor":33.0,"turns":8.0},{"damage":3.0,"enemies":"Orb Walker","floor":35.0,"turns":2.0},{"damage":6.0,"enemies":"2 Orb Walkers","floor":37.0,"turns":4.0},{"damage":16,"enemies":"3 Shapes","floor":39,"turns":4},{"damage":20,"enemies":"Nemesis","floor":40,"turns":7},{"damage":0,"enemies":"Maw","floor":42,"turns":5},{"damage":19,"enemies":"Giant Head","floor":44,"turns":6},{"damage":33,"enemies":"Writhing Mass","floor":45,"turns":4},{"damage":1,"enemies":"3 Darklings","floor":48,"turns":3},{"damage":75,"enemies":"Awakened One","floor":50,"turns":9}],"seed_played":"2408174402294022356","potions_obtained":[{"floor":2.0,"key":"GamblersBrew"},{"floor":3.0,"key":"Regen Potion"},{"floor":3.0,"key":"Explosive Potion"},{"floor":6.0,"key":"Regen Potion"},{"floor":16.0,"key":"PowerPotion"}],"is_trial":false,"path_per_floor":["M","M","?","M","M","E","R","E","T","M","$","M","E","?","R","B",null,"M","?","M","M","?","E","R","E","T","R","?","E","R","M","R","B",null,"M","?","?","$","M","E","?","M","T","E","M","R","$","M","R","B",null],"character_chosen":"IRONCLAD","items_purchased":["Apotheosis","Singing Bowl","ClockworkSouvenir","Shockwave","Headbutt","Limit Break","Flash of Steel","Flex"],"campfire_rested":6,"item_purchase_floors":[11,38,38,38,38,47,47,47],"current_hp_per_floor":[88,88,88,88,82,62,62,54,54,59,59,54,53,53,53,67,88,88,88,66,57,57,48,74,30,30,56,85,50,76,62,88,38,88,88,77,77,77,72,60,60,68,68,61,36,69,69,76,108,43],"gold":102,"neow_bonus":"TEN_PERCENT_HP_BONUS","is_prod":false,"is_daily":false,"chose_seed":false,"campfire_upgraded":2,"win_rate":0,"timestamp":1544125547,"path_taken":["M","M","?","?","M","E","R","E","T","M","?","M","E","?","R","BOSS","M","?","M","M","?","E","R","E","T","R","?","E","R","M","R","BOSS","M","?","?","$","M","E","?","?","T","E","M","R","$","?","R","BOSS"],"build_version":"2018-11-15","purchased_purges":0,"victory":true,"max_hp_per_floor":[88,88,88,88,88,88,88,88,88,88,88,88,88,88,88,88,88,88,88,88,88,88,88,88,88,88,88,88,88,88,88,88,88,88,88,88,88,88,93,95,95,97,97,103,105,107,107,109,109,112],"card_choices":[{"not_picked":["Clothesline","Fire Breathing"],"picked":"Armaments","floor":1.0},{"not_picked":["Warcry","Reckless Charge"],"picked":"Thunderclap","floor":2.0},{"not_picked":["Sentinel","Warcry"],"picked":"Metallicize","floor":4.0},{"not_picked":["Battle Trance","Cleave"],"picked":"Flame Barrier","floor":5.0},{"not_picked":["Body Slam","Bloodletting","Metallicize"],"picked":"SKIP","floor":6.0},{"not_picked":["Twin Strike","Cleave"],"picked":"Perfected Strike","floor":8.0},{"not_picked":["Hemokinesis","Bloodletting"],"picked":"Twin Strike","floor":10.0},{"not_picked":["Iron Wave","Flex"],"picked":"Battle Trance","floor":12.0},{"not_picked":["Entrench","Rage"],"picked":"Pommel Strike","floor":13.0},{"not_picked":["Impervious","Reaper"],"picked":"Juggernaut","floor":16.0},{"not_picked":["Thunderclap","Warcry+1"],"picked":"Perfected Strike","floor":18.0},{"not_picked":["Cleave","Searing Blow+1"],"picked":"Inflame+1","floor":20.0},{"not_picked":["Carnage+1","Perfected Strike+1"],"picked":"Iron Wave+1","floor":21.0},{"not_picked":["Iron Wave","Second Wind"],"picked":"Dropkick","floor":23.0},{"not_picked":["Clothesline+1","Evolve"],"picked":"Iron Wave","floor":25.0},{"not_picked":["Perfected Strike+1","Rupture"],"picked":"Seeing Red+1","floor":29.0},{"not_picked":["Anger","Inflame"],"picked":"Flame Barrier","floor":30.0},{"not_picked":["Havoc","Pommel Strike"],"picked":"Feed","floor":31.0},{"not_picked":["Corruption","Clash"],"picked":"Uppercut","floor":32.0},{"not_picked":["Reaper","Brutality"],"picked":"Double Tap","floor":33.0},{"not_picked":["Iron Wave"],"picked":"SKIP","floor":35.0},{"not_picked":["Sever Soul+1"],"picked":"Singing Bowl","floor":39},{"not_picked":["Flex"],"picked":"Singing Bowl","floor":40},{"not_picked":["Wild Strike+1"],"picked":"Singing Bowl","floor":42},{"not_picked":["Warcry"],"picked":"Singing Bowl","floor":44},{"not_picked":["Cleave"],"picked":"Singing Bowl","floor":45},{"not_picked":["Headbutt"],"picked":"Singing Bowl","floor":46},{"not_picked":["Inflame"],"picked":"Singing Bowl","floor":48},{"not_picked":[],"picked":"Entrench","floor":49}],"player_experience":131980,"relics_obtained":[{"floor":6.0,"key":"Pantograph"},{"floor":8.0,"key":"Centennial Puzzle"},{"floor":9.0,"key":"Bag of Preparation"},{"floor":13.0,"key":"Red Skull"},{"floor":23.0,"key":"MawBank"},{"floor":25.0,"key":"Smiling Mask"},{"floor":26.0,"key":"Vajra"},{"floor":29.0,"key":"Dream Catcher"},{"floor":37.0,"key":"Calipers"},{"floor":40,"key":"Pocketwatch"},{"floor":43,"key":"Bag of Marbles"},{"floor":44,"key":"Bronze Scales"}],"event_choices":[{"damage_healed":0.0,"max_hp_gain":0.0,"max_hp_loss":0.0,"gold_gain":0.0,"event_name":"Lab","player_choice":"Got Potions","floor":3.0,"gold_loss":0.0,"damage_taken":0.0},{"damage_healed":0.0,"max_hp_gain":0.0,"max_hp_loss":0.0,"gold_gain":0.0,"event_name":"The Cleric","player_choice":"Leave","floor":14.0,"gold_loss":0.0,"damage_taken":0.0},{"damage_healed":0.0,"max_hp_gain":0.0,"max_hp_loss":0.0,"gold_gain":0.0,"event_name":"Ghosts","player_choice":"Ignored","floor":19.0,"gold_loss":0.0,"damage_taken":0.0},{"damage_healed":0.0,"max_hp_gain":0.0,"max_hp_loss":0.0,"gold_gain":0.0,"event_name":"Drug Dealer","player_choice":"Inject Mutagens","floor":22.0,"gold_loss":0.0,"damage_taken":0.0,"relics_obtained":["MutagenicStrength"]},{"damage_healed":29.0,"max_hp_gain":0.0,"max_hp_loss":0.0,"gold_gain":0.0,"event_name":"The Library","player_choice":"Heal","floor":28.0,"gold_loss":0.0,"damage_taken":0.0},{"damage_healed":0.0,"max_hp_gain":0.0,"max_hp_loss":0.0,"gold_gain":0.0,"event_name":"Winding Halls","player_choice":"Embrace Madness","floor":36.0,"gold_loss":0.0,"damage_taken":11.0,"cards_obtained":["Madness","Madness"]},{"damage_healed":0.0,"max_hp_gain":0.0,"max_hp_loss":0.0,"gold_gain":0.0,"event_name":"Mysterious Sphere","player_choice":"Fight","floor":37.0,"gold_loss":0.0,"damage_taken":0.0},{"damage_healed":0,"gold_gain":0,"player_choice":"Ignored","damage_taken":0,"max_hp_gain":0,"max_hp_loss":0,"event_name":"SecretPortal","floor":41,"gold_loss":0}],"is_beta":false,"boss_relics":[{"not_picked":["Velvet Choker","Lizard Tail"],"picked":"Sozu"},{"not_picked":["Mark of Pain","Tiny House"],"picked":"Busted Crown"}],"items_purged_floors":[],"is_endless":false,"potions_floor_spawned":[2,4,6,12,16,20,21,23,25,31,35,40,44,48],"ascension_level":2}