{"gold_per_floor":[118,118,129,51,66,66,98,98,98,98,0,0,10,38,38,134,134,152,77,77,91,91,91,117,117,190,223,223,237,92,111,111,111],"floor_reached":33,"playtime":1264,"items_purged":["Defend_R","Decay"],"score":362,"play_id":"d1bac3b4-a6cf-42fa-9750-a4dce529d8d6","local_time":"20190430180833","is_ascension_mode":true,"campfire_choices":[{"data":"Evolve","floor":6,"key":"SMITH"},{"data":"Wild Strike","floor":8,"key":"SMITH"},{"data":"True Grit","floor":10,"key":"SMITH"},{"data":"Bash","floor":12,"key":"SMITH"},{"floor":15,"key":"REST"},{"data":"Whirlwind","floor":25,"key":"SMITH"},{"floor":28,"key":"REST"},{"floor":32,"key":"REST"}],"neow_cost":"NONE","seed_source_timestamp":29666041581860,"circlet_count":0,"master_deck":["Defend_R","Defend_R","Defend_R","Bash+1","Flex","True Grit+1","Evolve+1","Wild Strike+1","Shrug It Off+1","True Grit+1","Disarm+1","Immolate","Writhe","Whirlwind+1","Bite","Bite","Bite","Bite","Bite","Dual Wield+1","J.A.X.+1","Limit Break+1","Headbutt","Shrug It Off+1","Limit Break+1"],"relics":["Burning Blood","Dodecahedron","Toxic Egg 2","Odd Mushroom","Calling Bell","Strawberry","Letter Opener","Thread and Needle","Centennial Puzzle","Paper Frog","Lantern"],"potions_floor_usage":[24,24,33,33],"damage_taken":[{"damage":6,"enemies":"Cultist","floor":1,"turns":3},{"damage":0,"enemies":"Small Slimes","floor":3,"turns":4},{"damage":9,"enemies":"2 Louse","floor":5,"turns":3},{"damage":44,"enemies":"Gremlin Nob","floor":7,"turns":5},{"damage":1,"enemies":"Looter","floor":13,"turns":3},{"damage":33,"enemies":"The Mushroom Lair","floor":14,"turns":6},{"damage":35,"enemies":"Hexaghost","floor":16,"turns":12},{"damage":24,"enemies":"Spheric Guardian","floor":18,"turns":6},{"damage":27,"enemies":"Shell Parasite","floor":21,"turns":8},{"damage":28,"enemies":"Gremlin Leader","floor":24,"turns":8},{"damage":55,"enemies":"Book of Stabbing","floor":27,"turns":6},{"damage":18,"enemies":"Snake Plant","floor":29,"turns":4},{"damage":6,"enemies":"3 Cultists","floor":31,"turns":5},{"damage":62,"enemies":"Automaton","floor":33,"turns":6}],"seed_played":"1560272407768199542","potions_obtained":[{"floor":3,"key":"Energy Potion"},{"floor":13,"key":"AttackPotion"},{"floor":14,"key":"Explosive Potion"},{"floor":24,"key":"LiquidBronze"}],"is_trial":false,"path_per_floor":["M","?","M","$","M","R","E","R","T","R","$","R","M","?","R","B",null,"M","?","?","M","$","?","E","R","T","E","R","M","$","M","R","B"],"character_chosen":"IRONCLAD","items_purchased":["Evolve","Shrug It Off+1","Shrug It Off+1"],"campfire_rested":3,"item_purchase_floors":[4,11,30],"current_hp_per_floor":[88,88,88,88,85,85,47,47,47,47,47,47,52,25,51,22,95,77,77,66,59,59,59,51,51,51,12,31,23,23,29,48,0],"gold":111,"neow_bonus":"TEN_PERCENT_HP_BONUS","is_prod":false,"is_daily":false,"chose_seed":false,"campfire_upgraded":5,"win_rate":0,"timestamp":1556665713,"path_taken":["M","?","?","$","?","R","E","R","T","R","$","R","M","?","R","BOSS","M","?","?","M","$","?","E","R","T","E","R","M","$","M","R","BOSS"],"build_version":"2019-01-23","purchased_purges":2,"victory":false,"max_hp_per_floor":[88,88,88,88,88,88,88,88,88,88,88,88,88,88,88,88,95,95,95,66,66,66,66,66,66,66,66,66,66,66,66,66,66],"card_choices":[{"not_picked":["Entrench","Body Slam"],"picked":"Flex","floor":1},{"not_picked":["True Grit","Havoc","Thunderclap"],"picked":"SKIP","floor":3},{"not_picked":["Warcry","Thunderclap"],"picked":"Wild Strike","floor":5},{"not_picked":["Clash","Juggernaut","Warcry"],"picked":"SKIP","floor":7},{"not_picked":["Body Slam","Uppercut"],"picked":"True Grit+1","floor":13},{"not_picked":["Flame Barrier+1","Pommel Strike"],"picked":"Disarm+1","floor":14},{"not_picked":["Brutality","Demon Form"],"picked":"Immolate","floor":16},{"not_picked":["Flex+1","Clothesline"],"picked":"Whirlwind","floor":18},{"not_picked":["Evolve","Perfected Strike+1"],"picked":"Dual Wield+1","floor":21},{"not_picked":["Dual Wield+1","Impervious+1"],"picked":"Limit Break+1","floor":24},{"not_picked":["Havoc+1","Heavy Blade"],"picked":"Headbutt","floor":27},{"not_picked":["Dropkick","True Grit+1","Havoc+1"],"picked":"SKIP","floor":29},{"not_picked":["Cleave","Anger"],"picked":"Limit Break+1","floor":31}],"player_experience":116822,"relics_obtained":[{"floor":7,"key":"Dodecahedron"},{"floor":9,"key":"Toxic Egg 2"},{"floor":14,"key":"Odd Mushroom"},{"floor":17,"key":"Strawberry"},{"floor":17,"key":"Letter Opener"},{"floor":17,"key":"Thread and Needle"},{"floor":24,"key":"Centennial Puzzle"},{"floor":26,"key":"Paper Frog"},{"floor":27,"key":"Lantern"}],"event_choices":[{"damage_healed":0,"gold_gain":0,"cards_transformed":["Strike_R"],"player_choice":"Transformed","damage_taken":0,"max_hp_gain":0,"max_hp_loss":0,"event_name":"Transmorgrifier","floor":2,"gold_loss":0,"cards_obtained":["True Grit"]},{"damage_healed":0,"gold_gain":0,"player_choice":"Fought Mushrooms","damage_taken":0,"max_hp_gain":0,"max_hp_loss":0,"event_name":"Mushrooms","floor":14,"gold_loss":0},{"cards_removed":["Normality"],"damage_healed":0,"gold_gain":0,"player_choice":"Gave Gold","damage_taken":0,"max_hp_gain":0,"max_hp_loss":0,"event_name":"Beggar","floor":19,"gold_loss":75},{"damage_healed":0,"gold_gain":0,"player_choice":"Became a vampire","damage_taken":0,"max_hp_gain":0,"max_hp_loss":29,"event_name":"Vampires","floor":20,"gold_loss":0,"cards_obtained":["Bite","Bite","Bite","Bite","Bite"]},{"damage_healed":0,"gold_gain":0,"player_choice":"Obtain J.A.X.","damage_taken":0,"max_hp_gain":0,"max_hp_loss":0,"event_name":"Drug Dealer","floor":23,"gold_loss":0,"cards_obtained":["J.A.X."]}],"is_beta":false,"boss_relics":[{"not_picked":["Coffee Dripper","Runic Dome"],"picked":"Calling Bell"}],"items_purged_floors":[11,30],"is_endless":false,"potions_floor_spawned":[3,13,14,24],"killed_by":"Automaton","ascension_level":4}