{"gold_per_floor":[110,110,122,122,132,132,162,162,187,187,219,144,157,177,177,256,256,273,173,173,185,198,198,224,224,249,249,284,301,226,561,561,640,640,656,667,667,378,391,417,417,451,451,479,489,379,68,81,81,81,81,81,81,26,59,59],"floor_reached":57,"playtime":3521,"items_purged":["Strike_R","Cleave","Pummel","Bash+1"],"score":3641,"play_id":"0a1e78a0-9e1a-4571-8bbf-9452a82c123d","local_time":"20190211233107","is_ascension_mode":true,"campfire_choices":[{"data":"True Grit","floor":6.0,"key":"SMITH"},{"data":"Inflame","floor":8.0,"key":"SMITH"},{"data":"Defend_R","floor":10.0,"key":"SMITH"},{"data":"Burning Pact","floor":15.0,"key":"SMITH"},{"data":"Barricade","floor":23.0,"key":"SMITH"},{"data":"Bloodletting","floor":25.0,"key":"SMITH"},{"data":"Offering","floor":27.0,"key":"SMITH"},{"data":"Body Slam","floor":32.0,"key":"SMITH"},{"data":"Dark Embrace","floor":41.0,"key":"SMITH"},{"floor":49,"key":"RECALL"},{"data":"Second Wind","floor":53,"key":"SMITH"}],"neow_cost":"NONE","seed_source_timestamp":2357754112248786,"circlet_count":0,"master_deck":["AscendersBane","Feel No Pain+1","Power Through+1","True Grit+1","Inflame+1","Burning Pact+1","Second Wind+1","Barricade+1","Warcry+1","Bloodletting+1","Offering+1","Battle Trance","Body Slam+1","Dark Embrace+1"],"special_seed":0,"relics":["Burning Blood","Whetstone","Omamori","Pen Nib","Blood Vial","Pandora\u0027s Box","Red Skull","Bronze Scales","Bag of Marbles","Old Coin","Empty Cage","Potion Belt","Boot","Anchor","Bottled Tornado","Centennial Puzzle","Happy Flower"],"potions_floor_usage":[56],"damage_taken":[{"damage":8.0,"enemies":"Small Slimes","floor":1.0,"turns":6.0},{"damage":1.0,"enemies":"Cultist","floor":3.0,"turns":3.0},{"damage":0.0,"enemies":"Jaw Worm","floor":5.0,"turns":3.0},{"damage":32.0,"enemies":"Gremlin Nob","floor":7.0,"turns":5.0},{"damage":4.0,"enemies":"3 Sentries","floor":11.0,"turns":14.0},{"damage":12.0,"enemies":"Red Slaver","floor":13.0,"turns":8.0},{"damage":10.0,"enemies":"Exordium Wildlife","floor":14.0,"turns":4.0},{"damage":28.0,"enemies":"Slime Boss","floor":16.0,"turns":16.0},{"damage":21.0,"enemies":"Shell Parasite","floor":18.0,"turns":3.0},{"damage":9.0,"enemies":"Colosseum Slavers","floor":20.0,"turns":7.0},{"damage":6.0,"enemies":"Chosen","floor":21.0,"turns":3.0},{"damage":15.0,"enemies":"3 Cultists","floor":22.0,"turns":8.0},{"damage":9.0,"enemies":"Book of Stabbing","floor":24.0,"turns":11.0},{"damage":18.0,"enemies":"Gremlin Leader","floor":28.0,"turns":5.0},{"damage":9.0,"enemies":"Sentry and Sphere","floor":29.0,"turns":4.0},{"damage":9.0,"enemies":"Book of Stabbing","floor":31.0,"turns":4.0},{"damage":9.0,"enemies":"Collector","floor":33.0,"turns":4.0},{"damage":6.0,"enemies":"Orb Walker","floor":35.0,"turns":2.0},{"damage":0.0,"enemies":"3 Shapes","floor":36.0,"turns":5.0},{"damage":9.0,"enemies":"3 Darklings","floor":39.0,"turns":8.0},{"damage":9.0,"enemies":"Nemesis","floor":40.0,"turns":5.0},{"damage":6.0,"enemies":"Giant Head","floor":42.0,"turns":4.0},{"damage":6.0,"enemies":"Nemesis","floor":44.0,"turns":5.0},{"damage":9.0,"enemies":"Writhing Mass","floor":45.0,"turns":3.0},{"damage":6,"enemies":"Transient","floor":48,"turns":4},{"damage":9,"enemies":"Awakened One","floor":50,"turns":4},{"damage":9,"enemies":"Donu and Deca","floor":51,"turns":3},{"damage":9,"enemies":"Shield and Spear","floor":55,"turns":2},{"damage":21,"enemies":"The Heart","floor":56,"turns":5}],"seed_played":"-6876508569163752353","potions_obtained":[{"floor":1.0,"key":"BloodPotion"},{"floor":3.0,"key":"Energy Potion"},{"floor":13.0,"key":"SkillPotion"},{"floor":16.0,"key":"GamblersBrew"},{"floor":29.0,"key":"Fire Potion"},{"floor":33.0,"key":"SpeedPotion"},{"floor":36.0,"key":"Ancient Potion"},{"floor":42.0,"key":"GamblersBrew"},{"floor":44.0,"key":"SpeedPotion"},{"floor":48,"key":"BloodPotion"}],"is_trial":false,"path_per_floor":["M","?","M","?","M","R","E","R","T","R","E","$","M","M","R","B",null,"M","$","?","M","M","R","E","R","T","R","E","M","?","E","R","B",null,"M","M","?","$","M","E","R","E","T","E","M","?","$","M","R","B","B",null,"R","$","E","B",null],"character_chosen":"IRONCLAD","items_purchased":["Potion Belt","Centennial Puzzle","Block Potion"],"campfire_rested":0,"item_purchase_floors":[38,47,54],"current_hp_per_floor":[66,66,71,71,75,75,49,49,49,49,58,58,54,52,52,32,64,51,51,50,52,45,45,44,44,44,44,34,33,33,32,32,31,64,66,74,75,75,72,71,71,73,73,75,72,72,72,74,74,72,71,74,74,74,72,59],"gold":59,"neow_bonus":"RANDOM_COMMON_RELIC","is_prod":false,"is_daily":false,"chose_seed":false,"campfire_upgraded":10,"win_rate":0,"timestamp":1549899067,"path_taken":["M","?","?","?","M","R","E","R","T","R","E","$","M","M","R","BOSS","M","?","?","M","M","R","E","R","T","R","E","M","?","E","R","BOSS","M","M","?","$","M","E","R","E","T","E","M","?","$","?","R","BOSS","BOSS","R","$","E","BOSS"],"build_version":"2019-01-23","purchased_purges":4,"victory":true,"max_hp_per_floor":[75,75,75,75,75,75,75,75,75,75,75,75,75,75,75,75,75,75,75,75,75,75,75,75,75,75,75,75,75,75,75,75,75,75,75,75,75,75,75,75,75,75,75,75,75,75,75,75,75,75,75,75,75,75,75,75],"card_choices":[{"not_picked":["Battle Trance","Clash"],"picked":"Feel No Pain","floor":1.0},{"not_picked":["Perfected Strike","Warcry"],"picked":"Power Through","floor":3.0},{"not_picked":["Shrug It Off","Cleave"],"picked":"True Grit","floor":5.0},{"not_picked":["Flex","Rage"],"picked":"Inflame","floor":7.0},{"not_picked":["Feel No Pain","Warcry"],"picked":"Burning Pact","floor":11.0},{"not_picked":["Thunderclap","Wild Strike"],"picked":"Pummel","floor":13.0},{"not_picked":["True Grit","Spot Weakness"],"picked":"Second Wind","floor":14.0},{"not_picked":["Bludgeon","Juggernaut"],"picked":"Barricade","floor":16.0},{"not_picked":["Shrug It Off","Heavy Blade","Reckless Charge+1"],"picked":"SKIP","floor":18.0},{"not_picked":["Flame Barrier","Anger"],"picked":"Battle Trance","floor":21.0},{"not_picked":["Twin Strike","Warcry","Armaments"],"picked":"SKIP","floor":22.0},{"not_picked":["Battle Trance+1","Sentinel","Pommel Strike+1"],"picked":"SKIP","floor":24.0},{"not_picked":["Perfected Strike","Armaments","Battle Trance"],"picked":"SKIP","floor":28.0},{"not_picked":["Disarm","Inflame"],"picked":"Body Slam","floor":29.0},{"not_picked":["Shockwave+1","Reckless Charge","Heavy Blade"],"picked":"SKIP","floor":31.0},{"not_picked":["Immolate","Exhume"],"picked":"Dark Embrace","floor":33.0},{"not_picked":["Flame Barrier+1","Infernal Blade","Rampage"],"picked":"SKIP","floor":35.0},{"not_picked":["Armaments+1","Clothesline","Flex"],"picked":"SKIP","floor":36.0},{"not_picked":["Heavy Blade","Flex+1","Spot Weakness"],"picked":"SKIP","floor":39.0},{"not_picked":["Pommel Strike","Inflame","Body Slam"],"picked":"SKIP","floor":40.0},{"not_picked":["Sentinel","Hemokinesis","Rupture"],"picked":"SKIP","floor":42.0},{"not_picked":["Sword Boomerang","Entrench","Searing Blow+1"],"picked":"SKIP","floor":44.0},{"not_picked":["Sever Soul","Juggernaut","Pommel Strike"],"picked":"SKIP","floor":45.0},{"not_picked":["Sword Boomerang","Thunderclap","Inflame+1"],"picked":"SKIP","floor":48},{"not_picked":["Fiend Fire","Anger+1","Battle Trance+1"],"picked":"SKIP","floor":55}],"player_experience":876345,"relics_obtained":[{"floor":7.0,"key":"Omamori"},{"floor":9.0,"key":"Pen Nib"},{"floor":11.0,"key":"Blood Vial"},{"floor":24.0,"key":"Red Skull"},{"floor":26.0,"key":"Bronze Scales"},{"floor":28.0,"key":"Bag of Marbles"},{"floor":31.0,"key":"Old Coin"},{"floor":40.0,"key":"Boot"},{"floor":42.0,"key":"Anchor"},{"floor":44.0,"key":"Bottled Tornado"},{"floor":55,"key":"Happy Flower"}],"event_choices":[{"damage_healed":0.0,"max_hp_gain":0.0,"max_hp_loss":0.0,"gold_gain":0.0,"event_name":"Accursed Blacksmith","player_choice":"Forge","floor":2.0,"gold_loss":0.0,"damage_taken":0.0,"cards_upgraded":["Feel No Pain"]},{"damage_healed":0.0,"max_hp_gain":0.0,"max_hp_loss":0.0,"gold_gain":0.0,"event_name":"Upgrade Shrine","player_choice":"Upgraded","floor":4.0,"gold_loss":0.0,"damage_taken":0.0,"cards_upgraded":["Power Through"]},{"damage_healed":0.0,"max_hp_gain":0.0,"max_hp_loss":0.0,"gold_gain":0.0,"event_name":"Colosseum","player_choice":"Fight","floor":20.0,"gold_loss":0.0,"damage_taken":0.0},{"damage_healed":0.0,"max_hp_gain":0.0,"max_hp_loss":0.0,"gold_gain":0.0,"event_name":"Colosseum","player_choice":"Fled From Nobs","floor":20.0,"gold_loss":0.0,"damage_taken":0.0},{"cards_removed":["Sever Soul"],"damage_healed":0.0,"max_hp_gain":0.0,"max_hp_loss":0.0,"gold_gain":0.0,"event_name":"Beggar","player_choice":"Gave Gold","floor":30.0,"gold_loss":75.0,"damage_taken":0.0},{"damage_healed":15.0,"max_hp_gain":0.0,"max_hp_loss":0.0,"gold_gain":0.0,"event_name":"Winding Halls","player_choice":"Writhe","floor":37.0,"gold_loss":0.0,"damage_taken":0.0,"cards_obtained":["Writhe"]},{"cards_removed":["Shrug It Off"],"damage_healed":0,"gold_gain":0,"player_choice":"Upgrade and Remove","damage_taken":0,"max_hp_gain":0,"max_hp_loss":0,"event_name":"Designer","floor":46,"gold_loss":110,"cards_upgraded":["Warcry"]}],"is_beta":false,"boss_relics":[{"not_picked":["White Beast Statue","Fusion Hammer"],"picked":"Pandora\u0027s Box"},{"not_picked":["Coffee Dripper","Eternal Feather"],"picked":"Empty Cage"}],"items_purged_floors":[12,19,38,47],"is_endless":false,"potions_floor_spawned":[1,3,7,13,16,18,29,33,36,42,44,48],"ascension_level":20}