{"gold_per_floor":[117,117,134,59,75,108,122,135,135,135,162,174,174,209,209,288,288,303,303,318,162,178,178,213,213,240,240,240,271,91,102,102,179,179,193,1192,790,809,857,857,1191,1191,1191,1204,1214,1241,1241,1267,1267,1267,1267,1267,1267,419,449,449],"floor_reached":57,"playtime":2347,"items_purged":["Strike_R","Bash","Normality","Normality"],"score":3386,"play_id":"f261c640-d71e-45ed-b3e6-2d8b524b5eb2","local_time":"20190228164804","is_ascension_mode":true,"campfire_choices":[{"data":"Armaments","floor":13.0,"key":"SMITH"},{"data":"Evolve","floor":15.0,"key":"SMITH"},{"data":"True Grit","floor":23.0,"key":"SMITH"},{"data":"Dark Embrace","floor":25.0,"key":"SMITH"},{"data":"Barricade","floor":27.0,"key":"SMITH"},{"data":"Body Slam","floor":32.0,"key":"SMITH"},{"data":"Burning Pact","floor":40.0,"key":"SMITH"},{"data":"Second Wind","floor":42.0,"key":"SMITH"},{"floor":49.0,"key":"RECALL"},{"data":"Feel No Pain","floor":53.0,"key":"SMITH"}],"neow_cost":"TEN_PERCENT_HP_LOSS","seed_source_timestamp":668211486551686,"circlet_count":0,"master_deck":["AscendersBane","Defend_R+1","Defend_R+1","Defend_R","Defend_R","Immolate","Evolve+1","True Grit+1","Body Slam+1","Barricade+1","Armaments+1","Second Wind+1","Dark Embrace+1","Feel No Pain+1","Burning Pact+1","Impervious+1","Anger"],"special_seed":0,"relics":["Burning Blood","StoneCalendar","Happy Flower","Centennial Puzzle","Mummified Hand","Coffee Dripper","Shuriken","Art of War","Calipers","Mark of Pain","Blue Candle","Girya","Old Coin","Omamori","Gremlin Horn","Medical Kit","War Paint","Pen Nib","Kunai"],"potions_floor_usage":[56,56],"damage_taken":[{"damage":0.0,"enemies":"Cultist","floor":1.0,"turns":2.0},{"damage":0.0,"enemies":"Small Slimes","floor":3.0,"turns":2.0},{"damage":0.0,"enemies":"2 Louse","floor":5.0,"turns":1.0},{"damage":20.0,"enemies":"Lagavulin","floor":6.0,"turns":7.0},{"damage":6.0,"enemies":"Looter","floor":7.0,"turns":4.0},{"damage":14.0,"enemies":"Blue Slaver","floor":8.0,"turns":4.0},{"damage":12.0,"enemies":"3 Sentries","floor":11.0,"turns":6.0},{"damage":0.0,"enemies":"3 Louse","floor":12.0,"turns":2.0},{"damage":8.0,"enemies":"Gremlin Nob","floor":14.0,"turns":3.0},{"damage":0.0,"enemies":"Slime Boss","floor":16.0,"turns":5.0},{"damage":0.0,"enemies":"Chosen","floor":18.0,"turns":3.0},{"damage":19.0,"enemies":"Spheric Guardian","floor":20.0,"turns":4.0},{"damage":20.0,"enemies":"Shelled Parasite and Fungi","floor":22.0,"turns":5.0},{"damage":26.0,"enemies":"Gremlin Leader","floor":24.0,"turns":5.0},{"damage":16.0,"enemies":"Book of Stabbing","floor":29.0,"turns":3.0},{"damage":2.0,"enemies":"Sentry and Sphere","floor":31.0,"turns":4.0},{"damage":0.0,"enemies":"Automaton","floor":33.0,"turns":7.0},{"damage":21.0,"enemies":"3 Darklings","floor":35.0,"turns":4.0},{"damage":1.0,"enemies":"3 Shapes","floor":38.0,"turns":2.0},{"damage":11.0,"enemies":"2 Orb Walkers","floor":39.0,"turns":2.0},{"damage":1.0,"enemies":"Giant Head","floor":41.0,"turns":4.0},{"damage":0.0,"enemies":"Sphere and 2 Shapes","floor":44.0,"turns":3.0},{"damage":1.0,"enemies":"Spire Growth","floor":45.0,"turns":3.0},{"damage":1.0,"enemies":"Reptomancer","floor":48.0,"turns":2.0},{"damage":1.0,"enemies":"Time Eater","floor":50.0,"turns":5.0},{"damage":53.0,"enemies":"Awakened One","floor":51.0,"turns":9.0},{"damage":7.0,"enemies":"Shield and Spear","floor":55.0,"turns":3.0},{"damage":21,"enemies":"The Heart","floor":56,"turns":8}],"seed_played":"5224099131151789882","potions_obtained":[{"floor":1.0,"key":"FearPotion"},{"floor":5.0,"key":"FairyPotion"},{"floor":14.0,"key":"Swift Potion"},{"floor":16.0,"key":"BloodPotion"},{"floor":24.0,"key":"Poison Potion"},{"floor":33.0,"key":"PowerPotion"},{"floor":35.0,"key":"BloodPotion"},{"floor":41.0,"key":"SkillPotion"}],"is_trial":false,"path_per_floor":["M","?","M","?","M","E","M","M","T","?","E","M","R","E","R","B",null,"M","?","M","$","M","R","E","R","T","R","?","E","$","M","R","B",null,"M","?","$","M","?","R","E","R","T","M","M","T","?","E","R","B","B",null,"R","$","E","B",null],"character_chosen":"IRONCLAD","items_purchased":["Feel No Pain","GamblersBrew","Blue Candle","Medical Kit","War Paint","Pen Nib","BloodPotion","Explosive Potion","Anger"],"campfire_rested":0,"item_purchase_floors":[21,30,37,54,54,54,54,54,54],"current_hp_per_floor":[68,61,67,67,68,54,54,46,46,26,20,26,26,24,24,30,59,65,65,52,52,38,38,24,24,24,24,24,14,14,18,18,24,57,42,42,42,47,48,48,53,53,53,59,64,64,64,68,68,68,21,56,56,56,55,46],"gold":449,"neow_bonus":"TRANSFORM_TWO_CARDS","is_prod":false,"is_daily":false,"chose_seed":false,"campfire_upgraded":9,"win_rate":0,"timestamp":1551343684,"path_taken":["M","?","M","?","M","E","M","M","T","?","E","M","R","E","R","BOSS","M","?","M","$","M","R","E","R","T","R","?","E","$","M","R","BOSS","M","?","$","M","?","R","E","R","T","M","M","?","?","E","R","BOSS","BOSS","R","$","E","BOSS"],"build_version":"2019-01-23","purchased_purges":4,"victory":true,"max_hp_per_floor":[68,68,68,68,68,68,68,68,68,68,68,68,68,68,68,68,68,68,68,68,68,68,68,68,68,68,68,68,68,68,68,68,68,68,68,68,68,68,68,68,68,68,68,68,68,68,68,68,68,68,68,68,68,68,68,68],"card_choices":[{"not_picked":["Combust","Armaments"],"picked":"Evolve","floor":1.0},{"not_picked":["Havoc","Armaments"],"picked":"True Grit","floor":3.0},{"not_picked":["Havoc","Flex"],"picked":"Body Slam","floor":5.0},{"not_picked":["Rampage","True Grit","Clash"],"picked":"SKIP","floor":6.0},{"not_picked":["Clothesline","Armaments"],"picked":"Barricade","floor":7.0},{"not_picked":["Pommel Strike","Clothesline"],"picked":"Armaments","floor":8.0},{"not_picked":["Thunderclap","Dual Wield","Flex"],"picked":"SKIP","floor":11.0},{"not_picked":["Cleave","Metallicize"],"picked":"Second Wind","floor":12.0},{"not_picked":["True Grit","Sword Boomerang"],"picked":"Dark Embrace","floor":14.0},{"not_picked":["Body Slam","Sentinel","Pommel Strike"],"picked":"SKIP","floor":18.0},{"not_picked":["Clothesline","Whirlwind","Sword Boomerang+1"],"picked":"SKIP","floor":20.0},{"not_picked":["Body Slam","Rage","Spot Weakness"],"picked":"SKIP","floor":22.0},{"not_picked":["Exhume","Dual Wield","Pommel Strike"],"picked":"SKIP","floor":24.0},{"not_picked":["Havoc+1","Cleave"],"picked":"Burning Pact","floor":29.0},{"not_picked":["Pommel Strike","Evolve+1","Sentinel"],"picked":"SKIP","floor":31.0},{"not_picked":["Warcry","Headbutt","Body Slam"],"picked":"SKIP","floor":35.0},{"not_picked":["Wild Strike","Flex+1","Clothesline"],"picked":"SKIP","floor":38.0},{"not_picked":["Warcry","Pommel Strike","Thunderclap+1"],"picked":"SKIP","floor":41.0},{"not_picked":["Cleave","Thunderclap"],"picked":"Impervious","floor":44.0},{"not_picked":["Iron Wave","Sword Boomerang+1","Shockwave"],"picked":"SKIP","floor":45.0},{"not_picked":["Fire Breathing","Iron Wave+1","Cleave"],"picked":"SKIP","floor":48.0},{"not_picked":["Corruption+1","Rupture+1","Sentinel"],"picked":"SKIP","floor":55.0}],"player_experience":1102658,"relics_obtained":[{"floor":6.0,"key":"StoneCalendar"},{"floor":9.0,"key":"Happy Flower"},{"floor":11.0,"key":"Centennial Puzzle"},{"floor":14.0,"key":"Mummified Hand"},{"floor":24.0,"key":"Shuriken"},{"floor":26.0,"key":"Art of War"},{"floor":29.0,"key":"Calipers"},{"floor":39.0,"key":"Girya"},{"floor":41.0,"key":"Old Coin"},{"floor":46.0,"key":"Omamori"},{"floor":48.0,"key":"Gremlin Horn"},{"floor":55.0,"key":"Kunai"}],"event_choices":[{"cards_removed":["Strike_R"],"damage_healed":0.0,"max_hp_gain":0.0,"max_hp_loss":0.0,"gold_gain":0.0,"event_name":"Golden Wing","player_choice":"Card Removal","floor":2.0,"gold_loss":0.0,"damage_taken":7.0},{"cards_removed":["Strike_R"],"damage_healed":0.0,"max_hp_gain":0.0,"max_hp_loss":0.0,"gold_gain":0.0,"event_name":"The Cleric","player_choice":"Card Removal","floor":4.0,"gold_loss":75.0,"damage_taken":0.0},{"damage_healed":0.0,"max_hp_gain":0.0,"max_hp_loss":0.0,"gold_gain":0.0,"event_name":"Shining Light","player_choice":"Entered Light","floor":10.0,"gold_loss":0.0,"damage_taken":20.0,"cards_upgraded":["Cleave","Defend_R"]},{"damage_healed":0.0,"max_hp_gain":0.0,"max_hp_loss":0.0,"gold_gain":0.0,"event_name":"Vampires","player_choice":"Ignored","floor":19.0,"gold_loss":0.0,"damage_taken":0.0},{"cards_removed":["Cleave"],"damage_healed":0.0,"max_hp_gain":0.0,"max_hp_loss":0.0,"gold_gain":0.0,"event_name":"Back to Basics","player_choice":"Elegance","floor":28.0,"gold_loss":0.0,"damage_taken":0.0},{"damage_healed":0.0,"max_hp_gain":0.0,"max_hp_loss":0.0,"gold_gain":999.0,"event_name":"MindBloom","player_choice":"Gold","floor":36.0,"gold_loss":0.0,"damage_taken":0.0,"cards_obtained":["Normality","Normality"]},{"damage_healed":0.0,"max_hp_gain":0.0,"max_hp_loss":0.0,"gold_gain":0.0,"event_name":"Mysterious Sphere","player_choice":"Fight","floor":39.0,"gold_loss":0.0,"damage_taken":0.0},{"damage_healed":0.0,"max_hp_gain":0.0,"max_hp_loss":0.0,"gold_gain":0.0,"event_name":"Tomb of Lord Red Mask","player_choice":"Ignored","floor":47.0,"gold_loss":0.0,"damage_taken":0.0}],"is_beta":false,"boss_relics":[{"not_picked":["Sozu","White Beast Statue"],"picked":"Coffee Dripper"},{"not_picked":["Black Star","Pandora\u0027s Box"],"picked":"Mark of Pain"}],"items_purged_floors":[21,30,37,54],"is_endless":false,"potions_floor_spawned":[1,5,14,16,20,24,33,35,41,48],"ascension_level":20}