{"gold_per_floor":[113,129,82,157,170,170,205,205,205,205,239,239,264,275,275,352,352,341,351,365,365,385,385,714,714,766,781,781,494,494,102,102,181,181,191,291,303,30,41,68,68,68,68,68],"floor_reached":44,"playtime":3374,"items_purged":["Strike_B"],"score":807,"play_id":"48524eac-46db-4c55-9942-62bc7624f9bd","local_time":"20190329201636","is_ascension_mode":true,"campfire_choices":[{"data":"Loop","floor":6.0,"key":"SMITH"},{"data":"Self Repair","floor":8.0,"key":"SMITH"},{"floor":10.0,"key":"REST"},{"data":"Zap","floor":12.0,"key":"SMITH"},{"floor":15.0,"key":"REST"},{"floor":23.0,"key":"REST"},{"data":"Conserve Battery","floor":28.0,"key":"SMITH"},{"data":"Conserve Battery","floor":30.0,"key":"SMITH"},{"floor":32.0,"key":"REST"},{"data":"Tempest","floor":41,"key":"SMITH"}],"neow_cost":"PERCENT_DAMAGE","seed_source_timestamp":602453787977351,"circlet_count":0,"master_deck":["AscendersBane","Strike_B","Defend_B","Defend_B","Defend_B","Defend_B","Zap+1","Dualcast","Conserve Battery+1","Self Repair+1","Conserve Battery+1","Loop+1","Beam Cell","Tempest+1","Glacier","Ball Lightning","Creative AI+1","Rebound","Defragment+1","Leap","Machine Learning+1","Sweeping Beam","Melter+1","Mayhem+1","Heatsinks+1","Undo","Echo Form+1","Buffer+1","BootSequence+1","Defragment+1","Redo+1","Parasite","Echo Form+1","Bandage Up"],"special_seed":0,"relics":["Cracked Core","Turnip","Cables","Bottled Lightning","Frozen Egg 2","Sozu","Old Coin","Happy Flower","Gambling Chip","Empty Cage","Emotion Chip","ClockworkSouvenir","Dream Catcher","Blue Candle"],"potions_floor_usage":[],"damage_taken":[{"damage":1.0,"enemies":"Cultist","floor":1.0,"turns":4.0},{"damage":0.0,"enemies":"2 Louse","floor":2.0,"turns":3.0},{"damage":0.0,"enemies":"Jaw Worm","floor":5.0,"turns":5.0},{"damage":32.0,"enemies":"Gremlin Nob","floor":7.0,"turns":5.0},{"damage":14.0,"enemies":"Lagavulin","floor":11.0,"turns":7.0},{"damage":34.0,"enemies":"3 Sentries","floor":13.0,"turns":8.0},{"damage":17.0,"enemies":"Gremlin Gang","floor":14.0,"turns":6.0},{"damage":18.0,"enemies":"Hexaghost","floor":16.0,"turns":10.0},{"damage":16.0,"enemies":"2 Thieves","floor":18.0,"turns":4.0},{"damage":14.0,"enemies":"3 Byrds","floor":19.0,"turns":4.0},{"damage":13.0,"enemies":"Cultist and Chosen","floor":20.0,"turns":4.0},{"damage":29.0,"enemies":"Colosseum Slavers","floor":21.0,"turns":4.0},{"damage":11.0,"enemies":"3 Cultists","floor":22.0,"turns":7.0},{"damage":44.0,"enemies":"Slavers","floor":24.0,"turns":8.0},{"damage":5.0,"enemies":"Sentry and Sphere","floor":27.0,"turns":5.0},{"damage":29.0,"enemies":"Automaton","floor":33.0,"turns":11.0},{"damage":12.0,"enemies":"3 Darklings","floor":35.0,"turns":6.0},{"damage":14.0,"enemies":"Mind Bloom Boss Battle","floor":36.0,"turns":11.0},{"damage":6.0,"enemies":"3 Shapes","floor":37.0,"turns":3.0},{"damage":16.0,"enemies":"Writhing Mass","floor":39.0,"turns":5.0},{"damage":8,"enemies":"Nemesis","floor":40,"turns":9},{"damage":73,"enemies":"Reptomancer","floor":44,"turns":2}],"seed_played":"9038321816602775775","potions_obtained":[{"floor":2.0,"key":"Ancient Potion"},{"floor":5.0,"key":"GamblersBrew"},{"floor":11.0,"key":"EntropicBrew"},{"floor":13.0,"key":"Regen Potion"}],"is_trial":false,"path_per_floor":["M","M","$","?","M","R","E","R","T","R","E","R","E","M","R","B",null,"M","M","M","?","M","R","E","?","T","M","R","$","R","$","R","B",null,"M","?","M","$","M","E","R","?","T","E"],"character_chosen":"DEFECT","items_purchased":["Conserve Battery","Mayhem+1","Heatsinks+1","Undo","Echo Form+1","Gambling Chip","ClockworkSouvenir"],"campfire_rested":4,"item_purchase_floors":[3,29,29,29,31,31,38],"current_hp_per_floor":[63,63,63,52,59,59,34,34,34,60,56,56,32,25,51,58,81,65,51,48,29,28,54,20,20,20,25,25,25,25,25,51,32,75,73,69,73,73,67,69,69,69,69,0],"gold":68,"neow_bonus":"TWENTY_PERCENT_HP_BONUS","is_prod":false,"is_daily":false,"chose_seed":false,"campfire_upgraded":6,"win_rate":0,"timestamp":1553915796,"path_taken":["M","M","?","?","M","R","E","R","T","R","E","R","E","?","R","BOSS","M","M","?","?","M","R","E","?","T","M","R","$","R","$","R","BOSS","M","?","M","$","M","E","R","?","T","E"],"build_version":"2019-01-23","purchased_purges":1,"victory":false,"max_hp_per_floor":[89,89,89,89,89,89,89,89,89,89,89,89,89,89,89,89,89,89,89,89,89,89,89,89,89,89,89,89,89,89,89,89,89,89,89,89,89,89,89,89,89,89,89,89],"card_choices":[{"not_picked":["Compile Driver","Redo"],"picked":"Conserve Battery","floor":1.0},{"not_picked":["Streamline","Scrape"],"picked":"Self Repair","floor":2.0},{"not_picked":["Conserve Battery","Streamline"],"picked":"Loop","floor":5.0},{"not_picked":["Hyperbeam","Hologram"],"picked":"Beam Cell","floor":7.0},{"not_picked":["Gash","Go for the Eyes"],"picked":"Tempest","floor":11.0},{"not_picked":["Gash","Stack"],"picked":"Glacier","floor":13.0},{"not_picked":["Beam Cell","Redo"],"picked":"Ball Lightning","floor":14.0},{"not_picked":["All For One","Thunder Strike"],"picked":"Creative AI+1","floor":16.0},{"not_picked":["Redo","Gash"],"picked":"Rebound","floor":18.0},{"not_picked":["Blizzard","Barrage"],"picked":"Defragment+1","floor":19.0},{"not_picked":["Stack","Chill"],"picked":"Leap","floor":20.0},{"not_picked":["Skim","Chaos+1"],"picked":"Machine Learning+1","floor":22.0},{"not_picked":["Beam Cell","Conserve Battery"],"picked":"Sweeping Beam","floor":24.0},{"not_picked":["Steam Power","Lockon"],"picked":"Melter+1","floor":27.0},{"not_picked":["Hyperbeam","Creative AI+1"],"picked":"Buffer+1","floor":33.0},{"not_picked":["Streamline","Coolheaded"],"picked":"BootSequence+1","floor":35.0},{"not_picked":["Ball Lightning","Lockon"],"picked":"Defragment+1","floor":36.0},{"not_picked":["Barrage+1","Gash"],"picked":"Redo+1","floor":37.0},{"not_picked":["Streamline","Conserve Battery","Coolheaded"],"picked":"SKIP","floor":39.0},{"not_picked":["Streamline","Compile Driver"],"picked":"Echo Form+1","floor":40},{"not_picked":["Good Instincts","Transmutation"],"picked":"Bandage Up","floor":42}],"player_experience":573029,"relics_obtained":[{"floor":7.0,"key":"Turnip"},{"floor":9.0,"key":"Cables"},{"floor":11.0,"key":"Bottled Lightning"},{"floor":13.0,"key":"Frozen Egg 2"},{"floor":24.0,"key":"Old Coin"},{"floor":26.0,"key":"Happy Flower"},{"floor":36.0,"key":"Emotion Chip"},{"floor":40,"key":"Dream Catcher"},{"floor":43,"key":"Blue Candle"}],"event_choices":[{"damage_healed":0.0,"max_hp_gain":0.0,"max_hp_loss":0.0,"gold_gain":75.0,"event_name":"World of Goop","player_choice":"Gather Gold","floor":4.0,"gold_loss":0.0,"damage_taken":11.0},{"damage_healed":0.0,"max_hp_gain":0.0,"max_hp_loss":0.0,"gold_gain":0.0,"event_name":"Colosseum","player_choice":"Fight","floor":21.0,"gold_loss":0.0,"damage_taken":0.0},{"damage_healed":0.0,"max_hp_gain":0.0,"max_hp_loss":0.0,"gold_gain":0.0,"event_name":"Colosseum","player_choice":"Fled From Nobs","floor":21.0,"gold_loss":0.0,"damage_taken":0.0},{"damage_healed":0.0,"max_hp_gain":0.0,"max_hp_loss":0.0,"gold_gain":0.0,"event_name":"Vampires","player_choice":"Ignored","floor":25.0,"gold_loss":0.0,"damage_taken":0.0},{"damage_healed":0.0,"max_hp_gain":0.0,"max_hp_loss":0.0,"gold_gain":0.0,"event_name":"MindBloom","player_choice":"Fight","floor":36.0,"gold_loss":0.0,"damage_taken":0.0},{"damage_healed":0,"gold_gain":0,"player_choice":"Memory 1","damage_taken":0,"max_hp_gain":0,"max_hp_loss":0,"event_name":"SensoryStone","floor":42,"gold_loss":0}],"is_beta":false,"boss_relics":[{"not_picked":["Runic Pyramid","Snecko Eye"],"picked":"Sozu"},{"not_picked":["Lizard Tail","Coffee Dripper"],"picked":"Empty Cage"}],"items_purged_floors":[38],"is_endless":false,"potions_floor_spawned":[2,5,11,13,18,20,22,35,37,40],"killed_by":"Reptomancer","ascension_level":13}