{"gold_per_floor":[115,115,131,56,72,72,112,112,138,138,157,197,215,231,231,324,324,348,348,361,374,388,388,121,121],"floor_reached":25,"playtime":661,"items_purged":["Strike_B","Strike_B"],"score":430,"play_id":"fe856302-5ab4-42a3-b756-4c752eff31d9","local_time":"20190507230447","is_ascension_mode":true,"campfire_choices":[{"data":"Sweeping Beam","floor":6,"key":"SMITH"},{"data":"Dualcast","floor":10,"key":"SMITH"},{"data":"Static Discharge","floor":15,"key":"SMITH"},{"floor":23,"key":"REST"}],"neow_cost":"NONE","seed_source_timestamp":203325053668272,"circlet_count":0,"master_deck":["AscendersBane","Strike_B","Strike_B","Defend_B","Defend_B","Defend_B","Defend_B","Zap+1","Dualcast+1","Compile Driver","Sweeping Beam+1","Darkness+1","Undo","Echo Form","Static Discharge+1","Seek","Self Repair","Reinforced Body","Genetic Algorithm","Go for the Eyes"],"relics":["Cracked Core","Golden Idol","Strawberry","Bronze Scales","Torii","Nuclear Battery","PreservedInsect"],"potions_floor_usage":[7,7,14,21],"damage_taken":[{"damage":0,"enemies":"Cultist","floor":1,"turns":4},{"damage":2,"enemies":"2 Louse","floor":3,"turns":2},{"damage":7,"enemies":"Jaw Worm","floor":5,"turns":3},{"damage":15,"enemies":"Lagavulin","floor":7,"turns":6},{"damage":9,"enemies":"Red Slaver","floor":11,"turns":3},{"damage":14,"enemies":"Gremlin Nob","floor":12,"turns":3},{"damage":11,"enemies":"Gremlin Gang","floor":13,"turns":2},{"damage":1,"enemies":"2 Fungi Beasts","floor":14,"turns":3},{"damage":8,"enemies":"Hexaghost","floor":16,"turns":7},{"damage":19,"enemies":"Shell Parasite","floor":18,"turns":3},{"damage":11,"enemies":"Chosen","floor":20,"turns":4},{"damage":18,"enemies":"Snecko","floor":21,"turns":6},{"damage":17,"enemies":"Snake Plant","floor":22,"turns":2},{"damage":31,"enemies":"Masked Bandits","floor":25,"turns":3}],"seed_played":"-454148667217480401","potions_obtained":[{"floor":1,"key":"Strength Potion"},{"floor":3,"key":"Weak Potion"},{"floor":13,"key":"Block Potion"},{"floor":14,"key":"Fire Potion"},{"floor":16,"key":"Energy Potion"},{"floor":21,"key":"FocusPotion"}],"is_trial":false,"path_per_floor":["M","?","M","$","M","R","E","?","T","R","M","E","M","M","R","B",null,"M","?","M","M","M","R","$","?"],"character_chosen":"DEFECT","items_purchased":["PreservedInsect"],"campfire_rested":1,"item_purchase_floors":[24],"current_hp_per_floor":[64,64,62,62,55,55,47,47,47,47,38,24,13,12,12,4,54,35,35,38,27,10,31,31,0],"gold":121,"neow_bonus":"UPGRADE_CARD","is_prod":false,"is_daily":false,"chose_seed":false,"campfire_upgraded":3,"win_rate":0,"timestamp":1557281087,"path_taken":["M","?","M","$","M","R","E","?","T","R","M","E","M","M","R","BOSS","M","?","M","?","?","R","$","?"],"build_version":"2019-01-23","purchased_purges":2,"victory":false,"max_hp_per_floor":[71,64,64,64,64,64,71,71,71,71,71,71,71,71,71,71,71,71,71,71,71,71,71,71,71],"card_choices":[{"not_picked":["BootSequence","Turbo","Skim"],"picked":"SKIP","floor":1},{"not_picked":["Reinforced Body","Aggregate"],"picked":"Compile Driver","floor":3},{"not_picked":["Streamline","Scrape"],"picked":"Sweeping Beam","floor":5},{"not_picked":["Sweeping Beam","Blizzard"],"picked":"Darkness","floor":7},{"not_picked":["Leap","Sweeping Beam"],"picked":"Undo","floor":11},{"not_picked":["Beam Cell","Force Field"],"picked":"Echo Form","floor":12},{"not_picked":["Turbo","Go for the Eyes","Sweeping Beam"],"picked":"SKIP","floor":13},{"not_picked":["Steam Power","Skim"],"picked":"Static Discharge","floor":14},{"not_picked":["Reboot","Amplify"],"picked":"Seek","floor":16},{"not_picked":["FTL","Redo"],"picked":"Self Repair","floor":18},{"not_picked":["Beam Cell","Blizzard"],"picked":"Reinforced Body","floor":20},{"not_picked":["Undo","Rip and Tear+1"],"picked":"Genetic Algorithm","floor":21},{"not_picked":["Leap","Machine Learning"],"picked":"Go for the Eyes","floor":22}],"player_experience":2284595,"relics_obtained":[{"floor":7,"key":"Strawberry"},{"floor":9,"key":"Bronze Scales"},{"floor":12,"key":"Torii"}],"event_choices":[{"damage_healed":0,"gold_gain":0,"player_choice":"Lose Max HP","damage_taken":0,"relics_obtained":["Golden Idol"],"max_hp_gain":0,"max_hp_loss":7,"event_name":"Golden Idol","floor":2,"gold_loss":0},{"damage_healed":0,"gold_gain":0,"player_choice":"Grow","damage_taken":0,"max_hp_gain":0,"max_hp_loss":0,"event_name":"Living Wall","floor":8,"gold_loss":0,"cards_upgraded":["Darkness"]},{"damage_healed":0,"gold_gain":0,"player_choice":"Ignored","damage_taken":0,"max_hp_gain":0,"max_hp_loss":0,"event_name":"N\u0027loth","floor":19,"gold_loss":0},{"damage_healed":0,"gold_gain":0,"player_choice":"Fought Bandits","damage_taken":0,"max_hp_gain":0,"max_hp_loss":0,"event_name":"Masked Bandits","floor":25,"gold_loss":0}],"is_beta":false,"boss_relics":[{"not_picked":["Lizard Tail","Coffee Dripper"],"picked":"Nuclear Battery"}],"items_purged_floors":[4,24],"is_endless":false,"potions_floor_spawned":[1,3,13,14,16,18,21],"killed_by":"Masked Bandits","ascension_level":20}