{"gold_per_floor":[114,124,124,124,49,49,80,80,80,91,111,145,145,158,158,237,237,257,257,274,254,269,269,281,281],"floor_reached":25,"playtime":815,"items_purged":["Strike_R"],"score":426,"play_id":"42ec41f7-bf88-4a0f-b1e0-c979bd389139","local_time":"20190307110732","is_ascension_mode":true,"campfire_choices":[{"data":"Armaments","floor":6.0,"key":"SMITH"},{"data":"Flex","floor":8.0,"key":"SMITH"},{"data":"Pommel Strike","floor":13.0,"key":"SMITH"},{"data":"Panacea","floor":15.0,"key":"SMITH"},{"data":"Limit Break","floor":23.0,"key":"SMITH"}],"neow_cost":"NONE","seed_source_timestamp":518974403830821,"circlet_count":0,"master_deck":["AscendersBane","Strike_R","Strike_R","Defend_R","Defend_R","Defend_R","Defend_R","Bash","Panacea+1","Armaments+1","Feel No Pain","Flex+1","Sword Boomerang","Inflame","Battle Trance","Pommel Strike+1","Demon Form","Limit Break+1","True Grit","Shrug It Off","Shrug It Off"],"special_seed":0,"relics":["Burning Blood","Vajra","Blood Vial","Question Card","Bronze Scales","Runic Dome"],"potions_floor_usage":[25,25],"damage_taken":[{"damage":11.0,"enemies":"Jaw Worm","floor":1.0,"turns":5.0},{"damage":7.0,"enemies":"2 Louse","floor":2.0,"turns":3.0},{"damage":25.0,"enemies":"Gremlin Nob","floor":7.0,"turns":4.0},{"damage":0.0,"enemies":"Cultist","floor":10.0,"turns":3.0},{"damage":8.0,"enemies":"Blue Slaver","floor":11.0,"turns":3.0},{"damage":16.0,"enemies":"3 Sentries","floor":12.0,"turns":8.0},{"damage":4.0,"enemies":"Red Slaver","floor":14.0,"turns":4.0},{"damage":21.0,"enemies":"Hexaghost","floor":16.0,"turns":5.0},{"damage":1.0,"enemies":"3 Byrds","floor":18.0,"turns":3.0},{"damage":20.0,"enemies":"Spheric Guardian","floor":20.0,"turns":4.0},{"damage":21.0,"enemies":"Snake Plant","floor":22.0,"turns":4.0},{"damage":16.0,"enemies":"Cultist and Chosen","floor":24.0,"turns":4.0},{"damage":41,"enemies":"Slavers","floor":25,"turns":3}],"seed_played":"-432425821410349619","potions_obtained":[{"floor":1.0,"key":"Dexterity Potion"},{"floor":10.0,"key":"SteroidPotion"},{"floor":11.0,"key":"Explosive Potion"},{"floor":20.0,"key":"LiquidBronze"},{"floor":21.0,"key":"Ancient Potion"},{"floor":22.0,"key":"Fire Potion"}],"is_trial":false,"path_per_floor":["M","M","?","?","$","R","E","R","T","M","M","E","R","M","R","B",null,"M","?","M","?","M","R","M","E"],"character_chosen":"IRONCLAD","items_purchased":[],"campfire_rested":0,"item_purchase_floors":[],"current_hp_per_floor":[63,62,57,57,57,57,38,38,38,46,46,38,38,42,42,29,64,71,71,59,59,46,46,38,0],"gold":281,"neow_bonus":"RANDOM_COLORLESS","is_prod":false,"is_daily":false,"chose_seed":false,"campfire_upgraded":5,"win_rate":0,"timestamp":1551928052,"path_taken":["M","M","?","?","$","R","E","R","T","M","M","E","R","?","R","BOSS","M","?","?","?","M","R","?","E"],"build_version":"2019-01-23","purchased_purges":1,"victory":false,"max_hp_per_floor":[75,75,75,75,75,75,75,75,75,75,75,75,75,75,75,75,75,75,75,75,75,75,75,75,75],"card_choices":[{"not_picked":["Warcry","Armaments","Fire Breathing"],"picked":"SKIP","floor":1.0},{"not_picked":["Warcry","Fire Breathing"],"picked":"Armaments","floor":1.0},{"not_picked":["Heavy Blade","Whirlwind"],"picked":"Feel No Pain","floor":2.0},{"not_picked":["Ghostly Armor","Double Tap"],"picked":"Sword Boomerang","floor":7.0},{"not_picked":["Ghostly Armor","Wild Strike","Fire Breathing"],"picked":"Inflame","floor":10.0},{"not_picked":["Pummel","Headbutt","Warcry"],"picked":"Battle Trance","floor":11.0},{"not_picked":["Twin Strike","Metallicize","Body Slam"],"picked":"Pommel Strike","floor":12.0},{"not_picked":["Thunderclap","Headbutt","Sentinel"],"picked":"Demon Form","floor":14.0},{"not_picked":["Impervious","Exhume","Brutality"],"picked":"Limit Break","floor":16.0},{"not_picked":["Pommel Strike","Warcry","Havoc"],"picked":"True Grit","floor":18.0},{"not_picked":["Sword Boomerang","Intimidate","Flame Barrier","Clothesline"],"picked":"SKIP","floor":20.0},{"not_picked":["Wild Strike","Sword Boomerang","Inflame"],"picked":"Shrug It Off","floor":22.0},{"not_picked":["Dropkick","Clash","Thunderclap"],"picked":"Shrug It Off","floor":24.0}],"player_experience":1173808,"relics_obtained":[{"floor":7.0,"key":"Blood Vial"},{"floor":9.0,"key":"Question Card"},{"floor":12.0,"key":"Bronze Scales"}],"event_choices":[{"damage_healed":0.0,"max_hp_gain":0.0,"max_hp_loss":0.0,"gold_gain":0.0,"event_name":"Scrap Ooze","player_choice":"Success","floor":3.0,"gold_loss":0.0,"damage_taken":5.0,"relics_obtained":["Vajra"]},{"damage_healed":0.0,"max_hp_gain":0.0,"max_hp_loss":0.0,"gold_gain":0.0,"cards_transformed":["Strike_R"],"event_name":"Transmorgrifier","player_choice":"Transformed","floor":4.0,"gold_loss":0.0,"damage_taken":0.0,"cards_obtained":["Flex"]},{"cards_removed":["Strike_R"],"damage_healed":0.0,"max_hp_gain":0.0,"max_hp_loss":0.0,"gold_gain":0.0,"event_name":"Purifier","player_choice":"Purged","floor":19.0,"gold_loss":0.0,"damage_taken":0.0},{"damage_healed":0.0,"max_hp_gain":0.0,"max_hp_loss":0.0,"gold_gain":0.0,"event_name":"The Woman in Blue","player_choice":"Bought 1 Potion","floor":21.0,"gold_loss":0.0,"damage_taken":0.0}],"is_beta":false,"boss_relics":[{"not_picked":["Calling Bell","Pandora\u0027s Box"],"picked":"Runic Dome"}],"items_purged_floors":[5],"is_endless":false,"potions_floor_spawned":[1,10,11,20,22,24],"killed_by":"Slavers","ascension_level":20}