{"path_per_floor":["M","?","?","M","M","E","?","R","T","M","R","?","M","M","R","B",null,"M","?","?","M","$","R","T","M","T","R","E","R","E","?","R"],"character_chosen":"IRONCLAD","items_purchased":["Ginger"],"gold_per_floor":[12,12,87,102,114,146,146,146,169,180,180,180,199,210,210,306,306,319,319,319,329,29,29,29,48,75,75,105,105,132,132,132],"floor_reached":33,"campfire_rested":0,"playtime":1274,"current_hp_per_floor":[80,80,69,74,80,64,57,57,57,62,62,72,78,84,84,82,90,90,90,90,90,90,90,90,90,97,97,86,86,84,84,84],"items_purged":[],"gold":132,"score":308,"play_id":"ac16447a-38e4-442f-8153-69784fb7a937","local_time":"20180312101950","is_prod":false,"is_daily":false,"is_ascension_mode":false,"campfire_upgraded":7,"timestamp":1520867990,"path_taken":["M","?","?","M","?","E","?","R","T","?","R","?","M","M","R","BOSS","M","?","?","M","$","R","?","?","T","R","E","R","E","?","R","BOSS"],"build_version":"2018-03-08-BETA","purchased_purges":1,"victory":false,"master_deck":["Strike_R+1","Strike_R","Strike_R","Strike_R","Strike_R","Defend_R+1","Defend_R+1","Defend_R+1","Bash+1","Headbutt+1","Seeing Red+1","Perfected Strike+1","Offering+1","Pommel Strike+1","Writhe","Perfected Strike+1","Exhume+1","Twin Strike+1"],"max_hp_per_floor":[80,80,80,80,80,80,80,80,80,80,80,90,90,90,90,90,90,90,90,90,90,90,90,90,90,97,97,97,97,97,97,97],"relics":["Burning Blood","Thread and Needle","Whetstone","Ancient Tea Set","Pear","Philosopher\u0027s Stone","War Paint","Ginger","Gambling Chip","Strawberry","Omamori","Paper Frog"],"card_choices":[{"not_picked":["Havoc","Burning Pact"],"picked":"Headbutt"},{"not_picked":["Shockwave","Heavy Blade"],"picked":"Seeing Red"},{"not_picked":["Flex","Evolve"],"picked":"Perfected Strike"},{"not_picked":["Flex","Sword Boomerang"],"picked":"Offering"},{"not_picked":["Heavy Blade","Searing Blow"],"picked":"Pommel Strike"},{"not_picked":["Warcry","Sword Boomerang"],"picked":"Exhume"},{"not_picked":["Shrug It Off","Searing Blow"],"picked":"Twin Strike"}],"player_experience":151147,"potions_floor_usage":[10,10,30],"damage_taken":[{"damage":2,"enemies":"2 Louse","floor":1,"turns":3},{"damage":1,"enemies":"Cultist","floor":4,"turns":4},{"damage":0,"enemies":"Small Slimes","floor":5,"turns":4},{"damage":22,"enemies":"Lagavulin","floor":6,"turns":6},{"damage":1,"enemies":"Exordium Wildlife","floor":10,"turns":2},{"damage":0,"enemies":"2 Fungi Beasts","floor":13,"turns":2},{"damage":0,"enemies":"Exordium Thugs","floor":14,"turns":3},{"damage":8,"enemies":"Slime Boss","floor":16,"turns":3},{"damage":5,"enemies":"3 Byrds","floor":18,"turns":6},{"damage":4,"enemies":"Shell Parasite","floor":21,"turns":2},{"damage":0,"enemies":"Snake Plant","floor":25,"turns":1},{"damage":17,"enemies":"Slavers","floor":28,"turns":3},{"damage":8,"enemies":"Book of Stabbing","floor":30,"turns":1},{"damage":98,"enemies":"Automaton","floor":33,"turns":6}],"event_choices":[{"event_name":"Upgrade Shrine","player_choice":"Upgraded","floor":2,"damage_taken":0},{"event_name":"World of Goop","player_choice":"Gather Gold","floor":3,"damage_taken":0},{"event_name":"Golden Wing","player_choice":"Card Removal","floor":7,"damage_taken":0},{"event_name":"Wheel of Change","player_choice":"Relic","floor":12,"damage_taken":0},{"event_name":"The Mausoleum","player_choice":"Yes","floor":19,"damage_taken":0},{"event_name":"The Library","player_choice":"Read","floor":20,"damage_taken":0},{"event_name":"Wheel of Change","player_choice":"Curse","floor":31,"damage_taken":0}],"boss_relics":[{"not_picked":["Question Card","Snecko Eye"],"picked":"Philosopher\u0027s Stone"}],"potions_floor_spawned":[4,6,13,16,25],"seed_played":"8395709874247463417","killed_by":"Automaton","ascension_level":0,"is_trial":false}