{"gold_per_floor":[113,129,129,129,54,90,90,111,157,196,196,215,180,194,194,325,325,340,439,439,439,453,453,470,470,470,470],"floor_reached":27,"playtime":833,"items_purged":["Regret"],"score":276,"play_id":"59ba7c47-e9c6-475f-a31b-6cd8f9fcb799","local_time":"20190501212422","is_ascension_mode":true,"campfire_choices":[{"floor":7,"key":"REST"},{"floor":11,"key":"REST"},{"data":"Blood for Blood","floor":15,"key":"SMITH"},{"floor":23,"key":"REST"},{"data":"Bash","floor":25,"key":"SMITH"}],"neow_cost":"NONE","seed_source_timestamp":45111240766514,"circlet_count":0,"master_deck":["Strike_R","Strike_R","Strike_R","Strike_R","Strike_R","Defend_R","Defend_R","Defend_R","Defend_R","Bash+1","Flex","Blood for Blood+1","Rupture","Headbutt","Battle Trance+1"],"relics":["Burning Blood","Bloody Idol","Happy Flower","Blue Candle","Blood Vial","Anchor","Black Star","Singing Bowl","Pantograph"],"potions_floor_usage":[16,18,22,22,22,22,22,27],"damage_taken":[{"damage":6,"enemies":"2 Louse","floor":1,"turns":3},{"damage":15,"enemies":"Small Slimes","floor":2,"turns":4},{"damage":34,"enemies":"Gremlin Nob","floor":6,"turns":5},{"damage":0,"enemies":"Jaw Worm","floor":8,"turns":4},{"damage":50,"enemies":"3 Sentries","floor":10,"turns":11},{"damage":4,"enemies":"2 Fungi Beasts","floor":12,"turns":4},{"damage":3,"enemies":"Blue Slaver","floor":14,"turns":3},{"damage":57,"enemies":"The Guardian","floor":16,"turns":10},{"damage":60,"enemies":"Spheric Guardian","floor":18,"turns":8},{"damage":9,"enemies":"Chosen","floor":22,"turns":5},{"damage":50,"enemies":"3 Cultists","floor":24,"turns":6},{"damage":39,"enemies":"Book of Stabbing","floor":27,"turns":4}],"seed_played":"-1133856337910503663","potions_obtained":[{"floor":2,"key":"EssenceOfSteel"},{"floor":8,"key":"EntropicBrew"},{"floor":12,"key":"Poison Potion"},{"floor":16,"key":"Explosive Potion"},{"floor":18,"key":"Energy Potion"},{"floor":24,"key":"Poison Potion"}],"is_trial":false,"path_per_floor":["M","M","?","?","$","E","R","M","T","E","R","M","?","M","R","B",null,"M","?","?","T","M","R","M","R","T","E"],"character_chosen":"IRONCLAD","items_purchased":[],"campfire_rested":3,"item_purchase_floors":[],"current_hp_per_floor":[88,79,57,57,57,29,55,61,61,19,45,49,71,76,76,27,73,21,21,21,21,33,59,24,24,24,0],"gold":470,"neow_bonus":"TEN_PERCENT_HP_BONUS","is_prod":false,"is_daily":false,"chose_seed":false,"campfire_upgraded":2,"win_rate":0,"timestamp":1556763862,"path_taken":["M","M","?","?","$","E","R","M","T","E","R","M","?","M","R","BOSS","M","?","?","?","?","R","?","R","T","E"],"build_version":"2019-01-23","purchased_purges":1,"victory":false,"max_hp_per_floor":[88,88,88,88,88,88,88,88,88,88,88,88,88,88,88,88,88,88,88,88,88,88,88,90,90,90,90],"card_choices":[{"not_picked":["Clash","Warcry"],"picked":"Flex","floor":1},{"not_picked":["Dual Wield","Clothesline","Thunderclap"],"picked":"SKIP","floor":2},{"not_picked":["Wild Strike","Fire Breathing"],"picked":"Blood for Blood","floor":6},{"not_picked":["Clash","Clothesline","Pommel Strike"],"picked":"SKIP","floor":8},{"not_picked":["Power Through","Searing Blow"],"picked":"Rupture","floor":10},{"not_picked":["Sever Soul","Anger"],"picked":"Headbutt","floor":12},{"not_picked":["Anger","Havoc","Wild Strike"],"picked":"SKIP","floor":14},{"not_picked":["Sword Boomerang","Anger+1","Heavy Blade"],"picked":"SKIP","floor":18},{"not_picked":["Pommel Strike","Rupture"],"picked":"Battle Trance+1","floor":22},{"not_picked":["Ghostly Armor","Pommel Strike","Inflame"],"picked":"Singing Bowl","floor":24}],"player_experience":122846,"relics_obtained":[{"floor":6,"key":"Blue Candle"},{"floor":9,"key":"Blood Vial"},{"floor":10,"key":"Anchor"},{"floor":21,"key":"Singing Bowl"},{"floor":26,"key":"Pantograph"}],"event_choices":[{"damage_healed":0,"gold_gain":0,"player_choice":"Take Damage","damage_taken":22,"relics_obtained":["Golden Idol"],"max_hp_gain":0,"max_hp_loss":0,"event_name":"Golden Idol","floor":3,"gold_loss":0},{"damage_healed":0,"gold_gain":0,"player_choice":"Box","damage_taken":0,"relics_obtained":["Happy Flower"],"max_hp_gain":0,"max_hp_loss":0,"event_name":"Big Fish","floor":4,"gold_loss":0,"cards_obtained":["Regret"]},{"damage_healed":22,"gold_gain":0,"player_choice":"Healed","damage_taken":0,"max_hp_gain":0,"max_hp_loss":0,"event_name":"The Cleric","floor":13,"gold_loss":35},{"damage_healed":0,"gold_gain":99,"player_choice":"Stole From Cult","damage_taken":0,"max_hp_gain":0,"max_hp_loss":0,"event_name":"Nest","floor":19,"gold_loss":0},{"damage_healed":0,"gold_gain":0,"player_choice":"Gave Idol","damage_taken":0,"relics_obtained":["Bloody Idol"],"max_hp_gain":0,"max_hp_loss":0,"event_name":"Forgotten Altar","floor":20,"relics_lost":["Golden Idol"],"gold_loss":0}],"is_beta":false,"boss_relics":[{"not_picked":["Velvet Choker","Coffee Dripper"],"picked":"Black Star"}],"items_purged_floors":[5],"is_endless":false,"potions_floor_spawned":[2,8,12,16,18,24],"killed_by":"Book of Stabbing","ascension_level":5}