{"gold_per_floor":[368,368,89,89,89,89,117,117,117,117,127,144,178,198,198,198],"floor_reached":16,"playtime":550,"items_purged":[],"score":178,"play_id":"ccda1da0-b855-4b8b-b04f-cb69fe60f058","local_time":"20190329190610","is_ascension_mode":true,"campfire_choices":[{"data":"Zap","floor":6.0,"key":"SMITH"},{"data":"Dualcast","floor":8.0,"key":"SMITH"},{"floor":10.0,"key":"REST"},{"floor":15,"key":"REST"}],"neow_cost":"PERCENT_DAMAGE","seed_source_timestamp":601798896951817,"circlet_count":0,"master_deck":["AscendersBane","Strike_B","Strike_B","Defend_B","Defend_B","Defend_B","Defend_B","Zap+1","Dualcast+1","Compile Driver","Ball Lightning","Multi-Cast+1","Redo+1","Redo+1","Capacitor","Beam Cell","Tempest+1"],"special_seed":0,"relics":["Cracked Core","Toxic Egg 2","Darkstone Periapt","Matryoshka","Shuriken"],"potions_floor_usage":[13],"damage_taken":[{"damage":15.0,"enemies":"2 Louse","floor":1.0,"turns":4.0},{"damage":25.0,"enemies":"Lagavulin","floor":7.0,"turns":5.0},{"damage":2.0,"enemies":"Jaw Worm","floor":11.0,"turns":2.0},{"damage":2.0,"enemies":"Small Slimes","floor":12.0,"turns":2.0},{"damage":14,"enemies":"Gremlin Nob","floor":13,"turns":3},{"damage":11,"enemies":"Blue Slaver","floor":14,"turns":3},{"damage":47,"enemies":"The Guardian","floor":16,"turns":8}],"seed_played":"4061421462335212848","potions_obtained":[{"floor":1.0,"key":"FocusPotion"},{"floor":12.0,"key":"Strength Potion"}],"is_trial":false,"path_per_floor":["M","?","$","?","?","R","E","R","T","R","M","M","E","M","R","B"],"character_chosen":"DEFECT","items_purchased":["Toxic Egg 2","Ball Lightning"],"campfire_rested":2,"item_purchase_floors":[3,3],"current_hp_per_floor":[35,60,60,53,53,53,28,28,28,50,48,46,32,21,43,0],"gold":198,"neow_bonus":"TWO_FIFTY_GOLD","is_prod":false,"is_daily":false,"chose_seed":false,"campfire_upgraded":2,"win_rate":0,"timestamp":1553911570,"path_taken":["M","?","$","?","?","R","E","R","T","R","M","?","E","M","R","BOSS"],"build_version":"2019-01-23","purchased_purges":0,"victory":false,"max_hp_per_floor":[75,75,75,75,75,75,75,75,75,75,75,75,75,75,75,75],"card_choices":[{"not_picked":["Consume","Turbo"],"picked":"Compile Driver","floor":1.0},{"not_picked":["Steam+1","Static Discharge"],"picked":"Redo+1","floor":7.0},{"not_picked":["Leap+1","Stack+1"],"picked":"Redo+1","floor":11.0},{"not_picked":["Rebound","Stack+1"],"picked":"Capacitor","floor":12.0},{"not_picked":["Aggregate+1","Streamline"],"picked":"Beam Cell","floor":13},{"not_picked":["Cold Snap","Turbo+1"],"picked":"Tempest+1","floor":14}],"player_experience":572479,"relics_obtained":[{"floor":7.0,"key":"Darkstone Periapt"},{"floor":9.0,"key":"Matryoshka"},{"floor":13,"key":"Shuriken"}],"event_choices":[{"damage_healed":25.0,"max_hp_gain":0.0,"max_hp_loss":0.0,"gold_gain":0.0,"event_name":"Big Fish","player_choice":"Banana","floor":2.0,"gold_loss":0.0,"damage_taken":0.0},{"cards_removed":["Strike_B"],"damage_healed":0.0,"max_hp_gain":0.0,"max_hp_loss":0.0,"gold_gain":0.0,"event_name":"Golden Wing","player_choice":"Card Removal","floor":4.0,"gold_loss":0.0,"damage_taken":7.0},{"damage_healed":0.0,"max_hp_gain":0.0,"max_hp_loss":0.0,"gold_gain":0.0,"cards_transformed":["Strike_B"],"event_name":"Living Wall","player_choice":"Change","floor":5.0,"gold_loss":0.0,"damage_taken":0.0,"cards_obtained":["Multi-Cast"]}],"is_beta":false,"boss_relics":[],"items_purged_floors":[],"is_endless":false,"potions_floor_spawned":[1,12],"killed_by":"The Guardian","ascension_level":13}