{"gold_per_floor":[114,114,39,39,59,59,85,85,85,95,114,126,141,216,216,290,290,310,341,257,102,116,116,128,142,142,160,192,192,20,40,40,118,118,129,4,279,289,307,342,342,371,371,471,481,494,512,532,532,532,532,532,532,28,63,63],"floor_reached":57,"playtime":2131,"items_purged":["Strike_R","Spot Weakness","True Grit","Regret"],"score":3051,"play_id":"bddfd578-04fa-4a75-807e-ab8c9af8e564","local_time":"20190515223508","is_ascension_mode":true,"campfire_choices":[{"data":"True Grit","floor":6.0,"key":"SMITH"},{"data":"Limit Break","floor":8.0,"key":"SMITH"},{"data":"Bash","floor":15.0,"key":"SMITH"},{"data":"Sword Boomerang","floor":23.0,"key":"SMITH"},{"data":"Havoc","floor":29.0,"key":"SMITH"},{"data":"Bloodletting","floor":32.0,"key":"SMITH"},{"data":"Limit Break","floor":41.0,"key":"SMITH"},{"floor":49.0,"key":"RECALL"},{"data":"Offering","floor":53.0,"key":"SMITH"}],"neow_cost":"PERCENT_DAMAGE","seed_source_timestamp":1770611195723073,"circlet_count":0,"master_deck":["AscendersBane","Bash+1","Bludgeon+1","True Grit+1","Limit Break+1","Demon Form","Limit Break+1","Pommel Strike+1","Shrug It Off+1","Metallicize","Ghostly Armor","Sword Boomerang+1","Inflame","Bloodletting+1","Havoc+1","Offering+1","Evolve+1","Burning Pact+1","Second Wind","Exhume","Metamorphosis"],"special_seed":0,"relics":["Burning Blood","Magic Flower","Paper Frog","Pandora\u0027s Box","Red Mask","Red Skull","Mummified Hand","Whetstone","Centennial Puzzle","Cursed Key","Matryoshka","Bag of Preparation","War Paint","StoneCalendar","Du-Vu Doll"],"potions_floor_usage":[56,56,56,56],"damage_taken":[{"damage":7.0,"enemies":"2 Louse","floor":1.0,"turns":4.0},{"damage":0.0,"enemies":"Cultist","floor":5.0,"turns":2.0},{"damage":21.0,"enemies":"3 Sentries","floor":7.0,"turns":8.0},{"damage":7.0,"enemies":"Small Slimes","floor":10.0,"turns":3.0},{"damage":0.0,"enemies":"Exordium Wildlife","floor":11.0,"turns":4.0},{"damage":6.0,"enemies":"Looter","floor":12.0,"turns":3.0},{"damage":5.0,"enemies":"Blue Slaver","floor":13.0,"turns":2.0},{"damage":23.0,"enemies":"Hexaghost","floor":16.0,"turns":7.0},{"damage":27.0,"enemies":"Shell Parasite","floor":18.0,"turns":4.0},{"damage":19.0,"enemies":"Masked Bandits","floor":19.0,"turns":4.0},{"damage":18.0,"enemies":"Spheric Guardian","floor":22.0,"turns":4.0},{"damage":17.0,"enemies":"Snake Plant","floor":24.0,"turns":4.0},{"damage":4.0,"enemies":"Centurion and Healer","floor":25.0,"turns":3.0},{"damage":1.0,"enemies":"3 Cultists","floor":27.0,"turns":4.0},{"damage":5.0,"enemies":"Book of Stabbing","floor":28.0,"turns":4.0},{"damage":3.0,"enemies":"Cultist and Chosen","floor":31.0,"turns":3.0},{"damage":6.0,"enemies":"Automaton","floor":33.0,"turns":4.0},{"damage":15.0,"enemies":"3 Darklings","floor":35.0,"turns":3.0},{"damage":9.0,"enemies":"Orb Walker","floor":38.0,"turns":3.0},{"damage":9.0,"enemies":"3 Darklings","floor":39.0,"turns":3.0},{"damage":9.0,"enemies":"Giant Head","floor":40.0,"turns":3.0},{"damage":39.0,"enemies":"Reptomancer","floor":42.0,"turns":5.0},{"damage":9.0,"enemies":"Mind Bloom Boss Battle","floor":44.0,"turns":2.0},{"damage":9.0,"enemies":"Sphere and 2 Shapes","floor":45.0,"turns":2.0},{"damage":3.0,"enemies":"Maw","floor":46.0,"turns":4.0},{"damage":9.0,"enemies":"Spire Growth","floor":47.0,"turns":2.0},{"damage":16.0,"enemies":"Sphere and 2 Shapes","floor":48.0,"turns":4.0},{"damage":12.0,"enemies":"Awakened One","floor":50.0,"turns":3.0},{"damage":18.0,"enemies":"Donu and Deca","floor":51.0,"turns":2.0},{"damage":15.0,"enemies":"Shield and Spear","floor":55.0,"turns":2.0},{"damage":48,"enemies":"The Heart","floor":56,"turns":5}],"seed_played":"751004684005198891","potions_obtained":[{"floor":1.0,"key":"GamblersBrew"},{"floor":12.0,"key":"AttackPotion"},{"floor":18.0,"key":"SteroidPotion"},{"floor":22.0,"key":"Fire Potion"},{"floor":28.0,"key":"Energy Potion"},{"floor":35.0,"key":"Poison Potion"},{"floor":38.0,"key":"PowerPotion"},{"floor":39.0,"key":"BloodPotion"},{"floor":46.0,"key":"Strength Potion"},{"floor":48.0,"key":"Poison Potion"}],"is_trial":false,"path_per_floor":["M","?","$","?","M","R","E","R","T","M","M","M","M","?","R","B",null,"M","?","?","$","M","R","M","M","T","M","E","R","$","M","R","B",null,"M","$","?","M","M","E","R","E","T","?","M","M","M","M","R","B","B",null,"R","$","E","B",null],"character_chosen":"IRONCLAD","items_purchased":["AttackPotion","Centennial Puzzle","EntropicBrew","Metamorphosis","Block Potion"],"campfire_rested":0,"item_purchase_floors":[21,30,54,54,54],"current_hp_per_floor":[49,49,49,26,32,32,17,17,17,19,28,31,35,24,24,10,59,41,31,31,31,22,22,14,19,19,27,31,31,31,37,37,40,66,60,60,60,60,60,60,60,41,41,41,41,47,47,40,40,37,28,63,63,63,57,18],"gold":63,"neow_bonus":"THREE_RARE_CARDS","is_prod":false,"is_daily":false,"chose_seed":false,"campfire_upgraded":8,"win_rate":0,"timestamp":1557930908,"path_taken":["M","?","?","?","?","R","E","R","T","M","M","M","M","?","R","BOSS","M","?","?","$","M","R","M","M","T","M","E","R","?","?","R","BOSS","M","$","?","?","M","E","R","E","T","?","M","M","M","M","R","BOSS","BOSS","R","$","E","BOSS"],"build_version":"2019-01-23","purchased_purges":4,"victory":true,"max_hp_per_floor":[75,75,75,75,75,75,75,75,75,75,75,75,75,75,75,75,75,75,75,75,75,75,75,75,75,75,75,75,75,75,75,75,75,75,75,75,75,75,75,75,75,75,75,75,75,75,75,75,75,75,75,75,75,75,75,75],"card_choices":[{"not_picked":["Berserk","Barricade"],"picked":"Bludgeon","floor":0.0},{"not_picked":["Cleave","Blood for Blood","Heavy Blade"],"picked":"SKIP","floor":1.0},{"not_picked":["Anger","Warcry"],"picked":"True Grit","floor":5.0},{"not_picked":["Armaments","Bloodletting"],"picked":"Limit Break","floor":7.0},{"not_picked":["Dual Wield","Twin Strike","Thunderclap"],"picked":"SKIP","floor":10.0},{"not_picked":["Twin Strike","Corruption","Body Slam"],"picked":"SKIP","floor":11.0},{"not_picked":["Dual Wield","Shrug It Off"],"picked":"Demon Form","floor":12.0},{"not_picked":["Thunderclap","Ghostly Armor","Spot Weakness"],"picked":"SKIP","floor":13.0},{"not_picked":["Thunderclap","Ghostly Armor"],"picked":"Spot Weakness","floor":13.0},{"not_picked":["Juggernaut","Barricade"],"picked":"Limit Break","floor":16.0},{"not_picked":["Clothesline","Blood for Blood","Hemokinesis"],"picked":"SKIP","floor":18.0},{"not_picked":["Anger+1","Cleave+1"],"picked":"Bloodletting","floor":22.0},{"not_picked":["Flex","Double Tap","Dropkick"],"picked":"SKIP","floor":24.0},{"not_picked":["Shrug It Off","Havoc","Carnage"],"picked":"SKIP","floor":25.0},{"not_picked":["Shrug It Off","Carnage"],"picked":"Havoc","floor":25.0},{"not_picked":["Disarm","Inflame","Thunderclap"],"picked":"SKIP","floor":27.0},{"not_picked":["Bloodletting","Anger","Cleave"],"picked":"SKIP","floor":28.0},{"not_picked":["Perfected Strike","Corruption","Cleave"],"picked":"SKIP","floor":31.0},{"not_picked":["Barricade","Limit Break"],"picked":"Offering","floor":33.0},{"not_picked":["Wild Strike","Shrug It Off","Clothesline"],"picked":"SKIP","floor":35.0},{"not_picked":["Anger+1","True Grit"],"picked":"Evolve+1","floor":38.0},{"not_picked":["Pommel Strike","Flame Barrier"],"picked":"Burning Pact","floor":39.0},{"not_picked":["Shrug It Off","Heavy Blade+1","Ghostly Armor"],"picked":"SKIP","floor":40.0},{"not_picked":["Carnage","Intimidate","Pommel Strike"],"picked":"SKIP","floor":42.0},{"not_picked":["Wild Strike","Burning Pact","Twin Strike"],"picked":"SKIP","floor":45.0},{"not_picked":["Wild Strike","Burning Pact","Twin Strike"],"picked":"SKIP","floor":45.0},{"not_picked":["Body Slam","Pommel Strike+1"],"picked":"Second Wind","floor":46.0},{"not_picked":["Shrug It Off","Ghostly Armor"],"picked":"Exhume","floor":47.0},{"not_picked":["Battle Trance","Clash","Searing Blow+1"],"picked":"SKIP","floor":48.0},{"not_picked":["Iron Wave","Clash+1","Burning Pact"],"picked":"SKIP","floor":55.0},{"not_picked":["Iron Wave","Clash+1","Burning Pact"],"picked":"SKIP","floor":55.0}],"player_experience":1987374,"relics_obtained":[{"floor":7.0,"key":"Magic Flower"},{"floor":9.0,"key":"Paper Frog"},{"floor":19.0,"key":"Red Mask"},{"floor":26.0,"key":"Mummified Hand"},{"floor":28.0,"key":"Whetstone"},{"floor":40.0,"key":"Matryoshka"},{"floor":42.0,"key":"Bag of Preparation"},{"floor":43.0,"key":"War Paint"},{"floor":44.0,"key":"StoneCalendar"},{"floor":55.0,"key":"Du-Vu Doll"}],"event_choices":[{"cards_removed":["Strike_R"],"damage_healed":0.0,"max_hp_gain":0.0,"max_hp_loss":0.0,"gold_gain":0.0,"event_name":"Bonfire Elementals","player_choice":"Offered Basic","floor":2.0,"gold_loss":0.0,"damage_taken":0.0},{"damage_healed":0.0,"max_hp_gain":0.0,"max_hp_loss":0.0,"gold_gain":0.0,"event_name":"Shining Light","player_choice":"Entered Light","floor":4.0,"gold_loss":0.0,"damage_taken":23.0,"cards_upgraded":["Bludgeon","Defend_R"]},{"damage_healed":0.0,"max_hp_gain":0.0,"max_hp_loss":0.0,"gold_gain":75.0,"event_name":"World of Goop","player_choice":"Gather Gold","floor":14.0,"gold_loss":0.0,"damage_taken":11.0},{"damage_healed":0.0,"max_hp_gain":0.0,"max_hp_loss":0.0,"gold_gain":0.0,"event_name":"Masked Bandits","player_choice":"Fought Bandits","floor":19.0,"gold_loss":0.0,"damage_taken":0.0},{"damage_healed":0.0,"max_hp_gain":0.0,"max_hp_loss":0.0,"gold_gain":0.0,"event_name":"WeMeetAgain","player_choice":"Paid Gold","floor":20.0,"gold_loss":84.0,"damage_taken":0.0,"relics_obtained":["Red Skull"]},{"damage_healed":0.0,"max_hp_gain":0.0,"max_hp_loss":0.0,"gold_gain":275.0,"event_name":"Golden Shrine","player_choice":"Desecrate","floor":37.0,"gold_loss":0.0,"damage_taken":0.0,"cards_obtained":["Regret"]},{"damage_healed":0.0,"max_hp_gain":0.0,"max_hp_loss":0.0,"gold_gain":0.0,"event_name":"MindBloom","player_choice":"Fight","floor":44.0,"gold_loss":0.0,"damage_taken":0.0}],"is_beta":false,"boss_relics":[{"not_picked":["Sozu","Empty Cage"],"picked":"Pandora\u0027s Box"},{"not_picked":["Coffee Dripper","Mark of Pain"],"picked":"Cursed Key"}],"items_purged_floors":[3,21,36,54],"is_endless":false,"potions_floor_spawned":[1,12,18,22,25,28,35,38,39,46,48,55],"ascension_level":20}