{"gold_per_floor":[112,37,51,12,12,12,43,43,43,63,63,63,94,108,108,182,182,192,221,232,232],"floor_reached":21,"playtime":594,"items_purged":["Strike_R"],"score":424,"play_id":"42c6816b-39e6-435f-9651-c9a738341bf2","local_time":"20190511103143","is_ascension_mode":true,"campfire_choices":[{"data":"Bash","floor":6.0,"key":"SMITH"},{"data":"Inflame","floor":8.0,"key":"SMITH"},{"data":"Defend_R","floor":11.0,"key":"SMITH"},{"data":"Evolve","floor":15.0,"key":"SMITH"}],"neow_cost":"NONE","seed_source_timestamp":1386194456823063,"circlet_count":0,"master_deck":["AscendersBane","Strike_R","Strike_R","Strike_R","Strike_R","Defend_R","Defend_R+1","Defend_R+1","Defend_R+1","Bash+1","Flex+1","Inflame+1","Evolve+1","True Grit+1","Heavy Blade","Shrug It Off+1"],"special_seed":0,"relics":["Burning Blood","NeowsBlessing","War Paint","Incense Burner","Toxic Egg 2","Mark of Pain","Red Mask"],"potions_floor_usage":[19,20,20,21],"damage_taken":[{"damage":0.0,"enemies":"2 Louse","floor":1.0,"turns":1.0},{"damage":0.0,"enemies":"Cultist","floor":3.0,"turns":1.0},{"damage":0.0,"enemies":"Gremlin Nob","floor":7.0,"turns":1.0},{"damage":7.0,"enemies":"Jaw Worm","floor":10.0,"turns":4.0},{"damage":13.0,"enemies":"Lagavulin","floor":13.0,"turns":5.0},{"damage":13.0,"enemies":"3 Louse","floor":14.0,"turns":7.0},{"damage":28.0,"enemies":"The Guardian","floor":16.0,"turns":13.0},{"damage":7,"enemies":"Shell Parasite","floor":18,"turns":7},{"damage":49,"enemies":"Masked Bandits","floor":19,"turns":5},{"damage":21,"enemies":"3 Byrds","floor":20,"turns":5},{"damage":15,"enemies":"Colosseum Slavers","floor":21,"turns":4}],"seed_played":"-3314334929235831810","potions_obtained":[{"floor":1.0,"key":"Explosive Potion"},{"floor":7.0,"key":"Explosive Potion"},{"floor":18,"key":"Ancient Potion"},{"floor":19,"key":"Energy Potion"},{"floor":20,"key":"SneckoOil"}],"is_trial":false,"path_per_floor":["M","$","M","$","?","R","E","R","T","M","R","?","E","M","R","B",null,"M","?","M","?"],"character_chosen":"IRONCLAD","items_purchased":["Inflame"],"campfire_rested":0,"item_purchase_floors":[4],"current_hp_per_floor":[74,74,75,75,75,75,75,75,75,74,74,79,72,65,65,43,71,70,27,12,0],"gold":232,"neow_bonus":"THREE_ENEMY_KILL","is_prod":false,"is_daily":false,"chose_seed":false,"campfire_upgraded":4,"win_rate":0,"timestamp":1557541903,"path_taken":["M","$","M","$","?","R","E","R","T","?","R","?","E","M","R","BOSS","M","?","M","?"],"build_version":"2019-01-23","purchased_purges":1,"victory":false,"max_hp_per_floor":[75,75,75,75,75,75,75,75,75,75,75,80,80,80,80,80,80,80,80,80,80],"card_choices":[{"not_picked":["Dual Wield","Twin Strike","Perfected Strike"],"picked":"SKIP","floor":1.0},{"not_picked":["Pommel Strike","Anger"],"picked":"Flex","floor":3.0},{"not_picked":["Flame Barrier","Intimidate","Headbutt"],"picked":"SKIP","floor":7.0},{"not_picked":["Flame Barrier","Intimidate","Headbutt"],"picked":"SKIP","floor":7.0},{"not_picked":["Inflame","Body Slam","Seeing Red"],"picked":"SKIP","floor":10.0},{"not_picked":["Clothesline","Intimidate"],"picked":"Evolve","floor":13.0},{"not_picked":["Whirlwind","Pommel Strike"],"picked":"True Grit+1","floor":14.0},{"not_picked":["Iron Wave","Disarm+1"],"picked":"Heavy Blade","floor":18},{"not_picked":["Cleave","Flex+1"],"picked":"Shrug It Off+1","floor":20}],"player_experience":1923227,"relics_obtained":[{"floor":7.0,"key":"War Paint"},{"floor":9.0,"key":"Incense Burner"},{"floor":13.0,"key":"Toxic Egg 2"},{"floor":19,"key":"Red Mask"}],"event_choices":[{"damage_healed":0.0,"max_hp_gain":0.0,"max_hp_loss":0.0,"gold_gain":0.0,"event_name":"Accursed Blacksmith","player_choice":"Forge","floor":5.0,"gold_loss":0.0,"damage_taken":0.0,"cards_upgraded":["Flex"]},{"damage_healed":0.0,"max_hp_gain":5.0,"max_hp_loss":0.0,"gold_gain":0.0,"event_name":"Big Fish","player_choice":"Donut","floor":12.0,"gold_loss":0.0,"damage_taken":0.0},{"damage_healed":0,"gold_gain":0,"player_choice":"Fought Bandits","damage_taken":0,"max_hp_gain":0,"max_hp_loss":0,"event_name":"Masked Bandits","floor":19,"gold_loss":0},{"damage_healed":0,"gold_gain":0,"player_choice":"Fight","damage_taken":0,"max_hp_gain":0,"max_hp_loss":0,"event_name":"Colosseum","floor":21,"gold_loss":0}],"is_beta":false,"boss_relics":[{"not_picked":["White Beast Statue","Runic Cube"],"picked":"Mark of Pain"}],"items_purged_floors":[2],"is_endless":false,"potions_floor_spawned":[1,7,13,18,19,20],"killed_by":"Colosseum Slavers","ascension_level":20}