{"gold_per_floor":[116,116,116,126,126,126,136,136,136,146,1,1,29,49,49,148,198,218,236,247,447,460,460,474,474],"floor_reached":25,"playtime":2740,"items_purged":[],"score":195,"play_id":"5cc2fb1c-40c7-45de-a3ea-c27e250ad9f8","local_time":"20190504202206","is_ascension_mode":false,"campfire_choices":[{"data":"Defend_G","floor":6,"key":"SMITH"},{"data":"Defend_G","floor":8,"key":"SMITH"},{"data":"Defend_G","floor":12,"key":"SMITH"},{"floor":15,"key":"REST"},{"floor":23,"key":"REST"}],"neow_cost":"NONE","seed_source_timestamp":2026258414030600,"circlet_count":0,"master_deck":["Defend_G+1","Defend_G+1","Defend_G+1","Defend_G","Defend_G+1","Strike_G","Strike_G","Strike_G","Strike_G","Survivor+1","Neutralize","Unload","Backflip","Masterful Stab","Crippling Poison","Finisher","Masterful Stab","Skewer","Poisoned Stab","Die Die Die","Sucker Punch","Deadly Poison","Slice","Adrenaline","Cloak And Dagger","Bullet Time","Quick Slash+1","Outmaneuver+1","Escape Plan","Poisoned Stab","Escape Plan","Backstab","Backstab","Slice"],"relics":["Ring of the Snake","Prayer Wheel","Matryoshka","Odd Mushroom","Tiny House"],"potions_floor_usage":[20,20,22,24],"damage_taken":[{"damage":0,"enemies":"Jaw Worm","floor":1,"turns":3},{"damage":2,"enemies":"Small Slimes","floor":4,"turns":4},{"damage":0,"enemies":"Cultist","floor":7,"turns":3},{"damage":0,"enemies":"Lots of Slimes","floor":10,"turns":2},{"damage":2,"enemies":"The Mushroom Lair","floor":13,"turns":3},{"damage":0,"enemies":"Red Slaver","floor":14,"turns":3},{"damage":30,"enemies":"Slime Boss","floor":16,"turns":10},{"damage":5,"enemies":"Shell Parasite","floor":18,"turns":9},{"damage":18,"enemies":"3 Byrds","floor":19,"turns":5},{"damage":13,"enemies":"Shelled Parasite and Fungi","floor":20,"turns":8},{"damage":34,"enemies":"Sentry and Sphere","floor":22,"turns":6},{"damage":9,"enemies":"Snake Plant","floor":24,"turns":4},{"damage":20,"enemies":"Book of Stabbing","floor":25,"turns":5}],"seed_played":"-4111383320461257962","potions_obtained":[{"floor":13,"key":"Regen Potion"},{"floor":14,"key":"LiquidBronze"},{"floor":16,"key":"PowerPotion"},{"floor":17,"key":"Regen Potion"},{"floor":18,"key":"EssenceOfSteel"},{"floor":20,"key":"Dexterity Potion"}],"is_trial":false,"path_per_floor":["M","?","?","M","?","R","M","R","T","M","$","R","?","M","R","B",null,"M","M","M","?","M","R","M","E"],"character_chosen":"THE_SILENT","items_purchased":["Die Die Die"],"campfire_rested":2,"item_purchase_floors":[11],"current_hp_per_floor":[70,63,63,61,61,61,61,61,61,61,61,61,59,59,70,40,75,70,52,39,39,5,27,18,0],"gold":474,"neow_bonus":"TRANSFORM_CARD","is_prod":false,"is_daily":false,"chose_seed":false,"campfire_upgraded":3,"win_rate":0.0,"timestamp":1557015726,"path_taken":["M","?","?","M","?","R","M","R","T","M","$","R","?","?","R","BOSS","M","M","M","?","?","R","M","E"],"build_version":"2019-01-23","purchased_purges":0,"victory":false,"max_hp_per_floor":[70,70,70,70,70,70,70,70,70,70,70,70,70,70,70,70,75,75,75,75,75,75,75,75,75],"card_choices":[{"not_picked":["Sucker Punch","Outmaneuver"],"picked":"Backflip","floor":1},{"not_picked":["Dodge and Roll","Slice"],"picked":"Masterful Stab","floor":4},{"not_picked":["Acrobatics","Deadly Poison"],"picked":"Crippling Poison","floor":4},{"not_picked":["Backflip","Envenom"],"picked":"Finisher","floor":7},{"not_picked":["Blade Dance","Reflex"],"picked":"Masterful Stab","floor":7},{"not_picked":["Dodge and Roll","Catalyst"],"picked":"Skewer","floor":10},{"not_picked":["Blade Dance","Slice"],"picked":"Poisoned Stab","floor":10},{"not_picked":["Bane","Tactician"],"picked":"Sucker Punch","floor":13},{"not_picked":["Prepared","Underhanded Strike"],"picked":"Deadly Poison","floor":14},{"not_picked":["Sucker Punch","Reflex"],"picked":"Slice","floor":14},{"not_picked":["Tools of the Trade","Night Terror"],"picked":"Adrenaline","floor":16},{"not_picked":["Backflip","Choke"],"picked":"Cloak And Dagger","floor":17},{"not_picked":["Acrobatics","Underhanded Strike+1"],"picked":"Bullet Time","floor":18},{"not_picked":["Distraction","Dagger Spray","Acrobatics+1"],"picked":"SKIP","floor":18},{"not_picked":["Dagger Throw","Underhanded Strike+1"],"picked":"Quick Slash+1","floor":19},{"not_picked":["Caltrops","All Out Attack+1"],"picked":"Outmaneuver+1","floor":19},{"not_picked":["Acrobatics","Reflex"],"picked":"Escape Plan","floor":20},{"not_picked":["Deadly Poison","Outmaneuver"],"picked":"Poisoned Stab","floor":20},{"not_picked":["Doppelganger","Deadly Poison+1"],"picked":"Escape Plan","floor":22},{"not_picked":["Bane","Deflect"],"picked":"Backstab","floor":22},{"not_picked":["PiercingWail","Predator"],"picked":"Backstab","floor":24},{"not_picked":["Flechettes+1","Dagger Throw"],"picked":"Slice","floor":24}],"player_experience":53935,"relics_obtained":[{"floor":9,"key":"Matryoshka"},{"floor":13,"key":"Odd Mushroom"}],"event_choices":[{"damage_healed":0,"gold_gain":0,"player_choice":"Success","damage_taken":7,"relics_obtained":["Prayer Wheel"],"max_hp_gain":0,"max_hp_loss":0,"event_name":"Scrap Ooze","floor":2,"gold_loss":0},{"damage_healed":0,"gold_gain":0,"player_choice":"Leave","damage_taken":0,"max_hp_gain":0,"max_hp_loss":0,"event_name":"The Cleric","floor":3,"gold_loss":0},{"damage_healed":0,"gold_gain":0,"player_choice":"Grow","damage_taken":0,"max_hp_gain":0,"max_hp_loss":0,"event_name":"Living Wall","floor":5,"gold_loss":0,"cards_upgraded":["Defend_G"]},{"damage_healed":0,"gold_gain":0,"player_choice":"Fought Mushrooms","damage_taken":0,"max_hp_gain":0,"max_hp_loss":0,"event_name":"Mushrooms","floor":13,"gold_loss":0},{"damage_healed":0,"gold_gain":200,"player_choice":"Gold","damage_taken":0,"max_hp_gain":0,"max_hp_loss":0,"event_name":"Wheel of Change","floor":21,"gold_loss":0}],"is_beta":false,"boss_relics":[{"not_picked":["Calling Bell","Astrolabe"],"picked":"Tiny House"}],"items_purged_floors":[],"is_endless":false,"potions_floor_spawned":[13,14,16,18,19,20],"killed_by":"Book of Stabbing","ascension_level":0}