{"gold_per_floor":[16,27,27,47,64,64,114,114,139,151,151,176,101,101,101,179,179,195,7,25,25,45,45,60,71,71,98,98,108,108,25,25,104,104,123,8,23,0,14,14,49,49,97,107,138,138,148,164,164,164],"floor_reached":50,"playtime":2090,"items_purged":["Strike_R","Strike_R"],"score":1148,"play_id":"8c41f1bc-3d7f-41bb-8cb9-93561d3b3de1","local_time":"20190309194017","is_ascension_mode":true,"campfire_choices":[{"data":"Shockwave","floor":6.0,"key":"SMITH"},{"data":"Flame Barrier","floor":8.0,"key":"SMITH"},{"data":"Flex","floor":11.0,"key":"SMITH"},{"data":"Rampage","floor":15.0,"key":"SMITH"},{"data":"Limit Break","floor":23.0,"key":"SMITH"},{"data":"Body Slam","floor":30.0,"key":"SMITH"},{"data":"Bloodletting","floor":32.0,"key":"SMITH"},{"data":"Burning Pact","floor":40.0,"key":"SMITH"},{"data":"Offering","floor":42.0,"key":"SMITH"},{"floor":46.0,"key":"REST"},{"floor":49.0,"key":"RECALL"}],"neow_cost":"NO_GOLD","seed_source_timestamp":720200700954934,"circlet_count":0,"master_deck":["AscendersBane","Defend_R","Defend_R","Defend_R","Bash","Power Through+1","Shockwave+1","Flex+1","Flame Barrier+1","Disarm","Rampage+1","Limit Break+1","Inflame","Burning Pact+1","Sword Boomerang","Body Slam+1","Havoc+1","Bloodletting+1","Offering+1","Evolve","Havoc","Shrug It Off+1","Battle Trance","Entrench+1","Feel No Pain","Shrug It Off+1"],"special_seed":0,"relics":["Burning Blood","Dream Catcher","Red Skull","Pear","Runic Pyramid","PreservedInsect","Pen Nib","Black Star","Red Mask","Blood Vial","War Paint","Potion Belt","Omamori"],"potions_floor_usage":[],"damage_taken":[{"damage":0.0,"enemies":"2 Louse","floor":1.0,"turns":4.0},{"damage":3.0,"enemies":"Cultist","floor":2.0,"turns":4.0},{"damage":6.0,"enemies":"Jaw Worm","floor":4.0,"turns":5.0},{"damage":13.0,"enemies":"Lots of Slimes","floor":5.0,"turns":6.0},{"damage":4.0,"enemies":"Blue Slaver","floor":10.0,"turns":5.0},{"damage":8.0,"enemies":"Lagavulin","floor":12.0,"turns":7.0},{"damage":28.0,"enemies":"The Guardian","floor":16.0,"turns":11.0},{"damage":0.0,"enemies":"Chosen","floor":18.0,"turns":5.0},{"damage":3.0,"enemies":"3 Byrds","floor":20.0,"turns":5.0},{"damage":20.0,"enemies":"Centurion and Healer","floor":22.0,"turns":5.0},{"damage":4.0,"enemies":"Snecko","floor":24.0,"turns":5.0},{"damage":20.0,"enemies":"Snake Plant","floor":25.0,"turns":4.0},{"damage":0.0,"enemies":"Gremlin Leader","floor":27.0,"turns":5.0},{"damage":32.0,"enemies":"Cultist and Chosen","floor":29.0,"turns":6.0},{"damage":10.0,"enemies":"Automaton","floor":33.0,"turns":5.0},{"damage":6.0,"enemies":"Orb Walker","floor":35.0,"turns":2.0},{"damage":8.0,"enemies":"3 Shapes","floor":37.0,"turns":9.0},{"damage":21.0,"enemies":"3 Darklings","floor":39.0,"turns":4.0},{"damage":22.0,"enemies":"Nemesis","floor":41.0,"turns":5.0},{"damage":3.0,"enemies":"Writhing Mass","floor":44.0,"turns":4.0},{"damage":27.0,"enemies":"Reptomancer","floor":45.0,"turns":7.0},{"damage":9.0,"enemies":"Maw","floor":47.0,"turns":7.0},{"damage":18.0,"enemies":"Spire Growth","floor":48.0,"turns":5.0},{"damage":45,"enemies":"Awakened One","floor":50,"turns":9}],"seed_played":"7228827340128799836","potions_obtained":[{"floor":4.0,"key":"Strength Potion"},{"floor":5.0,"key":"Fire Potion"},{"floor":10.0,"key":"Explosive Potion"},{"floor":12.0,"key":"Explosive Potion"},{"floor":22.0,"key":"AttackPotion"},{"floor":27.0,"key":"Energy Potion"},{"floor":29.0,"key":"Explosive Potion"},{"floor":33.0,"key":"Energy Potion"},{"floor":39.0,"key":"Swift Potion"},{"floor":41.0,"key":"GamblersBrew"},{"floor":47.0,"key":"SneckoOil"}],"is_trial":false,"path_per_floor":["M","M","?","M","M","R","?","R","T","M","R","E","$","?","R","B",null,"M","$","M","?","M","R","M","M","T","E","?","M","R","$","R","B",null,"M","$","M","?","M","R","E","R","T","M","E","R","M","M","R","B"],"character_chosen":"IRONCLAD","items_purchased":["Inflame","Bloodletting","Evolve","Havoc"],"campfire_rested":1,"item_purchase_floors":[19,31,36,36],"current_hp_per_floor":[74,75,75,75,68,68,61,61,61,63,63,71,71,71,71,49,76,82,82,85,85,71,71,73,59,59,65,65,39,39,39,39,35,73,73,73,71,71,56,56,40,40,40,45,26,51,50,40,40,0],"gold":164,"neow_bonus":"TRANSFORM_TWO_CARDS","is_prod":false,"is_daily":false,"chose_seed":false,"campfire_upgraded":9,"win_rate":0,"timestamp":1552131617,"path_taken":["M","M","?","?","M","R","?","R","T","M","R","E","?","?","R","BOSS","M","$","M","?","M","R","M","M","T","E","?","M","R","$","R","BOSS","M","$","?","?","M","R","E","R","T","M","E","R","M","M","R","BOSS"],"build_version":"2019-01-23","purchased_purges":2,"victory":false,"max_hp_per_floor":[75,75,75,75,75,75,75,75,75,75,75,85,85,85,85,85,85,85,85,85,85,85,85,85,85,85,85,85,85,85,85,85,85,85,85,85,85,85,85,85,85,85,85,85,85,85,85,85,85,85],"card_choices":[{"not_picked":["Sword Boomerang","Wild Strike"],"picked":"Shockwave","floor":1.0},{"not_picked":["Infernal Blade","Hemokinesis","Rupture"],"picked":"SKIP","floor":2.0},{"not_picked":["Clash","Anger"],"picked":"Flex","floor":4.0},{"not_picked":["Perfected Strike","Anger"],"picked":"Flame Barrier","floor":5.0},{"not_picked":["Clash","Anger"],"picked":"Disarm","floor":10.0},{"not_picked":["Metallicize","Iron Wave"],"picked":"Rampage","floor":12.0},{"not_picked":["Dark Embrace","Juggernaut"],"picked":"Limit Break","floor":16.0},{"not_picked":["Heavy Blade","Clash","Iron Wave"],"picked":"SKIP","floor":18.0},{"not_picked":["Infernal Blade","Sword Boomerang"],"picked":"Burning Pact","floor":20.0},{"not_picked":["Cleave","Wild Strike+1"],"picked":"Body Slam","floor":22.0},{"not_picked":["Twin Strike","Clash","Fire Breathing"],"picked":"SKIP","floor":24.0},{"not_picked":["Evolve","Rupture"],"picked":"Havoc+1","floor":25.0},{"not_picked":["Cleave","Clash+1","Body Slam"],"picked":"SKIP","floor":27.0},{"not_picked":["Wild Strike","Anger","Carnage"],"picked":"SKIP","floor":29.0},{"not_picked":["Feed","Bludgeon"],"picked":"Offering","floor":33.0},{"not_picked":["Pummel","Headbutt+1","Flex+1"],"picked":"SKIP","floor":35.0},{"not_picked":["Armaments","Clash"],"picked":"Shrug It Off","floor":37.0},{"not_picked":["Armaments+1","Intimidate+1"],"picked":"Battle Trance","floor":39.0},{"not_picked":["Searing Blow","Heavy Blade","Headbutt"],"picked":"SKIP","floor":41.0},{"not_picked":["True Grit","Carnage","Clothesline"],"picked":"SKIP","floor":44.0},{"not_picked":["True Grit","Carnage","Clothesline"],"picked":"SKIP","floor":44.0},{"not_picked":["Battle Trance","Warcry"],"picked":"Entrench+1","floor":45.0},{"not_picked":["Intimidate","Wild Strike"],"picked":"Feel No Pain","floor":47.0},{"not_picked":["Flex","Ghostly Armor+1"],"picked":"Shrug It Off+1","floor":48.0}],"player_experience":1197629,"relics_obtained":[{"floor":9.0,"key":"Red Skull"},{"floor":12.0,"key":"Pear"},{"floor":26.0,"key":"PreservedInsect"},{"floor":27.0,"key":"Pen Nib"},{"floor":41.0,"key":"Blood Vial"},{"floor":41.0,"key":"War Paint"},{"floor":45.0,"key":"Potion Belt"},{"floor":45.0,"key":"Omamori"}],"event_choices":[{"cards_removed":["Hemokinesis"],"damage_healed":0.0,"max_hp_gain":0.0,"max_hp_loss":0.0,"gold_gain":0.0,"event_name":"WeMeetAgain","player_choice":"Gave Card","floor":3.0,"gold_loss":0.0,"damage_taken":0.0,"relics_obtained":["Dream Catcher"]},{"damage_healed":0.0,"max_hp_gain":0.0,"max_hp_loss":0.0,"gold_gain":50.0,"event_name":"FaceTrader","player_choice":"Touch","floor":7.0,"gold_loss":0.0,"damage_taken":7.0},{"cards_removed":["Defend_R"],"damage_healed":0.0,"max_hp_gain":0.0,"max_hp_loss":0.0,"gold_gain":0.0,"event_name":"Bonfire Elementals","player_choice":"Offered Basic","floor":14.0,"gold_loss":0.0,"damage_taken":0.0},{"damage_healed":0.0,"max_hp_gain":0.0,"max_hp_loss":0.0,"gold_gain":0.0,"event_name":"The Library","player_choice":"Read","floor":21.0,"gold_loss":0.0,"damage_taken":0.0,"cards_obtained":["Sword Boomerang"]},{"cards_removed":["Strike_R"],"damage_healed":0.0,"max_hp_gain":0.0,"max_hp_loss":0.0,"gold_gain":0.0,"event_name":"Purifier","player_choice":"Purged","floor":28.0,"gold_loss":0.0,"damage_taken":0.0},{"damage_healed":0.0,"max_hp_gain":0.0,"max_hp_loss":0.0,"gold_gain":0.0,"event_name":"Tomb of Lord Red Mask","player_choice":"Paid","floor":38.0,"gold_loss":23.0,"damage_taken":0.0,"relics_obtained":["Red Mask"]}],"is_beta":false,"boss_relics":[{"not_picked":["Busted Crown","Pandora\u0027s Box"],"picked":"Runic Pyramid"},{"not_picked":["Black Blood","Astrolabe"],"picked":"Black Star"}],"items_purged_floors":[13,19],"is_endless":false,"potions_floor_spawned":[4,5,10,12,22,27,29,33,37,39,41,44,47],"killed_by":"Awakened One","ascension_level":20}