{"gold_per_floor":[110,130,44,44,58,58,69,83,109,109,144,156,167,183,183,255,255,271,143,99,14,27,27,27],"floor_reached":24,"playtime":1492,"items_purged":["Strike_R"],"score":454,"play_id":"33d7cfd8-5e68-416c-a715-956b0ad83da4","local_time":"20190304123823","is_ascension_mode":true,"campfire_choices":[{"data":"True Grit","floor":6.0,"key":"SMITH"},{"data":"Uppercut","floor":10.0,"key":"SMITH"},{"data":"Bloodletting","floor":15.0,"key":"SMITH"},{"floor":23.0,"key":"REST"}],"neow_cost":"PERCENT_DAMAGE","seed_source_timestamp":0,"circlet_count":0,"master_deck":["AscendersBane","Strike_R","Strike_R","Defend_R","Defend_R","Defend_R","Defend_R","Bash","Uppercut+1","Sword Boomerang","Body Slam+1","True Grit+1","Evolve","Shrug It Off","Battle Trance","Seeing Red","Shrug It Off","Feel No Pain","Bloodletting+1","Dark Embrace","Havoc"],"special_seed":0,"relics":["Black Blood","PreservedInsect","Potion Belt","Omamori"],"potions_floor_usage":[24,24],"damage_taken":[{"damage":3.0,"enemies":"2 Louse","floor":1.0,"turns":3.0},{"damage":7.0,"enemies":"Cultist","floor":2.0,"turns":4.0},{"damage":4.0,"enemies":"Small Slimes","floor":5.0,"turns":4.0},{"damage":0.0,"enemies":"3 Louse","floor":7.0,"turns":3.0},{"damage":12.0,"enemies":"Blue Slaver","floor":8.0,"turns":4.0},{"damage":0.0,"enemies":"3 Sentries","floor":11.0,"turns":5.0},{"damage":7.0,"enemies":"Large Slime","floor":12.0,"turns":11.0},{"damage":12.0,"enemies":"Gremlin Gang","floor":13.0,"turns":7.0},{"damage":1.0,"enemies":"Blue Slaver","floor":14.0,"turns":4.0},{"damage":49.0,"enemies":"Slime Boss","floor":16.0,"turns":16.0},{"damage":38.0,"enemies":"Spheric Guardian","floor":18.0,"turns":10.0},{"damage":27.0,"enemies":"2 Thieves","floor":20.0,"turns":5.0},{"damage":7.0,"enemies":"Cultist and Chosen","floor":22.0,"turns":9.0},{"damage":44,"enemies":"Slavers","floor":24,"turns":3}],"seed_played":"3836468435031996567","potions_obtained":[{"floor":2.0,"key":"PowerPotion"},{"floor":5.0,"key":"GamblersBrew"},{"floor":8.0,"key":"LiquidBronze"},{"floor":11.0,"key":"EssenceOfSteel"},{"floor":13.0,"key":"Poison Potion"},{"floor":16.0,"key":"Ancient Potion"},{"floor":22.0,"key":"LiquidBronze"}],"is_trial":false,"path_per_floor":["M","M","$","?","M","R","M","M","T","R","E","M","M","M","R","B",null,"M","$","M","?","M","R","E"],"character_chosen":"IRONCLAD","items_purchased":["Evolve","Fire Potion"],"campfire_rested":1,"item_purchase_floors":[3,19],"current_hp_per_floor":[53,52,52,52,54,54,60,54,54,54,60,59,53,58,58,15,60,32,32,15,15,18,40,0],"gold":27,"neow_bonus":"TRANSFORM_TWO_CARDS","is_prod":false,"is_daily":false,"chose_seed":false,"campfire_upgraded":3,"win_rate":0,"timestamp":1551674303,"path_taken":["M","M","$","?","M","R","M","M","T","R","E","M","M","M","R","BOSS","M","$","M","?","M","R","E"],"build_version":"2019-01-23","purchased_purges":1,"victory":false,"max_hp_per_floor":[75,75,75,75,75,75,75,75,75,75,75,75,75,75,75,75,75,75,75,75,75,75,75,75],"card_choices":[{"not_picked":["Flex","Thunderclap"],"picked":"Body Slam","floor":1.0},{"not_picked":["Inflame","Headbutt"],"picked":"True Grit","floor":2.0},{"not_picked":["Pommel Strike","Iron Wave"],"picked":"Shrug It Off","floor":5.0},{"not_picked":["Cleave","Headbutt","Body Slam"],"picked":"SKIP","floor":7.0},{"not_picked":["Cleave","Feed"],"picked":"Battle Trance","floor":8.0},{"not_picked":["Perfected Strike","Iron Wave"],"picked":"Seeing Red","floor":11.0},{"not_picked":["Anger","Thunderclap"],"picked":"Shrug It Off","floor":12.0},{"not_picked":["Headbutt","Heavy Blade"],"picked":"Feel No Pain","floor":13.0},{"not_picked":["Body Slam","Ghostly Armor"],"picked":"Bloodletting","floor":14.0},{"not_picked":["Feed","Berserk"],"picked":"Dark Embrace","floor":16.0},{"not_picked":["Sentinel","Body Slam"],"picked":"Havoc","floor":18.0},{"not_picked":["Heavy Blade+1","Cleave","Shrug It Off"],"picked":"SKIP","floor":20.0},{"not_picked":["Rampage","Combust","Headbutt"],"picked":"SKIP","floor":22.0}],"player_experience":1145452,"relics_obtained":[{"floor":9.0,"key":"PreservedInsect"},{"floor":11.0,"key":"Potion Belt"}],"event_choices":[{"damage_healed":0.0,"max_hp_gain":0.0,"max_hp_loss":0.0,"gold_gain":0.0,"event_name":"Upgrade Shrine","player_choice":"Upgraded","floor":4.0,"gold_loss":0.0,"damage_taken":0.0,"cards_upgraded":["Body Slam"]},{"damage_healed":0.0,"max_hp_gain":0.0,"max_hp_loss":0.0,"gold_gain":0.0,"event_name":"Addict","player_choice":"Obtained Relic","floor":21.0,"gold_loss":85.0,"damage_taken":0.0,"relics_obtained":["Omamori"]}],"is_beta":false,"boss_relics":[{"not_picked":["Eternal Feather","Black Star"],"picked":"Black Blood"}],"items_purged_floors":[19],"is_endless":false,"potions_floor_spawned":[2,5,8,11,13,16,22],"killed_by":"Slavers","ascension_level":20}