{"gold_per_floor":[116,133,133,152,200,233,233,252,252,269,269,296,296,312,312,312],"floor_reached":16,"playtime":639,"items_purged":[],"score":129,"play_id":"740b92ac-1502-4473-8cf4-c597d83e49ad","local_time":"20181206145643","is_ascension_mode":true,"campfire_choices":[{"data":"Uppercut","floor":7,"key":"SMITH"},{"data":"Carnage","floor":13,"key":"SMITH"},{"data":"Battle Trance","floor":15,"key":"SMITH"}],"neow_cost":"NONE","seed_source_timestamp":1829547293379557,"circlet_count":0,"master_deck":["Strike_R","Strike_R","Strike_R","Strike_R","Strike_R","Defend_R","Defend_R","Defend_R+1","Defend_R+1","Bash+1","Headbutt","Iron Wave+1","Shrug It Off","Uppercut+1","Carnage+1","Heavy Blade","Pummel","Battle Trance+1"],"relics":["Burning Blood","War Paint","Ancient Tea Set","Gremlin Horn","Omamori"],"potions_floor_usage":[16],"damage_taken":[{"damage":1,"enemies":"Cultist","floor":1,"turns":3},{"damage":2,"enemies":"Jaw Worm","floor":2,"turns":3},{"damage":0,"enemies":"2 Louse","floor":4,"turns":2},{"damage":16,"enemies":"Lagavulin","floor":6,"turns":8},{"damage":13,"enemies":"Large Slime","floor":8,"turns":5},{"damage":0,"enemies":"Blue Slaver","floor":10,"turns":3},{"damage":23,"enemies":"3 Sentries","floor":12,"turns":8},{"damage":0,"enemies":"Exordium Wildlife","floor":14,"turns":2},{"damage":58,"enemies":"The Guardian","floor":16,"turns":9}],"seed_played":"3099114657892471981","potions_obtained":[{"floor":4,"key":"Poison Potion"},{"floor":10,"key":"Explosive Potion"},{"floor":14,"key":"LiquidBronze"}],"is_trial":false,"path_per_floor":["M","M","?","M","T","E","R","M","T","M","$","E","R","M","R","B"],"character_chosen":"IRONCLAD","items_purchased":[],"campfire_rested":0,"item_purchase_floors":[],"current_hp_per_floor":[80,80,80,80,80,70,70,63,63,69,69,52,52,58,58,0],"gold":312,"neow_bonus":"UPGRADE_CARD","is_prod":false,"is_daily":false,"chose_seed":false,"campfire_upgraded":3,"win_rate":0,"timestamp":1544126203,"path_taken":["M","M","?","M","?","E","R","M","T","M","$","E","R","M","R","BOSS"],"build_version":"2018-11-15","purchased_purges":0,"victory":false,"max_hp_per_floor":[80,80,80,80,80,80,80,80,80,80,80,80,80,80,80,80],"card_choices":[{"not_picked":["Body Slam","Uppercut"],"picked":"Headbutt","floor":1},{"not_picked":["Armaments","Body Slam"],"picked":"Iron Wave","floor":2},{"not_picked":["Entrench","Twin Strike"],"picked":"Shrug It Off","floor":4},{"not_picked":["Warcry","Feel No Pain"],"picked":"Uppercut","floor":6},{"not_picked":["Inflame","Intimidate"],"picked":"Carnage","floor":8},{"not_picked":["Clash","Immolate"],"picked":"Heavy Blade","floor":10},{"not_picked":["Cleave","Wild Strike"],"picked":"Pummel","floor":12},{"not_picked":["Headbutt","Havoc"],"picked":"Battle Trance","floor":14}],"player_experience":134715,"relics_obtained":[{"floor":5,"key":"War Paint"},{"floor":6,"key":"Ancient Tea Set"},{"floor":9,"key":"Gremlin Horn"},{"floor":12,"key":"Omamori"}],"event_choices":[{"damage_healed":0,"gold_gain":0,"player_choice":"Grow","damage_taken":0,"max_hp_gain":0,"max_hp_loss":0,"event_name":"Living Wall","floor":3,"gold_loss":0,"cards_upgraded":["Iron Wave"]}],"is_beta":false,"boss_relics":[],"items_purged_floors":[],"is_endless":false,"potions_floor_spawned":[4,10,14],"killed_by":"The Guardian","ascension_level":3}