{"path_per_floor":["M","M","?","M","$","R","E","R","T","E","M","M","E","M","R","B",null,"M","$","?","$","M","E","$","E","T","M","E","M","?","?","R","B",null,"M","?","M","M","$","R","M","R","T","R","M","R","T","E","R","B"],"character_chosen":"IRONCLAD","items_purchased":["Molten Egg 2"],"gold_per_floor":[116,135,210,227,152,152,184,184,184,211,225,244,273,293,293,392,392,392,33,33,33,18,18,18,18,18,18,18,18,18,18,18,18,18,18,18,18,18,18,18,18,18,18,18,18,18,18,18,18,18],"floor_reached":51,"campfire_rested":4,"playtime":2173,"current_hp_per_floor":[80,80,69,70,70,70,49,49,49,41,46,35,23,24,48,44,80,77,77,77,77,73,75,75,54,54,37,22,24,24,24,63,33,80,58,58,51,30,30,30,26,26,26,65,48,48,48,40,79,30],"items_purged":["Defend_R","Strike_R"],"gold":18,"score":805,"play_id":"21f080db-78f8-46f3-ad79-47f175f47ea7","local_time":"20180419200749","is_prod":false,"is_daily":false,"chose_seed":false,"is_ascension_mode":false,"campfire_upgraded":5,"timestamp":1524186469,"path_taken":["M","M","?","M","?","R","E","R","T","E","M","M","E","M","R","BOSS","M","$","?","$","M","E","?","E","T","M","E","M","?","?","R","BOSS","M","?","M","M","$","R","M","R","T","R","M","R","?","E","R","BOSS"],"build_version":"2018-04-19","seed_source_timestamp":640103512506651,"purchased_purges":2,"victory":true,"master_deck":["Strike_R","Strike_R","Strike_R","Strike_R","Defend_R","Defend_R","Defend_R","Bash+1","Shrug It Off+1","Inflame","Battle Trance","Twin Strike+1","Spot Weakness","Headbutt","Sword Boomerang","Headbutt","Offering+1","Dual Wield+1","Dual Wield+1","Anger+1","Anger+1","Shrug It Off","Double Tap+1","Inflame+1","Twin Strike+1","Shrug It Off","Shrug It Off+1","Pommel Strike+1"],"max_hp_per_floor":[80,80,80,80,80,80,80,80,80,80,80,80,80,80,80,80,80,80,80,80,80,80,80,80,80,80,80,80,80,80,80,80,80,80,80,80,80,80,80,80,80,80,80,80,80,80,80,80,80,80],"relics":["Burning Blood","Self Forming Clay","Vajra","Happy Flower","Juzu Bracelet","Ectoplasm","Molten Egg 2","Dream Catcher","Regal Pillow","Bottled Flame","Art of War","Mark of Pain","Shuriken","Kunai","Toxic Egg 2"],"card_choices":[{"not_picked":["Havoc","Sentinel"],"picked":"Shrug It Off","floor":0.0},{"not_picked":["Cleave","Clothesline"],"picked":"Inflame","floor":1.0},{"not_picked":["Warcry","Iron Wave"],"picked":"Battle Trance","floor":2},{"not_picked":["True Grit","Clash"],"picked":"Twin Strike","floor":4},{"not_picked":["Shrug It Off","Burning Pact"],"picked":"Spot Weakness","floor":7},{"not_picked":["Havoc","True Grit"],"picked":"Headbutt","floor":11},{"not_picked":["Body Slam","Sentinel"],"picked":"Sword Boomerang","floor":12},{"not_picked":["Carnage","Shrug It Off"],"picked":"Headbutt","floor":14},{"not_picked":["Barricade","Limit Break"],"picked":"Offering","floor":16},{"not_picked":["Warcry","Cleave"],"picked":"Dual Wield","floor":18},{"not_picked":["Shrug It Off","Whirlwind"],"picked":"Dual Wield","floor":22},{"not_picked":["Body Slam","Flex"],"picked":"Anger","floor":23},{"not_picked":["Havoc","Headbutt"],"picked":"Anger","floor":27},{"not_picked":["Wild Strike","Iron Wave"],"picked":"Shrug It Off","floor":32},{"not_picked":["Juggernaut","Bludgeon"],"picked":"Double Tap","floor":33},{"not_picked":["Sword Boomerang","Headbutt"],"picked":"Inflame","floor":35},{"not_picked":["Cleave","Iron Wave"],"picked":"Twin Strike","floor":37},{"not_picked":["Clothesline","Burning Pact"],"picked":"Shrug It Off","floor":44},{"not_picked":["Infernal Blade","Iron Wave"],"picked":"Shrug It Off","floor":45},{"not_picked":["Clash","Evolve"],"picked":"Pommel Strike","floor":48}],"player_experience":175329,"potions_floor_usage":[16,22,35,50,50],"damage_taken":[{"damage":4.0,"enemies":"Small Slimes","floor":1.0,"turns":7.0},{"damage":1.0,"enemies":"2 Louse","floor":2.0,"turns":3.0},{"damage":5,"enemies":"Looter","floor":4,"turns":4},{"damage":27,"enemies":"Gremlin Nob","floor":7,"turns":4},{"damage":14,"enemies":"3 Sentries","floor":10,"turns":7},{"damage":1,"enemies":"3 Louse","floor":11,"turns":3},{"damage":17,"enemies":"Exordium Thugs","floor":12,"turns":4},{"damage":18,"enemies":"Lagavulin","floor":13,"turns":5},{"damage":5,"enemies":"Large Slime","floor":14,"turns":4},{"damage":10,"enemies":"Hexaghost","floor":16,"turns":7},{"damage":9,"enemies":"3 Byrds","floor":18,"turns":3},{"damage":10,"enemies":"2 Thieves","floor":22,"turns":2},{"damage":4,"enemies":"Gremlin Leader","floor":23,"turns":6},{"damage":27,"enemies":"Slavers","floor":25,"turns":3},{"damage":23,"enemies":"Snake Plant","floor":27,"turns":3},{"damage":21,"enemies":"Gremlin Leader","floor":28,"turns":4},{"damage":4,"enemies":"Chosen and Byrds","floor":29,"turns":3},{"damage":36,"enemies":"Collector","floor":33,"turns":7},{"damage":28,"enemies":"3 Darklings","floor":35,"turns":5},{"damage":13,"enemies":"Flame Bruiser 1 Orb","floor":37,"turns":2},{"damage":27,"enemies":"Spire Growth","floor":38,"turns":3},{"damage":10,"enemies":"Flame Bruiser 2 Orb","floor":41,"turns":2},{"damage":23,"enemies":"Maw","floor":45,"turns":3},{"damage":14,"enemies":"Giant Head","floor":48,"turns":5},{"damage":55,"enemies":"Donu and Deca","floor":50,"turns":7}],"event_choices":[{"event_name":"World of Goop","player_choice":"Gather Gold","floor":3,"damage_taken":0},{"event_name":"Beggar","player_choice":"Ignored","floor":20,"damage_taken":0},{"event_name":"Drug Dealer","player_choice":"Ignored","floor":30,"damage_taken":0},{"event_name":"The Mausoleum","player_choice":"Yes","floor":31,"damage_taken":0},{"event_name":"Fountain of Cleansing","player_choice":"Removed Curse","floor":36,"damage_taken":0}],"boss_relics":[{"not_picked":["Runic Dome","Philosopher\u0027s Stone"],"picked":"Ectoplasm"},{"not_picked":["Astrolabe","Snecko Eye"],"picked":"Mark of Pain"}],"potions_floor_spawned":[1,7,11,23,27,33,37,41,48],"seed_played":"5788326408650827921","ascension_level":0,"is_trial":false}