{"gold_per_floor":[117,117,129,43,43,70,70,87,87,87,98,173,173,186,186,186],"floor_reached":16,"playtime":338,"items_purged":[],"score":175,"play_id":"e4f0a845-1e93-4353-9d62-833b21561bdf","local_time":"20181014190658","is_ascension_mode":true,"campfire_choices":[{"data":"Defragment","floor":10,"key":"SMITH"},{"data":"1","floor":15,"key":"LIFT"}],"neow_cost":"NONE","seed_source_timestamp":38688633908048,"circlet_count":0,"master_deck":["Strike_B","Strike_B","Strike_B","Strike_B","Defend_B","Defend_B","Defend_B","Defend_B","Zap+1","Dualcast+1","AscendersBane","Conserve Battery","Consume","Rip and Tear","Buffer","Defragment+1","Rip and Tear","Conserve Battery"],"relics":["Cracked Core","Girya","Kunai","Gremlin Horn"],"potions_floor_usage":[6],"damage_taken":[{"damage":13,"enemies":"Jaw Worm","floor":1,"turns":4},{"damage":2,"enemies":"2 Louse","floor":3,"turns":3},{"damage":11,"enemies":"Lagavulin","floor":6,"turns":6},{"damage":0,"enemies":"Cultist","floor":8,"turns":2},{"damage":1,"enemies":"Exordium Thugs","floor":11,"turns":3},{"damage":6,"enemies":"Looter","floor":14,"turns":3},{"damage":34,"enemies":"Hexaghost","floor":16,"turns":10}],"seed_played":"-2633432734077777114","potions_obtained":[{"floor":6,"key":"Explosive Potion"},{"floor":14,"key":"FairyPotion"}],"is_trial":false,"path_per_floor":["M","?","M","$","?","E","?","M","T","R","M","?","?","M","R"],"character_chosen":"DEFECT","items_purchased":["Block Potion","Rip and Tear"],"campfire_rested":0,"item_purchase_floors":[4,4],"current_hp_per_floor":[51,51,49,49,49,38,38,38,38,38,37,26,26,20,20,0],"gold":186,"neow_bonus":"UPGRADE_CARD","is_prod":false,"is_daily":false,"chose_seed":false,"campfire_upgraded":1,"win_rate":0,"timestamp":1539554818,"path_taken":["M","?","M","$","?","E","?","M","T","R","?","?","?","M","R","BOSS"],"build_version":"2018-07-12","purchased_purges":0,"victory":false,"max_hp_per_floor":[71,71,71,71,71,71,71,71,71,71,71,71,71,71,71,71],"card_choices":[{"not_picked":["Glacier","Stack"],"picked":"Conserve Battery","floor":1},{"not_picked":["Cold Snap","Double Energy"],"picked":"Consume","floor":3},{"not_picked":["Stack","Skim"],"picked":"Buffer","floor":6},{"not_picked":["Undo","Sweeping Beam"],"picked":"Defragment","floor":8},{"not_picked":["Sweeping Beam","Steam"],"picked":"Rip and Tear","floor":11},{"not_picked":["Sweeping Beam","Stack"],"picked":"Conserve Battery","floor":14}],"player_experience":942347,"relics_obtained":[{"floor":6,"key":"Girya"},{"floor":9,"key":"Gremlin Horn"}],"event_choices":[{"event_name":"Living Wall","player_choice":"Grow","floor":2,"damage_taken":0},{"event_name":"Scrap Ooze","player_choice":"unsuccessful","floor":5,"damage_taken":0},{"event_name":"Dead Adventurer","player_choice":"Searched \u00272\u0027 times","floor":7,"damage_taken":0},{"event_name":"World of Goop","player_choice":"Gather Gold","floor":12,"damage_taken":0},{"event_name":"Golden Idol","player_choice":"Ignored","floor":13,"damage_taken":0}],"boss_relics":[],"items_purged_floors":[],"is_endless":false,"potions_floor_spawned":[6,14],"killed_by":"Hexaghost","ascension_level":15}