{"path_per_floor":["M","M","?","?","M","R","?","E","T","M","M","?","R","M","R","B",null,"M","?","?","?","M","R","M","?","T","R","E","T","R"],"character_chosen":"DEFECT","items_purchased":[],"gold_per_floor":[111,122,122,122,134,134,191,223,279,292,306,306,306,316,316,417,417,429,455,455,455,472,472,484,484,484,484,517,517,517,517],"floor_reached":31,"campfire_rested":2,"playtime":1361,"item_purchase_floors":[],"current_hp_per_floor":[70,70,70,70,68,68,49,30,30,44,55,40,40,47,47,21,75,66,46,46,30,28,28,21,7,7,31,12,12,36,0],"items_purged":[],"gold":517,"score":278,"play_id":"cc5c3ee9-a653-489a-b731-d24079ce03d4","local_time":"20180607052646","is_prod":false,"is_daily":false,"chose_seed":false,"is_ascension_mode":true,"campfire_upgraded":4,"win_rate":0,"timestamp":1528367206,"campfire_choices":[{"data":"Zap","floor":6,"key":"SMITH"},{"data":"Dualcast","floor":13,"key":"SMITH"},{"data":"Rebound","floor":15,"key":"SMITH"},{"data":"Hello World","floor":23,"key":"SMITH"},{"floor":27,"key":"REST"},{"floor":30,"key":"REST"}],"path_taken":["M","M","?","?","M","R","?","E","T","M","M","?","R","M","R","BOSS","M","?","?","?","M","R","M","?","T","R","E","?","R","M"],"build_version":"2018-06-06","seed_source_timestamp":505764187501259,"purchased_purges":0,"victory":false,"master_deck":["Strike_B","Strike_B","Strike_B","Defend_B","Defend_B+1","Defend_B","Zap+1","Dualcast+1","Consume+1","White Noise","Self Repair","Lockon+1","Rebound+1","White Noise","Creative AI","Hello World+1","BootSequence","White Noise","Hologram","Self Repair+1"],"max_hp_per_floor":[75,75,75,75,75,75,75,75,75,75,75,75,75,75,75,75,75,75,75,75,75,75,75,75,80,80,80,80,80,80,80],"relics":["Cracked Core","Orichalcum","Bag of Marbles","Tiny Chest","Nuclear Battery","Red Mask","Nilry\u0027s Codex","Blue Candle","Girya","Anchor"],"card_choices":[{"not_picked":["Steam","Cold Snap"],"picked":"Consume","floor":1},{"not_picked":["Barrage","Coolheaded","Steam"],"picked":"SKIP","floor":2},{"not_picked":["Rebound","Ball Lightning"],"picked":"White Noise","floor":5},{"not_picked":["Go for the Eyes","Cold Snap"],"picked":"Self Repair","floor":7},{"not_picked":["Force Field","Compile Driver","Ball Lightning"],"picked":"SKIP","floor":8},{"not_picked":["Steam","Ball Lightning"],"picked":"Lockon","floor":10},{"not_picked":["Consume","Core Surge"],"picked":"Rebound","floor":11},{"not_picked":["Stack","Sunder"],"picked":"White Noise","floor":14},{"not_picked":["Amplify","Buffer"],"picked":"Creative AI","floor":16},{"not_picked":["Gash","Rebound"],"picked":"Hello World","floor":18},{"not_picked":["Redo","Streamline+1"],"picked":"BootSequence","floor":19},{"not_picked":["Sweeping Beam","Defragment"],"picked":"White Noise","floor":22},{"not_picked":["Reinforced Body","Steam+1"],"picked":"Hologram","floor":24},{"not_picked":["Fusion","All For One"],"picked":"Self Repair+1","floor":28}],"player_experience":200325,"potions_floor_usage":[7,10,16,28,28],"damage_taken":[{"damage":5,"enemies":"Small Slimes","floor":1,"turns":3},{"damage":0,"enemies":"Cultist","floor":2,"turns":4},{"damage":2,"enemies":"2 Louse","floor":5,"turns":4},{"damage":19,"enemies":"Gremlin Nob","floor":7,"turns":4},{"damage":26,"enemies":"Lagavulin","floor":8,"turns":5},{"damage":0,"enemies":"2 Fungi Beasts","floor":10,"turns":4},{"damage":3,"enemies":"3 Louse","floor":11,"turns":4},{"damage":0,"enemies":"Large Slime","floor":14,"turns":4},{"damage":33,"enemies":"The Guardian","floor":16,"turns":9},{"damage":16,"enemies":"Spheric Guardian","floor":18,"turns":4},{"damage":20,"floor":19,"turns":4},{"damage":9,"enemies":"2 Thieves","floor":22,"turns":4},{"damage":14,"enemies":"Snake Plant","floor":24,"turns":4},{"damage":26,"enemies":"Slavers","floor":28,"turns":4},{"damage":41,"enemies":"Sentry and Sphere","floor":31,"turns":5}],"relics_obtained":[{"floor":7,"key":"Orichalcum"},{"floor":8,"key":"Bag of Marbles"},{"floor":9,"key":"Tiny Chest"},{"floor":19,"key":"Red Mask"},{"floor":21,"key":"Nilry\u0027s Codex"},{"floor":26,"key":"Blue Candle"},{"floor":28,"key":"Girya"},{"floor":29,"key":"Anchor"}],"event_choices":[{"event_name":"Wheel of Change","player_choice":"Card Removal","floor":3,"damage_taken":0},{"event_name":"Living Wall","player_choice":"Grow","floor":4,"damage_taken":0},{"event_name":"Dead Adventurer","player_choice":"Searched \u00271\u0027 times","floor":7,"damage_taken":0},{"event_name":"Shining Light","player_choice":"Entered Light","floor":12,"damage_taken":0},{"event_name":"Masked Bandits","player_choice":"Fought over 429 gold","floor":19,"damage_taken":0},{"event_name":"Back to Basics","player_choice":"Elegance","floor":20,"damage_taken":0},{"event_name":"Cursed Tome","player_choice":"Obtained Book","floor":21,"damage_taken":0},{"event_name":"Forgotten Altar","player_choice":"Shed Blood","floor":25,"damage_taken":0}],"boss_relics":[{"not_picked":["Black Star","Calling Bell"],"picked":"Nuclear Battery"}],"items_purged_floors":[],"potions_floor_spawned":[2,7,8,14,18,19,22,24],"seed_played":"66952441256724809","killed_by":"Sentry and Sphere","ascension_level":2,"potions_obtained":[{"floor":2,"key":"SkillPotion"},{"floor":7,"key":"Energy Potion"},{"floor":8,"key":"SpeedPotion"},{"floor":14,"key":"Poison Potion"},{"floor":18,"key":"Energy Potion"},{"floor":19,"key":"Poison Potion"},{"floor":22,"key":"SpeedPotion"}],"is_trial":false}