{"gold_per_floor":[116,136,136,149,15,15,42,58,58,58,70,101,120,132,132,203,203,214,214,414,429,349,379,379,128,155,186,203,203,203,214,214,293,293,310,64,116,136,147,147,178,178,205,205,7,19,19,19,19,19],"floor_reached":51,"playtime":1940,"items_purged":["Strike_B","Strike_B","Strike_B","Strike_B"],"score":1300,"play_id":"4c4b07ff-f295-4993-9420-675203726186","local_time":"20180921160307","is_ascension_mode":true,"campfire_choices":[{"data":"Sunder","floor":6.0,"key":"SMITH"},{"data":"Zap","floor":10.0,"key":"SMITH"},{"data":"Loop","floor":15.0,"key":"SMITH"},{"floor":24,"key":"REST"},{"data":"Defragment","floor":30,"key":"SMITH"},{"floor":32,"key":"REST"},{"data":"Biased Cognition","floor":40,"key":"SMITH"},{"data":"Capacitor","floor":42,"key":"SMITH"},{"data":"Hologram","floor":44,"key":"SMITH"},{"data":"Defragment","floor":47,"key":"SMITH"},{"data":"Echo Form","floor":49,"key":"SMITH"}],"neow_cost":"NONE","seed_source_timestamp":240752566206336,"circlet_count":0,"master_deck":["Defend_B","Defend_B","Defend_B","Defend_B","Zap+1","Dualcast","AscendersBane","Cold Snap","Self Repair","Hologram+1","Conserve Battery","Sunder+1","Chill","Cold Snap","Barrage","Cold Snap","Loop+1","Conserve Battery","Echo Form+1","Go for the Eyes+1","Decay","Conserve Battery","Capacitor+1","Go for the Eyes+1","Panacea+1","Darkness+1","Reinforced Body","Defragment+1","Biased Cognition+1","Redo","Chill","Conserve Battery+1","Leap","Defragment+1"],"special_seed":0,"relics":["Cracked Core","NeowsBlessing","The Courier","Bottled Flame","Matryoshka","Smiling Mask","Velvet Choker","Lantern","Art of War","Bag of Marbles","Bronze Scales","Runic Pyramid","Symbiotic Virus","Unceasing Top","Bottled Lightning","Mummified Hand","Ancient Tea Set","Toxic Egg 2"],"potions_floor_usage":[23,33,50,50],"damage_taken":[{"damage":0.0,"enemies":"Cultist","floor":1.0,"turns":1.0},{"damage":0.0,"enemies":"Jaw Worm","floor":2.0,"turns":1.0},{"damage":0.0,"enemies":"2 Louse","floor":4.0,"turns":1.0},{"damage":22.0,"enemies":"Gremlin Nob","floor":7.0,"turns":4.0},{"damage":0.0,"enemies":"Exordium Thugs","floor":8.0,"turns":3.0},{"damage":0.0,"enemies":"3 Louse","floor":11.0,"turns":4.0},{"damage":11.0,"enemies":"3 Sentries","floor":12.0,"turns":7.0},{"damage":0.0,"enemies":"Looter","floor":13.0,"turns":4.0},{"damage":4.0,"enemies":"Exordium Thugs","floor":14.0,"turns":3.0},{"damage":21.0,"enemies":"The Guardian","floor":16.0,"turns":13.0},{"damage":12.0,"enemies":"Chosen","floor":18.0,"turns":7.0},{"damage":17,"enemies":"Spheric Guardian","floor":21,"turns":4},{"damage":32,"enemies":"Book of Stabbing","floor":23,"turns":8},{"damage":13,"enemies":"Slavers","floor":27,"turns":7},{"damage":1,"enemies":"3 Cultists","floor":28,"turns":6},{"damage":15,"enemies":"Chosen and Byrds","floor":31,"turns":6},{"damage":1,"enemies":"Champ","floor":33,"turns":12},{"damage":17,"enemies":"3 Darklings","floor":35,"turns":8},{"damage":10,"floor":37,"turns":5},{"damage":0,"enemies":"Orb Walker","floor":38,"turns":3},{"damage":4,"enemies":"Flame Bruiser 2 Orb","floor":39,"turns":12},{"damage":2,"enemies":"Giant Head","floor":41,"turns":8},{"damage":12,"enemies":"Maw","floor":46,"turns":8},{"damage":17,"enemies":"Donu and Deca","floor":50,"turns":10}],"seed_played":"7809962902695938573","potions_obtained":[{"floor":4.0,"key":"Ancient Potion"},{"floor":8.0,"key":"Strength Potion"},{"floor":14.0,"key":"FocusPotion"},{"floor":37,"key":"EssenceOfSteel"}],"is_trial":false,"path_per_floor":["M","M","?","M","$","R","E","M","T","R","M","E","M","M","R","B",null,"M","?","?","M","$","E","R","$","T","E","M","?","R","M","R","B",null,"M","$","?","M","M","R","E","R","T","R","$","M","R","?","R","B"],"character_chosen":"DEFECT","items_purchased":["Conserve Battery","Sunder","Capacitor","Panacea","Swift Potion","EssenceOfSteel","Symbiotic Virus","Toxic Egg 2"],"campfire_rested":2,"item_purchase_floors":[5,5,22,25,25,25,36,45],"current_hp_per_floor":[64,64,53,53,53,53,38,45,45,45,52,48,55,58,58,44,64,59,59,59,56,56,31,52,52,52,46,52,52,52,37,58,64,69,66,66,63,63,66,66,71,71,71,71,71,66,66,66,66,56],"gold":19,"neow_bonus":"THREE_ENEMY_KILL","is_prod":false,"is_daily":false,"chose_seed":false,"campfire_upgraded":9,"win_rate":0,"timestamp":1537556587,"path_taken":["M","?","?","M","?","R","E","M","T","R","M","E","M","M","R","BOSS","M","?","?","M","$","E","R","$","T","E","M","?","R","M","R","BOSS","M","$","?","M","M","R","E","R","T","R","$","?","R","?","R","BOSS"],"build_version":"2018-07-12","purchased_purges":4,"victory":true,"max_hp_per_floor":[71,71,71,71,71,71,71,71,71,71,71,71,71,71,71,71,71,71,71,71,71,71,71,71,71,71,71,71,71,71,71,71,71,71,71,71,71,71,71,71,71,71,71,71,71,71,71,71,71,71],"card_choices":[{"not_picked":["Sweeping Beam","Rebound"],"picked":"Cold Snap","floor":1.0},{"not_picked":["Gash","Go for the Eyes"],"picked":"Self Repair","floor":2.0},{"not_picked":["Tempest","Turbo"],"picked":"Hologram","floor":4.0},{"not_picked":["Tempest","Barrage"],"picked":"Chill","floor":7.0},{"not_picked":["Seek","Redo"],"picked":"Cold Snap","floor":8.0},{"not_picked":["Leap","Barrage","Consume"],"picked":"SKIP","floor":11.0},{"not_picked":["Leap","Consume"],"picked":"Barrage","floor":11.0},{"not_picked":["Beam Cell","Gash"],"picked":"Cold Snap","floor":12.0},{"not_picked":["Compile Driver","Leap"],"picked":"Loop","floor":13.0},{"not_picked":["Coolheaded","Hologram"],"picked":"Conserve Battery","floor":14.0},{"not_picked":["Amplify","Seek"],"picked":"Echo Form","floor":16.0},{"not_picked":["Hologram","Barrage"],"picked":"Go for the Eyes+1","floor":18.0},{"not_picked":["FTL","Coolheaded"],"picked":"Conserve Battery","floor":21},{"not_picked":["Melter+1","Reprogram"],"picked":"Go for the Eyes+1","floor":23},{"not_picked":["Hologram","Coolheaded"],"picked":"Darkness+1","floor":27},{"not_picked":["Rebound","Melter"],"picked":"Reinforced Body","floor":28},{"not_picked":["Rebound+1","Barrage","FTL"],"picked":"SKIP","floor":31},{"not_picked":["Multi-Cast","Rainbow"],"picked":"Biased Cognition","floor":33},{"not_picked":["Skim","Cold Snap"],"picked":"Redo","floor":35},{"not_picked":["Gash","Rebound+1"],"picked":"Chill","floor":37},{"not_picked":["Gash+1","Go for the Eyes"],"picked":"Conserve Battery+1","floor":38},{"not_picked":["BootSequence","Barrage"],"picked":"Leap","floor":39},{"not_picked":["Leap","Stack","Self Repair"],"picked":"SKIP","floor":41},{"not_picked":["Rebound","Leap+1"],"picked":"Defragment","floor":46}],"player_experience":849485,"relics_obtained":[{"floor":7.0,"key":"Bottled Flame"},{"floor":9.0,"key":"Matryoshka"},{"floor":12.0,"key":"Smiling Mask"},{"floor":23,"key":"Lantern"},{"floor":26,"key":"Art of War"},{"floor":26,"key":"Bag of Marbles"},{"floor":27,"key":"Bronze Scales"},{"floor":37,"key":"Unceasing Top"},{"floor":41,"key":"Bottled Lightning"},{"floor":43,"key":"Mummified Hand"},{"floor":43,"key":"Ancient Tea Set"}],"event_choices":[{"event_name":"Scrap Ooze","player_choice":"success","floor":3.0,"damage_taken":11.0},{"event_name":"Forgotten Altar","player_choice":"Smashed Altar","floor":19.0,"damage_taken":0.0},{"event_name":"The Joust","player_choice":"Bet on Owner","floor":20,"damage_taken":0},{"event_name":"The Library","player_choice":"Read","floor":29,"damage_taken":0},{"event_name":"Mysterious Sphere","player_choice":"Fight","floor":37,"damage_taken":0},{"event_name":"Upgrade Shrine","player_choice":"Upgraded","floor":48,"damage_taken":0}],"boss_relics":[{"not_picked":["FrozenCore","Busted Crown"],"picked":"Velvet Choker"},{"not_picked":["Snecko Eye","Black Star"],"picked":"Runic Pyramid"}],"items_purged_floors":[5,22,25,36],"is_endless":false,"potions_floor_spawned":[4,8,13,14,21,27,31,37,39,41],"ascension_level":15}