{"gold_per_floor":[113,124,143,143,96,96,96,96,96,96,111,137,137,152,152,283,283,296,315,315,11,11],"floor_reached":22,"playtime":1710,"items_purged":[],"score":184,"play_id":"15a8585e-d3e4-4b12-84aa-11b4c8f8c823","local_time":"20190516010525","is_ascension_mode":false,"campfire_choices":[{"floor":6,"key":"REST"},{"floor":8,"key":"REST"},{"data":"Armaments","floor":10,"key":"SMITH"},{"floor":15,"key":"REST"}],"neow_cost":"NONE","seed_source_timestamp":882682753025800,"circlet_count":0,"master_deck":["Strike_R","Strike_R","Strike_R","Strike_R+1","Strike_R","Defend_R","Defend_R","Defend_R+1","Defend_R","Bash","Armaments+1","Hemokinesis","Seeing Red","Twin Strike","Flex","Infernal Blade","Body Slam","Juggernaut","Perfected Strike","Shrug It Off"],"relics":["Burning Blood","Gremlin Horn","Calipers","Omamori","Golden Idol","Mark of Pain","Blood Vial","Potion Belt"],"potions_floor_usage":[12,16,16,18],"damage_taken":[{"damage":0,"enemies":"2 Louse","floor":1,"turns":3},{"damage":6,"enemies":"Small Slimes","floor":2,"turns":3},{"damage":9,"enemies":"Jaw Worm","floor":3,"turns":5},{"damage":3,"enemies":"Blue Slaver","floor":11,"turns":2},{"damage":9,"enemies":"Lagavulin","floor":12,"turns":5},{"damage":19,"enemies":"Large Slime","floor":14,"turns":5},{"damage":65,"enemies":"The Guardian","floor":16,"turns":14},{"damage":23,"enemies":"Spheric Guardian","floor":18,"turns":4},{"damage":46,"enemies":"3 Byrds","floor":19,"turns":5},{"damage":27,"enemies":"3 Cultists","floor":22,"turns":4}],"seed_played":"-2522054693692173405","potions_obtained":[{"floor":1,"key":"Swift Potion"},{"floor":3,"key":"Block Potion"},{"floor":11,"key":"Poison Potion"},{"floor":16,"key":"Explosive Potion"}],"is_trial":false,"path_per_floor":["M","M","M","?","?","R","?","R","T","R","M","E","?","M","R","B",null,"M","M","?","$","M"],"character_chosen":"IRONCLAD","items_purchased":["Blood Vial","Potion Belt"],"campfire_rested":3,"item_purchase_floors":[21,21],"current_hp_per_floor":[80,80,77,61,61,80,55,79,79,79,80,77,57,44,68,9,80,63,23,23,23,0],"gold":11,"neow_bonus":"THREE_CARDS","is_prod":false,"is_daily":false,"chose_seed":false,"campfire_upgraded":1,"win_rate":0.0,"timestamp":1557983125,"path_taken":["M","M","M","?","?","R","?","R","T","R","M","E","?","M","R","BOSS","M","M","?","$","M"],"build_version":"2019-01-23","purchased_purges":0,"victory":false,"max_hp_per_floor":[80,80,80,80,80,80,80,80,80,80,80,80,80,80,80,80,80,80,80,80,80,80],"card_choices":[{"not_picked":["Perfected Strike","Warcry"],"picked":"Armaments","floor":0},{"not_picked":["Warcry","Body Slam"],"picked":"Hemokinesis","floor":1},{"not_picked":["Combust","Searing Blow"],"picked":"Seeing Red","floor":2},{"not_picked":["Battle Trance","Warcry"],"picked":"Twin Strike","floor":3},{"not_picked":["Twin Strike","Dropkick"],"picked":"Flex","floor":11},{"not_picked":["Intimidate","Bloodletting"],"picked":"Infernal Blade","floor":12},{"not_picked":["True Grit","Pommel Strike"],"picked":"Body Slam","floor":14},{"not_picked":["Dark Embrace","Offering"],"picked":"Juggernaut","floor":16},{"not_picked":["True Grit","Thunderclap"],"picked":"Perfected Strike","floor":18},{"not_picked":["Power Through","Shockwave"],"picked":"Shrug It Off","floor":19}],"player_experience":108953,"relics_obtained":[{"floor":9,"key":"Calipers"},{"floor":12,"key":"Omamori"}],"event_choices":[{"damage_healed":0,"gold_gain":0,"player_choice":"Entered Light","damage_taken":16,"max_hp_gain":0,"max_hp_loss":0,"event_name":"Shining Light","floor":4,"gold_loss":0,"cards_upgraded":["Defend_R","Strike_R"]},{"damage_healed":0,"gold_gain":0,"player_choice":"Left Gold","damage_taken":0,"max_hp_gain":0,"max_hp_loss":0,"event_name":"World of Goop","floor":5,"gold_loss":47},{"damage_healed":0,"gold_gain":0,"player_choice":"Success","damage_taken":25,"relics_obtained":["Gremlin Horn"],"max_hp_gain":0,"max_hp_loss":0,"event_name":"Scrap Ooze","floor":7,"gold_loss":0},{"damage_healed":0,"gold_gain":0,"player_choice":"Take Damage","damage_taken":20,"relics_obtained":["Golden Idol"],"max_hp_gain":0,"max_hp_loss":0,"event_name":"Golden Idol","floor":13,"gold_loss":0},{"damage_healed":0,"gold_gain":0,"player_choice":"Ignored","damage_taken":0,"max_hp_gain":0,"max_hp_loss":0,"event_name":"Ghosts","floor":20,"gold_loss":0}],"is_beta":false,"boss_relics":[{"not_picked":["Runic Dome","Cursed Key"],"picked":"Mark of Pain"}],"items_purged_floors":[],"is_endless":false,"potions_floor_spawned":[1,3,11,16],"killed_by":"3 Cultists","ascension_level":0}