{"gold_per_floor":[118,131,143,143,159,187,187,216,216,216],"floor_reached":10,"playtime":360,"items_purged":[],"score":90,"play_id":"09a56249-e042-4be9-87c9-9b6ffda09498","local_time":"20190515212907","is_ascension_mode":true,"campfire_choices":[{"data":"Static Discharge","floor":7,"key":"SMITH"}],"neow_cost":"NONE","seed_source_timestamp":35971143577452,"circlet_count":0,"master_deck":["Strike_B","Strike_B","Strike_B","Strike_B","Defend_B","Defend_B","Defend_B","Zap","Dualcast","Finesse","FTL","Stack","Static Discharge+1","Genetic Algorithm","Biased Cognition","Capacitor"],"special_seed":0,"relics":["Cracked Core","Kunai","Molten Egg 2","Sundial"],"potions_floor_usage":[6,6,6],"damage_taken":[{"damage":8.0,"enemies":"2 Louse","floor":1.0,"turns":2.0},{"damage":0.0,"enemies":"Cultist","floor":2.0,"turns":3.0},{"damage":0.0,"enemies":"Jaw Worm","floor":3.0,"turns":3.0},{"damage":19.0,"enemies":"3 Louse","floor":5.0,"turns":4.0},{"damage":8,"enemies":"Gremlin Nob","floor":6,"turns":3},{"damage":20,"enemies":"Lagavulin","floor":8,"turns":5},{"damage":33,"enemies":"Gremlin Nob","floor":10,"turns":3}],"seed_played":"6382809561628131692","potions_obtained":[{"floor":2.0,"key":"FearPotion"},{"floor":3.0,"key":"GamblersBrew"},{"floor":5.0,"key":"Strength Potion"},{"floor":8,"key":"SpeedPotion"}],"is_trial":false,"path_per_floor":["M","M","M","?","M","E","R","E","T","E"],"character_chosen":"DEFECT","items_purchased":[],"campfire_rested":0,"item_purchase_floors":[],"current_hp_per_floor":[67,67,67,60,41,33,33,13,13,0],"gold":216,"neow_bonus":"RANDOM_COLORLESS","is_prod":false,"is_daily":false,"chose_seed":false,"campfire_upgraded":1,"win_rate":0,"timestamp":1557970147,"path_taken":["M","M","M","?","M","E","R","E","T","E"],"build_version":"2019-01-23","purchased_purges":0,"victory":false,"max_hp_per_floor":[75,75,75,75,75,75,75,75,75,75],"card_choices":[{"not_picked":["Stack","Compile Driver"],"picked":"FTL","floor":1.0},{"not_picked":["Heatsinks","Redo"],"picked":"Stack","floor":2.0},{"not_picked":["Blizzard","Compile Driver"],"picked":"Static Discharge","floor":3.0},{"not_picked":["Steam","Barrage"],"picked":"Genetic Algorithm","floor":5.0},{"not_picked":["Heatsinks","Compile Driver"],"picked":"Biased Cognition","floor":6},{"not_picked":["Ball Lightning","Storm"],"picked":"Capacitor","floor":8}],"player_experience":252064,"relics_obtained":[{"floor":6,"key":"Kunai"},{"floor":8,"key":"Molten Egg 2"},{"floor":9,"key":"Sundial"}],"event_choices":[{"cards_removed":["Defend_B"],"damage_healed":0.0,"max_hp_gain":0.0,"max_hp_loss":0.0,"gold_gain":0.0,"event_name":"Golden Wing","player_choice":"Card Removal","floor":4.0,"gold_loss":0.0,"damage_taken":7.0}],"is_beta":false,"boss_relics":[],"items_purged_floors":[],"is_endless":false,"potions_floor_spawned":[2,3,5,8],"killed_by":"Gremlin Nob","ascension_level":3}