{"gold_per_floor":[112,112,122,132,146,181,201,201,201,201,201,3,3,21,21,125,125,144,156,166,266,7,7,20,20,71,121,140,160,160,173,173,270,270,287,302,302,14,114,149,24,24,75,75,0,20,31,44,44,44],"floor_reached":51,"playtime":5170,"items_purged":["Madness"],"score":631,"play_id":"e048eb46-5e92-44aa-83d5-081b529fc98c","local_time":"20190516023334","is_ascension_mode":false,"campfire_choices":[{"data":"Infernal Blade","floor":8,"key":"SMITH"},{"data":"Fire Breathing","floor":10,"key":"SMITH"},{"data":"Twin Strike","floor":15,"key":"SMITH"},{"floor":23,"key":"REST"},{"floor":25,"key":"REST"},{"floor":30,"key":"REST"},{"data":"Armaments","floor":32,"key":"SMITH"},{"data":"Body Slam","floor":49,"key":"SMITH"}],"neow_cost":"NONE","seed_source_timestamp":884483770391100,"circlet_count":0,"master_deck":["Strike_R","Strike_R","Strike_R","Strike_R","Defend_R","Defend_R","Defend_R","Defend_R","Bash","Flex+1","Twin Strike+1","Pommel Strike+1","Pommel Strike","Infernal Blade+1","Fire Breathing+1","Thunderclap","Juggernaut","Shrug It Off+1","Body Slam+1","Shrug It Off","Infernal Blade","Armaments+1","Perfected Strike+1","Impervious","Perfected Strike+1","Madness","Hemokinesis+1","Clothesline+1","Shame","Shrug It Off+1"],"relics":["Black Blood","NeowsBlessing","Incense Burner","Magic Flower","Lee\u0027s Waffle","Sundial","StoneCalendar","Molten Egg 2","Self Forming Clay","Orichalcum","Cursed Key","Cauldron","Ice Cream","Pocketwatch","Centennial Puzzle","Red Mask"],"potions_floor_usage":[20,21,21,28,31,33,40,40,50,50],"damage_taken":[{"damage":0,"enemies":"Jaw Worm","floor":1,"turns":1},{"damage":0,"enemies":"Cultist","floor":3,"turns":1},{"damage":0,"enemies":"Small Slimes","floor":4,"turns":1},{"damage":5,"enemies":"Looter","floor":5,"turns":4},{"damage":25,"enemies":"Gremlin Nob","floor":6,"turns":4},{"damage":0,"enemies":"Exordium Thugs","floor":7,"turns":4},{"damage":0,"enemies":"2 Fungi Beasts","floor":14,"turns":3},{"damage":9,"enemies":"Slime Boss","floor":16,"turns":8},{"damage":10,"enemies":"Chosen","floor":18,"turns":5},{"damage":17,"enemies":"Shell Parasite","floor":19,"turns":4},{"damage":36,"enemies":"Sentry and Sphere","floor":20,"turns":6},{"damage":41,"enemies":"Colosseum Slavers","floor":21,"turns":4},{"damage":59,"enemies":"Colosseum Nobs","floor":21,"turns":6},{"damage":4,"enemies":"Centurion and Healer","floor":24,"turns":6},{"damage":49,"enemies":"Snake Plant","floor":28,"turns":7},{"damage":31,"enemies":"3 Cultists","floor":29,"turns":7},{"damage":2,"enemies":"Centurion and Healer","floor":31,"turns":7},{"damage":50,"enemies":"Collector","floor":33,"turns":10},{"damage":24,"enemies":"3 Shapes","floor":35,"turns":3},{"damage":0,"enemies":"Orb Walker","floor":36,"turns":2},{"damage":7,"enemies":"Mind Bloom Boss Battle","floor":39,"turns":7},{"damage":37,"enemies":"Giant Head","floor":40,"turns":9},{"damage":4,"enemies":"Transient","floor":46,"turns":5},{"damage":6,"enemies":"Jaw Worm Horde","floor":47,"turns":5},{"damage":5,"enemies":"Sphere and 2 Shapes","floor":48,"turns":3},{"damage":86,"enemies":"Time Eater","floor":50,"turns":14}],"seed_played":"8915247046393776556","potions_obtained":[{"floor":4,"key":"Regen Potion"},{"floor":5,"key":"SpeedPotion"},{"floor":7,"key":"Strength Potion"},{"floor":14,"key":"Strength Potion"},{"floor":18,"key":"Regen Potion"},{"floor":24,"key":"PowerPotion"},{"floor":29,"key":"Energy Potion"},{"floor":31,"key":"FearPotion"},{"floor":36,"key":"Strength Potion"},{"floor":38,"key":"Regen Potion"},{"floor":38,"key":"EntropicBrew"},{"floor":39,"key":"EssenceOfSteel"},{"floor":40,"key":"Dexterity Potion"}],"is_trial":false,"path_per_floor":["M","?","M","M","M","E","M","R","T","R","?","$","?","M","R","B",null,"M","M","M","?","$","R","M","R","T","?","M","M","R","M","R","B",null,"M","M","?","$","?","E","$","?","T","$","?","M","M","M","R","B",null],"character_chosen":"IRONCLAD","items_purchased":["Lee\u0027s Waffle","Self Forming Clay","Hemokinesis+1","Cauldron","Fire Potion"],"campfire_rested":3,"item_purchase_floors":[12,22,38,38,41],"current_hp_per_floor":[80,80,80,80,80,61,67,67,67,67,51,87,87,87,87,87,87,87,85,77,21,21,47,58,84,84,84,50,34,60,73,73,38,87,78,87,76,76,84,62,62,62,62,62,62,73,82,87,87,39],"gold":44,"neow_bonus":"THREE_ENEMY_KILL","is_prod":false,"is_daily":false,"chose_seed":false,"campfire_upgraded":5,"win_rate":0.0,"timestamp":1557988414,"path_taken":["M","?","?","M","M","E","M","R","T","R","?","$","?","?","R","BOSS","M","M","M","?","$","R","M","R","T","?","M","M","R","M","R","BOSS","M","M","?","$","?","E","$","?","T","$","?","M","?","M","R","BOSS"],"build_version":"2019-01-23","purchased_purges":1,"victory":true,"max_hp_per_floor":[80,80,80,80,80,80,80,80,80,80,80,87,87,87,87,87,87,87,87,87,87,87,87,87,87,87,87,87,87,87,87,87,87,87,87,87,87,87,87,87,87,87,87,87,87,87,87,87,87,87],"card_choices":[{"not_picked":["Pommel Strike","Shockwave"],"picked":"Flex","floor":1},{"not_picked":["Clash","Sword Boomerang"],"picked":"Twin Strike","floor":3},{"not_picked":["Carnage","Dropkick"],"picked":"Pommel Strike","floor":4},{"not_picked":["Clothesline","Heavy Blade"],"picked":"Pommel Strike","floor":5},{"not_picked":["Limit Break","Spot Weakness"],"picked":"Infernal Blade","floor":6},{"not_picked":["Flex","Sword Boomerang"],"picked":"Fire Breathing","floor":7},{"not_picked":["Combust","Searing Blow"],"picked":"Thunderclap","floor":14},{"not_picked":["Bludgeon","Demon Form"],"picked":"Juggernaut","floor":16},{"not_picked":["Thunderclap+1","Reckless Charge+1"],"picked":"Shrug It Off+1","floor":18},{"not_picked":["Flex","Pommel Strike+1"],"picked":"Body Slam","floor":19},{"not_picked":["Anger","Sword Boomerang+1"],"picked":"Shrug It Off","floor":20},{"not_picked":["Sword Boomerang","Flame Barrier"],"picked":"Infernal Blade","floor":21},{"not_picked":["Headbutt+1","Flex","Dual Wield"],"picked":"SKIP","floor":24},{"not_picked":["Rampage+1","Dual Wield"],"picked":"Armaments","floor":28},{"not_picked":["Headbutt+1","Whirlwind+1","True Grit+1"],"picked":"SKIP","floor":29},{"not_picked":["Thunderclap+1","Headbutt+1"],"picked":"Perfected Strike+1","floor":31},{"not_picked":["Offering","Demon Form"],"picked":"Impervious","floor":33},{"not_picked":["Twin Strike+1","Second Wind+1"],"picked":"Perfected Strike+1","floor":35},{"not_picked":["Twin Strike+1","Pommel Strike+1","Shrug It Off+1"],"picked":"SKIP","floor":36},{"not_picked":["Offering","Heavy Blade+1"],"picked":"Clothesline+1","floor":39},{"not_picked":["Cleave+1","Dropkick+1","Berserk"],"picked":"SKIP","floor":40},{"not_picked":["Perfected Strike+1","Flex+1"],"picked":"Shrug It Off+1","floor":46},{"not_picked":["Cleave+1","Iron Wave+1","Perfected Strike+1"],"picked":"SKIP","floor":47},{"not_picked":["Headbutt+1","Anger+1","Clash+1"],"picked":"SKIP","floor":48}],"player_experience":110663,"relics_obtained":[{"floor":6,"key":"Incense Burner"},{"floor":9,"key":"Magic Flower"},{"floor":21,"key":"StoneCalendar"},{"floor":21,"key":"Molten Egg 2"},{"floor":26,"key":"Orichalcum"},{"floor":39,"key":"Ice Cream"},{"floor":40,"key":"Pocketwatch"},{"floor":43,"key":"Centennial Puzzle"}],"event_choices":[{"cards_removed":["Strike_R"],"damage_healed":0,"gold_gain":0,"player_choice":"Purged","damage_taken":0,"max_hp_gain":0,"max_hp_loss":0,"event_name":"Purifier","floor":2,"gold_loss":0},{"damage_healed":0,"gold_gain":0,"player_choice":"Entered Light","damage_taken":16,"max_hp_gain":0,"max_hp_loss":0,"event_name":"Shining Light","floor":11,"gold_loss":0,"cards_upgraded":["Pommel Strike","Flex"]},{"damage_healed":0,"gold_gain":0,"player_choice":"Gave Potion","damage_taken":0,"relics_obtained":["Sundial"],"max_hp_gain":0,"max_hp_loss":0,"event_name":"WeMeetAgain","floor":13,"gold_loss":0},{"damage_healed":0,"gold_gain":0,"player_choice":"Fight","damage_taken":0,"max_hp_gain":0,"max_hp_loss":0,"event_name":"Colosseum","floor":21,"gold_loss":0},{"damage_healed":0,"gold_gain":0,"player_choice":"Fought Nobs","damage_taken":0,"max_hp_gain":0,"max_hp_loss":0,"event_name":"Colosseum","floor":21,"gold_loss":0},{"damage_healed":0,"gold_gain":100,"player_choice":"Bet on Murderer","damage_taken":0,"max_hp_gain":0,"max_hp_loss":0,"event_name":"The Joust","floor":27,"gold_loss":50},{"damage_healed":0,"gold_gain":0,"player_choice":"Embrace Madness","damage_taken":11,"max_hp_gain":0,"max_hp_loss":0,"event_name":"Winding Halls","floor":37,"gold_loss":0,"cards_obtained":["Madness","Madness"]},{"damage_healed":0,"gold_gain":0,"player_choice":"Fight","damage_taken":0,"max_hp_gain":0,"max_hp_loss":0,"event_name":"MindBloom","floor":39,"gold_loss":0},{"damage_healed":0,"gold_gain":0,"player_choice":"Ignored","damage_taken":0,"max_hp_gain":0,"max_hp_loss":0,"event_name":"Mysterious Sphere","floor":42,"gold_loss":0},{"damage_healed":0,"gold_gain":0,"player_choice":"Paid","damage_taken":0,"relics_obtained":["Red Mask"],"max_hp_gain":0,"max_hp_loss":0,"event_name":"Tomb of Lord Red Mask","floor":45,"gold_loss":75}],"is_beta":false,"boss_relics":[{"not_picked":["Runic Dome","Fusion Hammer"],"picked":"Black Blood"},{"not_picked":["Eternal Feather","Empty Cage"],"picked":"Cursed Key"}],"items_purged_floors":[41],"is_endless":false,"potions_floor_spawned":[4,5,7,14,18,19,24,29,31,36,39,40,46,48],"ascension_level":0}