{"gold_per_floor":[109,184,195,213,230,230,22,22,22,32,64,79,79,94,94,189,189,199,199,215,215],"floor_reached":21,"playtime":737,"items_purged":[],"score":265,"play_id":"e2518d8a-400a-48ae-9cc7-2aa7604fcdea","local_time":"20180804194215","is_ascension_mode":true,"campfire_choices":[{"floor":6,"key":"REST"},{"data":"Zap","floor":8,"key":"SMITH"},{"floor":13,"key":"REST"},{"floor":15,"key":"REST"}],"neow_cost":"NONE","seed_source_timestamp":6146901768310,"circlet_count":0,"master_deck":["Strike_B","Strike_B","Strike_B","Strike_B","Defend_B","Defend_B","Defend_B","Defend_B","Zap+1","Dualcast","Defragment","Conserve Battery","Capacitor","Stack","Streamline","Fusion","Coolheaded","Rainbow","Conserve Battery","Necronomicurse","Steam+1"],"relics":["Lizard Tail","Happy Flower","Strawberry","The Courier","Sozu","Necronomicon"],"potions_floor_usage":[5,11,12,14,16,21],"damage_taken":[{"damage":22,"enemies":"Small Slimes","floor":1,"turns":5},{"damage":4,"enemies":"Jaw Worm","floor":3,"turns":5},{"damage":3,"enemies":"2 Louse","floor":4,"turns":3},{"damage":7,"enemies":"Exordium Thugs","floor":5,"turns":5},{"damage":11,"enemies":"Looter","floor":10,"turns":3},{"damage":31,"enemies":"Lagavulin","floor":11,"turns":11},{"damage":3,"enemies":"3 Louse","floor":12,"turns":4},{"damage":20,"enemies":"Gremlin Gang","floor":14,"turns":6},{"damage":74,"enemies":"Hexaghost","floor":16,"turns":12},{"damage":8,"enemies":"Shell Parasite","floor":18,"turns":8},{"damage":3,"enemies":"Chosen","floor":20,"turns":4},{"damage":35,"enemies":"3 Cultists","floor":21,"turns":6}],"seed_played":"-8125335633881375170","potions_obtained":[{"floor":1,"key":"LiquidBronze"},{"floor":4,"key":"Fire Potion"},{"floor":11,"key":"SpeedPotion"},{"floor":12,"key":"SkillPotion"},{"floor":16,"key":"EntropicBrew"}],"is_trial":false,"path_per_floor":["M","?","M","M","M","R","$","R","T","M","E","M","R","M","R","B",null,"M","?","M"],"character_chosen":"DEFECT","items_purchased":["Happy Flower","Block Potion"],"campfire_rested":3,"item_purchase_floors":[7,7],"current_hp_per_floor":[46,35,31,28,21,43,43,43,50,39,8,5,29,9,33,1,62,54,38,35,0],"gold":215,"neow_bonus":"BOSS_RELIC","is_prod":false,"is_daily":false,"chose_seed":false,"campfire_upgraded":1,"win_rate":0,"timestamp":1533422535,"path_taken":["M","?","M","M","M","R","$","R","T","?","E","M","R","M","R","BOSS","M","?","M","M"],"build_version":"2018-07-12","purchased_purges":0,"victory":false,"max_hp_per_floor":[75,75,75,75,75,75,75,75,82,82,82,82,82,82,82,82,82,82,82,82,82],"card_choices":[{"not_picked":["Blizzard","Reprogram"],"picked":"Defragment","floor":1},{"not_picked":["Chill","FTL"],"picked":"Conserve Battery","floor":3},{"not_picked":["Storm","Aggregate"],"picked":"Capacitor","floor":4},{"not_picked":["Heatsinks","Skim","Rebound"],"picked":"SKIP","floor":5},{"not_picked":["Heatsinks","Skim","Rebound"],"picked":"SKIP","floor":5},{"not_picked":["Steam","Sweeping Beam"],"picked":"Stack","floor":10},{"not_picked":["Leap","Storm"],"picked":"Streamline","floor":11},{"not_picked":["Turbo","Beam Cell"],"picked":"Fusion","floor":12},{"not_picked":["Self Repair","Steam"],"picked":"Coolheaded","floor":14},{"not_picked":["Thunder Strike","Creative AI"],"picked":"Rainbow","floor":16},{"not_picked":["FTL","Fusion"],"picked":"Conserve Battery","floor":18},{"not_picked":["Tempest","Streamline"],"picked":"Steam+1","floor":20}],"player_experience":457432,"relics_obtained":[{"floor":9,"key":"Strawberry"},{"floor":11,"key":"The Courier"},{"floor":19,"key":"Necronomicon"}],"event_choices":[{"event_name":"World of Goop","player_choice":"Gather Gold","floor":2,"damage_taken":0},{"event_name":"Cursed Tome","player_choice":"Obtained Book","floor":19,"damage_taken":0}],"boss_relics":[{"not_picked":["Eternal Feather","Calling Bell"],"picked":"Sozu"}],"items_purged_floors":[],"is_endless":false,"potions_floor_spawned":[1,4,11,12,16,18,20],"killed_by":"3 Cultists","ascension_level":9}