{"gold_per_floor":[109,191,211,230,242,275,275,275,275,275,289,314,18,31,31,134,134,153,170,350,365,365,365,379,405,486,497,510,530,25,36,36,131,131,143,161,172,182,182,182,199,199,199,421,421,471,485,497,497,497],"floor_reached":51,"playtime":7471,"items_purged":[],"score":657,"play_id":"348baeb6-f122-4078-9684-a670a61f4ed2","local_time":"20190411224756","is_ascension_mode":false,"campfire_choices":[{"data":"Flex","floor":7,"key":"SMITH"},{"floor":10,"key":"REST"},{"data":"Twin Strike","floor":15,"key":"SMITH"},{"floor":23,"key":"REST"},{"data":"Demon Form","floor":32,"key":"SMITH"},{"data":"Body Slam","floor":40,"key":"SMITH"},{"data":"Berserk","floor":42,"key":"SMITH"},{"data":"Sword Boomerang","floor":49,"key":"SMITH"}],"neow_cost":"NONE","seed_source_timestamp":2417186885308700,"circlet_count":0,"master_deck":["Strike_R+1","Strike_R","Strike_R","Strike_R","Strike_R","Defend_R","Defend_R","Defend_R+1","Defend_R","Bash","Deep Breath","Flex+1","True Grit+1","Warcry+1","Headbutt","Dual Wield+1","Twin Strike+1","Armaments+1","Berserk+1","Battle Trance+1","Infernal Blade+1","Rage+1","Flex+1","Demon Form+1","Shrug It Off+1","Twin Strike+1","PanicButton+1","Enlightenment+1","Deep Breath+1","Anger+1","Limit Break+1","Body Slam+1","Wild Strike+1","Spot Weakness+1","Entrench+1","Headbutt","Apotheosis+1","Feel No Pain","Reaper","Flex+1","Iron Wave+1","Dual Wield+1","The Bomb+1","Secret Weapon+1","Jack Of All Trades+1","Rage+1","Ghostly Armor+1","Sword Boomerang+1","Metallicize+1"],"relics":["Burning Blood","Toxic Egg 2","Blood Vial","Calipers","Odd Mushroom","Ice Cream","Orrery","Red Mask","Pear","FossilizedHelix","Lizard Tail","Meat on the Bone","Incense Burner"],"potions_floor_usage":[6,16,16,21,33,33,33,50,50],"damage_taken":[{"damage":6,"enemies":"Cultist","floor":1,"turns":4},{"damage":1,"enemies":"2 Louse","floor":3,"turns":4},{"damage":1,"enemies":"Small Slimes","floor":4,"turns":3},{"damage":12,"enemies":"Exordium Wildlife","floor":5,"turns":7},{"damage":44,"enemies":"3 Sentries","floor":6,"turns":10},{"damage":0,"enemies":"Red Slaver","floor":11,"turns":3},{"damage":12,"enemies":"The Mushroom Lair","floor":12,"turns":5},{"damage":0,"enemies":"3 Louse","floor":14,"turns":5},{"damage":39,"enemies":"Hexaghost","floor":16,"turns":7},{"damage":0,"enemies":"Chosen","floor":18,"turns":3},{"damage":17,"enemies":"3 Byrds","floor":19,"turns":6},{"damage":8,"enemies":"Snake Plant","floor":21,"turns":3},{"damage":6,"enemies":"Snecko","floor":24,"turns":5},{"damage":17,"enemies":"Masked Bandits","floor":25,"turns":5},{"damage":0,"enemies":"Sentry and Sphere","floor":27,"turns":4},{"damage":0,"enemies":"Centurion and Healer","floor":28,"turns":3},{"damage":25,"enemies":"Shelled Parasite and Fungi","floor":29,"turns":7},{"damage":5,"enemies":"Snake Plant","floor":31,"turns":4},{"damage":15,"enemies":"Champ","floor":33,"turns":9},{"damage":0,"enemies":"Orb Walker","floor":35,"turns":3},{"damage":0,"enemies":"3 Shapes","floor":36,"turns":2},{"damage":7,"enemies":"3 Darklings","floor":37,"turns":4},{"damage":24,"enemies":"Jaw Worm Horde","floor":38,"turns":4},{"damage":0,"enemies":"Spire Growth","floor":41,"turns":4},{"damage":58,"enemies":"2 Orb Walkers","floor":46,"turns":4},{"damage":18,"enemies":"4 Shapes","floor":47,"turns":5},{"damage":11,"enemies":"Maw","floor":48,"turns":6},{"damage":64,"enemies":"Time Eater","floor":50,"turns":8}],"seed_played":"7109899452373651765","potions_obtained":[{"floor":4,"key":"BloodPotion"},{"floor":5,"key":"FearPotion"},{"floor":11,"key":"Ancient Potion"},{"floor":14,"key":"Strength Potion"},{"floor":16,"key":"SpeedPotion"},{"floor":19,"key":"BloodPotion"},{"floor":28,"key":"Strength Potion"},{"floor":29,"key":"Weak Potion"},{"floor":31,"key":"SkillPotion"},{"floor":33,"key":"Block Potion"},{"floor":37,"key":"Strength Potion"},{"floor":38,"key":"Weak Potion"},{"floor":48,"key":"PowerPotion"}],"is_trial":false,"path_per_floor":["M","T","M","M","M","E","R","?","T","R","M","?","$","M","R","B",null,"M","M","?","M","?","R","M","?","T","M","M","M","$","M","R","B",null,"M","M","M","M","?","R","M","R","T","?","?","?","M","M","R","B",null],"character_chosen":"IRONCLAD","items_purchased":["Ice Cream","Apotheosis+1","FossilizedHelix","Whirlwind"],"campfire_rested":2,"item_purchase_floors":[13,30,30,30],"current_hp_per_floor":[80,80,80,80,74,44,44,28,28,52,60,56,56,64,64,33,80,80,69,21,29,29,53,55,46,56,64,72,55,55,58,58,51,90,90,90,89,72,62,62,70,70,70,70,70,58,60,89,89,44],"gold":497,"neow_bonus":"RANDOM_COLORLESS","is_prod":false,"is_daily":false,"chose_seed":false,"campfire_upgraded":6,"win_rate":0.0,"timestamp":1555037276,"path_taken":["M","?","M","M","?","E","R","?","T","R","M","?","$","M","R","BOSS","M","M","?","?","?","R","M","?","T","M","M","?","$","M","R","BOSS","M","M","M","M","?","R","M","R","T","?","?","?","?","M","R","BOSS"],"build_version":"2019-01-23","purchased_purges":0,"victory":true,"max_hp_per_floor":[80,80,80,80,80,80,80,80,80,80,80,80,80,80,80,80,80,80,80,80,80,80,80,80,80,90,90,90,90,90,90,90,90,90,90,90,90,90,90,90,90,90,90,90,90,90,90,90,90,90],"card_choices":[{"not_picked":["Thunderclap","Clash"],"picked":"Flex","floor":1},{"not_picked":["Clothesline","Heavy Blade"],"picked":"True Grit+1","floor":3},{"not_picked":["Shockwave+1","Perfected Strike"],"picked":"Warcry+1","floor":4},{"not_picked":["Metallicize","Anger"],"picked":"Headbutt","floor":5},{"not_picked":["Heavy Blade","Inflame"],"picked":"Dual Wield+1","floor":6},{"not_picked":["Body Slam","Wild Strike"],"picked":"Twin Strike","floor":11},{"not_picked":["Searing Blow","Thunderclap"],"picked":"Armaments+1","floor":12},{"not_picked":["Combust","Evolve","Hemokinesis"],"picked":"SKIP","floor":14},{"not_picked":["Brutality","Impervious+1"],"picked":"Berserk","floor":16},{"not_picked":["Carnage","Sword Boomerang"],"picked":"Battle Trance+1","floor":17},{"not_picked":["Entrench+1","Flex+1"],"picked":"Infernal Blade+1","floor":17},{"not_picked":["Intimidate+1","Sword Boomerang"],"picked":"Rage+1","floor":17},{"not_picked":["Cleave","Body Slam"],"picked":"Flex+1","floor":17},{"not_picked":["Anger","Evolve"],"picked":"Demon Form","floor":17},{"not_picked":["Wild Strike","Perfected Strike"],"picked":"Shrug It Off+1","floor":18},{"not_picked":["Second Wind+1","Flex+1"],"picked":"Twin Strike+1","floor":19},{"not_picked":["Thunderclap+1","Bloodletting+1"],"picked":"Anger+1","floor":21},{"not_picked":["Sword Boomerang","Cleave"],"picked":"Body Slam","floor":24},{"not_picked":["Anger","Sever Soul"],"picked":"Wild Strike+1","floor":25},{"not_picked":["Second Wind+1","Body Slam"],"picked":"Spot Weakness+1","floor":27},{"not_picked":["Rage+1","Body Slam"],"picked":"Entrench+1","floor":28},{"not_picked":["Wild Strike","Sword Boomerang"],"picked":"Headbutt","floor":29},{"not_picked":["Heavy Blade","Berserk"],"picked":"Feel No Pain","floor":31},{"not_picked":["Berserk","Bludgeon"],"picked":"Reaper","floor":33},{"not_picked":["Heavy Blade","Intimidate+1"],"picked":"Flex+1","floor":35},{"not_picked":["Second Wind+1","Anger+1"],"picked":"Iron Wave+1","floor":36},{"not_picked":["Intimidate+1","Body Slam"],"picked":"Dual Wield+1","floor":37},{"not_picked":["Dual Wield+1","Shrug It Off+1","Body Slam"],"picked":"SKIP","floor":38},{"not_picked":["Flash of Steel","Mind Blast"],"picked":"The Bomb+1","floor":39},{"not_picked":["Metamorphosis+1","Swift Strike"],"picked":"Secret Weapon+1","floor":39},{"not_picked":["Discovery+1","Dramatic Entrance"],"picked":"Jack Of All Trades+1","floor":39},{"not_picked":["Perfected Strike","Evolve"],"picked":"Rage+1","floor":41},{"not_picked":["Feel No Pain+1","Perfected Strike"],"picked":"Ghostly Armor+1","floor":46},{"not_picked":["Thunderclap","Anger"],"picked":"Sword Boomerang","floor":47},{"not_picked":["Barricade","Thunderclap+1"],"picked":"Metallicize+1","floor":48}],"player_experience":24955,"relics_obtained":[{"floor":2,"key":"Toxic Egg 2"},{"floor":6,"key":"Blood Vial"},{"floor":9,"key":"Calipers"},{"floor":12,"key":"Odd Mushroom"},{"floor":25,"key":"Red Mask"},{"floor":26,"key":"Pear"},{"floor":43,"key":"Meat on the Bone"},{"floor":46,"key":"Incense Burner"}],"event_choices":[{"damage_healed":0,"gold_gain":0,"player_choice":"Entered Light","damage_taken":16,"max_hp_gain":0,"max_hp_loss":0,"event_name":"Shining Light","floor":8,"gold_loss":0,"cards_upgraded":["Defend_R","Strike_R"]},{"damage_healed":0,"gold_gain":0,"player_choice":"Fought Mushrooms","damage_taken":0,"max_hp_gain":0,"max_hp_loss":0,"event_name":"Mushrooms","floor":12,"gold_loss":0},{"damage_healed":0,"gold_gain":180,"player_choice":"CARD CARD GOLD CARD GOLD ","damage_taken":48,"max_hp_gain":0,"max_hp_loss":0,"event_name":"Knowing Skull","floor":20,"potions_obtained":[],"gold_loss":0,"cards_obtained":["PanicButton","Enlightenment","Deep Breath"]},{"damage_healed":0,"gold_gain":0,"player_choice":"Read","damage_taken":0,"max_hp_gain":0,"max_hp_loss":0,"event_name":"The Library","floor":22,"gold_loss":0,"cards_obtained":["Limit Break"]},{"damage_healed":0,"gold_gain":0,"player_choice":"Fought Bandits","damage_taken":0,"max_hp_gain":0,"max_hp_loss":0,"event_name":"Masked Bandits","floor":25,"gold_loss":0},{"damage_healed":0,"gold_gain":0,"player_choice":"Memory 3","damage_taken":10,"max_hp_gain":0,"max_hp_loss":0,"event_name":"SensoryStone","floor":39,"gold_loss":0},{"damage_healed":0,"gold_gain":222,"player_choice":"Wore Mask","damage_taken":0,"max_hp_gain":0,"max_hp_loss":0,"event_name":"Tomb of Lord Red Mask","floor":44,"gold_loss":0},{"cards_removed":["Whirlwind"],"damage_healed":0,"gold_gain":0,"player_choice":"Removed Attack","damage_taken":0,"max_hp_gain":0,"max_hp_loss":0,"event_name":"Falling","floor":45,"gold_loss":0},{"damage_healed":0,"gold_gain":0,"player_choice":"Fight","damage_taken":0,"max_hp_gain":0,"max_hp_loss":0,"event_name":"Mysterious Sphere","floor":46,"gold_loss":0}],"is_beta":false,"boss_relics":[{"not_picked":["Black Blood","Runic Dome"],"picked":"Orrery"},{"not_picked":["Cursed Key","Tiny House"],"picked":"Lizard Tail"}],"items_purged_floors":[],"is_endless":false,"potions_floor_spawned":[4,5,11,14,16,19,28,29,31,33,37,38,46,48],"ascension_level":0}