{"gold_per_floor":[115,115,135,151,163,163,188,208,208,208,220,231,231,244,244,341,341,356,271,281,26,26,26,41,41],"floor_reached":25,"playtime":4043,"items_purged":[],"score":207,"play_id":"520b66be-17fd-4a58-91e8-9740cee6a848","local_time":"20190504011252","is_ascension_mode":false,"campfire_choices":[{"data":"Defend_G","floor":6,"key":"SMITH"},{"floor":13,"key":"REST"},{"floor":15,"key":"REST"},{"floor":23,"key":"REST"}],"neow_cost":"NONE","seed_source_timestamp":1956001946015000,"circlet_count":0,"master_deck":["Defend_G+1","Defend_G+1","Defend_G","Defend_G","Defend_G","Strike_G","Strike_G","Strike_G","Strike_G","Survivor","Neutralize","Backflip","Outmaneuver","Quick Slash","Deflect","Deadly Poison","Blur","Dagger Throw","Venomology","Phantasmal Killer","Predator+1","Deflect+1","Leg Sweep"],"relics":["Ring of the Snake","Letter Opener","Bag of Preparation","Empty Cage","Potion Belt","Meat on the Bone"],"potions_floor_usage":[7,7,7,16,16,24,25,25,25,25,25],"damage_taken":[{"damage":6,"enemies":"Jaw Worm","floor":1,"turns":8},{"damage":0,"enemies":"Small Slimes","floor":3,"turns":5},{"damage":0,"enemies":"Cultist","floor":4,"turns":4},{"damage":2,"enemies":"Blue Slaver","floor":5,"turns":5},{"damage":22,"enemies":"Lagavulin","floor":7,"turns":14},{"damage":3,"enemies":"3 Louse","floor":8,"turns":5},{"damage":5,"enemies":"2 Fungi Beasts","floor":11,"turns":4},{"damage":0,"enemies":"Looter","floor":12,"turns":4},{"damage":2,"enemies":"Large Slime","floor":14,"turns":8},{"damage":23,"enemies":"Hexaghost","floor":16,"turns":13},{"damage":14,"enemies":"3 Byrds","floor":18,"turns":7},{"damage":19,"enemies":"Chosen","floor":20,"turns":5},{"damage":57,"enemies":"3 Cultists","floor":24,"turns":9},{"damage":16,"enemies":"Cultist and Chosen","floor":25,"turns":8}],"seed_played":"-469309052558718552","potions_obtained":[{"floor":0,"key":"EssenceOfSteel"},{"floor":0,"key":"GhostInAJar"},{"floor":0,"key":"SteroidPotion"},{"floor":7,"key":"Energy Potion"},{"floor":14,"key":"SkillPotion"},{"floor":16,"key":"SkillPotion"}],"is_trial":false,"path_per_floor":["M","?","M","M","M","R","E","M","T","?","M","M","R","M","R","B",null,"M","?","M","$","?","R","M","M"],"character_chosen":"THE_SILENT","items_purchased":["Meat on the Bone"],"campfire_rested":3,"item_purchase_floors":[21],"current_hp_per_floor":[64,64,64,64,62,62,40,37,37,37,32,32,53,51,70,47,70,56,56,37,37,37,58,13,0],"gold":41,"neow_bonus":"THREE_SMALL_POTIONS","is_prod":false,"is_daily":false,"chose_seed":false,"campfire_upgraded":1,"win_rate":0.0,"timestamp":1556946772,"path_taken":["M","?","M","M","M","R","E","M","T","?","M","M","R","M","R","BOSS","M","?","M","$","?","R","M","?"],"build_version":"2019-01-23","purchased_purges":0,"victory":false,"max_hp_per_floor":[70,70,70,70,70,70,70,70,70,70,70,70,70,70,70,70,70,70,70,70,70,70,70,70,70],"card_choices":[{"not_picked":["Dagger Spray","Calculated Gamble"],"picked":"Backflip","floor":1},{"not_picked":["Acrobatics","Escape Plan"],"picked":"Outmaneuver","floor":3},{"not_picked":["Underhanded Strike","Dodge and Roll"],"picked":"Quick Slash","floor":4},{"not_picked":["Outmaneuver","Sucker Punch"],"picked":"Deflect","floor":5},{"not_picked":["Quick Slash","Skewer"],"picked":"Deadly Poison","floor":7},{"not_picked":["Flying Knee","Leg Sweep"],"picked":"Blur","floor":8},{"not_picked":["Bane","Riddle With Holes"],"picked":"Dagger Throw","floor":11},{"not_picked":["Bouncing Flask","Acrobatics"],"picked":"Prepared","floor":12},{"not_picked":["Heel Hook","Backflip"],"picked":"Venomology","floor":14},{"not_picked":["Envenom","Venomology"],"picked":"Phantasmal Killer","floor":16},{"not_picked":["Outmaneuver+1","Slice"],"picked":"Predator+1","floor":18},{"not_picked":["Deadly Poison","Finisher"],"picked":"Deflect+1","floor":20},{"not_picked":["Caltrops","Dagger Spray"],"picked":"Leg Sweep","floor":24}],"player_experience":45267,"relics_obtained":[{"floor":7,"key":"Letter Opener"},{"floor":9,"key":"Bag of Preparation"}],"event_choices":[{"damage_healed":0,"gold_gain":0,"player_choice":"Ignored","damage_taken":0,"max_hp_gain":0,"max_hp_loss":0,"event_name":"Liars Game","floor":2,"gold_loss":0},{"damage_healed":0,"gold_gain":0,"player_choice":"Grow","damage_taken":0,"max_hp_gain":0,"max_hp_loss":0,"event_name":"Living Wall","floor":10,"gold_loss":0,"cards_upgraded":["Defend_G"]},{"damage_healed":0,"gold_gain":0,"player_choice":"Obtained Relic","damage_taken":0,"relics_obtained":["Potion Belt"],"max_hp_gain":0,"max_hp_loss":0,"event_name":"Addict","floor":19,"gold_loss":85},{"damage_healed":0,"gold_gain":0,"player_choice":"Ignored","damage_taken":0,"max_hp_gain":0,"max_hp_loss":0,"event_name":"NoteForYourself","floor":22,"gold_loss":0}],"is_beta":false,"boss_relics":[{"not_picked":["Snecko Eye","Ectoplasm"],"picked":"Empty Cage"}],"items_purged_floors":[],"is_endless":false,"potions_floor_spawned":[3,7,14,16],"killed_by":"Cultist and Chosen","ascension_level":0}