{"gold_per_floor":[118,131,142,142,142,142,160,182,207,222,234,234,296,310,310,415,415,427,444,457,457,457],"floor_reached":22,"playtime":1309,"items_purged":[],"score":180,"play_id":"7b72a08c-6a56-4636-94da-7ff38446f9a1","local_time":"20181129234340","is_ascension_mode":false,"campfire_choices":[{"data":"Pommel Strike","floor":6,"key":"SMITH"},{"data":"Pummel","floor":12,"key":"SMITH"},{"data":"Whirlwind","floor":15,"key":"SMITH"}],"neow_cost":"NONE","seed_source_timestamp":1255626838717479,"circlet_count":0,"master_deck":["Strike_R","Strike_R","Strike_R","Defend_R","Defend_R","Defend_R","Bash","Battle Trance","Shrug It Off","Pommel Strike+1","Pummel+1","Inflame","Shrug It Off","Body Slam","Whirlwind+1","Fiend Fire","Brutality+1","Offering+1","Double Tap+1","Heavy Blade+1","Armaments+1","Heavy Blade+1","Necronomicurse"],"relics":["Burning Blood","Odd Mushroom","Dream Catcher","Strawberry","Astrolabe","Necronomicon"],"potions_floor_usage":[7,8,8,10,11,11,16,16,16,20],"damage_taken":[{"damage":0,"enemies":"Small Slimes","floor":1,"turns":3},{"damage":9,"enemies":"2 Louse","floor":2,"turns":2},{"damage":1,"enemies":"Cultist","floor":3,"turns":3},{"damage":8,"enemies":"3 Louse","floor":7,"turns":4},{"damage":8,"enemies":"The Mushroom Lair","floor":8,"turns":6},{"damage":2,"enemies":"Exordium Thugs","floor":10,"turns":5},{"damage":12,"enemies":"2 Fungi Beasts","floor":11,"turns":4},{"damage":4,"enemies":"Gremlin Nob","floor":13,"turns":4},{"damage":0,"enemies":"3 Louse","floor":14,"turns":3},{"damage":64,"enemies":"The Guardian","floor":16,"turns":13},{"damage":26,"enemies":"2 Thieves","floor":18,"turns":3},{"damage":16,"enemies":"Shell Parasite","floor":19,"turns":5},{"damage":30,"enemies":"Snake Plant","floor":20,"turns":5}],"seed_played":"-8969708068259665323","potions_obtained":[{"floor":0,"key":"EntropicBrew"},{"floor":0,"key":"Dexterity Potion"},{"floor":0,"key":"Dexterity Potion"},{"floor":2,"key":"Energy Potion"},{"floor":7,"key":"Energy Potion"},{"floor":8,"key":"Block Potion"},{"floor":13,"key":"Strength Potion"},{"floor":14,"key":"SpeedPotion"},{"floor":16,"key":"Weak Potion"},{"floor":18,"key":"Fire Potion"},{"floor":20,"key":"BloodPotion"}],"is_trial":false,"path_per_floor":["M","M","M","?","?","R","M","?","T","M","M","R","?","M","R","B",null,"M","M","M","?","?"],"character_chosen":"IRONCLAD","items_purchased":[],"campfire_rested":0,"item_purchase_floors":[],"current_hp_per_floor":[80,77,80,80,80,80,78,76,76,80,74,74,83,87,87,29,87,67,57,33,17,0],"gold":457,"neow_bonus":"THREE_SMALL_POTIONS","is_prod":false,"is_daily":false,"chose_seed":false,"campfire_upgraded":3,"win_rate":0.0,"timestamp":1543553020,"path_taken":["M","M","M","?","?","R","M","?","T","M","M","R","?","M","R","BOSS","M","M","M","?","?"],"build_version":"2018-11-15","purchased_purges":0,"victory":false,"max_hp_per_floor":[80,80,80,80,80,80,80,80,80,80,80,80,87,87,87,87,87,87,87,87,87,92],"card_choices":[{"not_picked":["Sever Soul","Clothesline"],"picked":"Battle Trance","floor":1},{"not_picked":["Sword Boomerang","Pommel Strike"],"picked":"Shrug It Off","floor":2},{"not_picked":["Iron Wave","Entrench"],"picked":"Pommel Strike","floor":3},{"not_picked":["Wild Strike","Cleave"],"picked":"Pummel","floor":7},{"not_picked":["Blood for Blood","Intimidate"],"picked":"Inflame","floor":8},{"not_picked":["Sentinel","Pummel","Havoc"],"picked":"SKIP","floor":10},{"not_picked":["Hemokinesis","Exhume"],"picked":"Shrug It Off","floor":11},{"not_picked":["Warcry","Clothesline"],"picked":"Body Slam","floor":13},{"not_picked":["Dropkick","Clash"],"picked":"Whirlwind","floor":14},{"not_picked":["Brutality","Dark Embrace"],"picked":"Fiend Fire","floor":16},{"not_picked":["Wild Strike","Cleave"],"picked":"Heavy Blade+1","floor":18},{"not_picked":["Havoc","Warcry"],"picked":"Armaments+1","floor":19},{"not_picked":["Perfected Strike","Armaments"],"picked":"Heavy Blade+1","floor":20}],"player_experience":74342,"relics_obtained":[{"floor":8,"key":"Odd Mushroom"},{"floor":9,"key":"Dream Catcher"},{"floor":13,"key":"Strawberry"},{"floor":21,"key":"Necronomicon"}],"event_choices":[{"damage_healed":0,"gold_gain":0,"player_choice":"Leave","damage_taken":0,"max_hp_gain":0,"max_hp_loss":0,"event_name":"The Cleric","floor":4,"gold_loss":0},{"damage_healed":0,"gold_gain":0,"player_choice":"Ignored","damage_taken":0,"max_hp_gain":0,"max_hp_loss":0,"event_name":"Golden Wing","floor":5,"gold_loss":0},{"damage_healed":0,"gold_gain":0,"player_choice":"Fought Mushrooms","damage_taken":0,"max_hp_gain":0,"max_hp_loss":0,"event_name":"Mushrooms","floor":8,"gold_loss":0},{"damage_healed":0,"gold_gain":0,"player_choice":"Searched \u00271\u0027 times","damage_taken":0,"max_hp_gain":0,"max_hp_loss":0,"event_name":"Dead Adventurer","floor":13,"gold_loss":0},{"damage_healed":0,"gold_gain":0,"player_choice":"Obtained Book","damage_taken":16,"max_hp_gain":0,"max_hp_loss":0,"event_name":"Cursed Tome","floor":21,"gold_loss":0}],"is_beta":false,"boss_relics":[{"not_picked":["Runic Cube","Lizard Tail"],"picked":"Astrolabe"}],"items_purged_floors":[],"is_endless":false,"potions_floor_spawned":[2,7,8,13,14,16,18,20],"ascension_level":0}