{"gold_per_floor":[12,12,28,78,91,91,124,124,124,124,143,162,162,162,162,267,267,284,302,6,6,21,21,41,41,94,120,136,136,19,19],"floor_reached":31,"playtime":1147,"items_purged":["Strike_B"],"score":293,"play_id":"3eb57810-6abd-49d6-b87f-cf13199763ce","local_time":"20180802193934","is_ascension_mode":true,"campfire_choices":[{"data":"Fission","floor":6,"key":"SMITH"},{"data":"Fusion","floor":8,"key":"SMITH"},{"data":"Zap","floor":10,"key":"SMITH"},{"floor":15,"key":"REST"},{"floor":23,"key":"REST"},{"data":"Loop","floor":25,"key":"SMITH"}],"neow_cost":"NO_GOLD","seed_source_timestamp":7278966905467,"circlet_count":0,"master_deck":["Defend_B","Defend_B","Defend_B","Zap+1","Dualcast","Fusion+1","Electrodynamics","Cold Snap","Fission+1","Conserve Battery","Amplify","Go for the Eyes+1","Streamline","Rainbow","Steam","Stack+1","Echo Form","Cold Snap","Rainbow","Tempest+1","Loop+1","Redo+1","Core Surge","Heatsinks"],"relics":["Cracked Core","Potion Belt","Bird Faced Urn","Dodecahedron","Runic Dome","Blood Vial","Bag of Preparation"],"potions_floor_usage":[7,16,27,27,31,31],"damage_taken":[{"damage":1,"enemies":"Cultist","floor":1,"turns":3},{"damage":7,"enemies":"Jaw Worm","floor":3,"turns":3},{"damage":0,"enemies":"2 Louse","floor":5,"turns":1},{"damage":27,"enemies":"Gremlin Nob","floor":7,"turns":4},{"damage":17,"enemies":"Exordium Wildlife","floor":11,"turns":3},{"damage":3,"enemies":"Looter","floor":12,"turns":3},{"damage":31,"enemies":"The Guardian","floor":16,"turns":11},{"damage":26,"enemies":"Shell Parasite","floor":18,"turns":6},{"damage":18,"enemies":"Spheric Guardian","floor":19,"turns":4},{"damage":25,"enemies":"Slaver and Parasite","floor":22,"turns":6},{"damage":9,"enemies":"Centurion and Healer","floor":24,"turns":4},{"damage":27,"enemies":"Slavers","floor":27,"turns":2},{"damage":17,"enemies":"Snecko","floor":28,"turns":6},{"damage":10,"enemies":"Slaver and Parasite","floor":31,"turns":1}],"seed_played":"-8267566933667841876","potions_obtained":[{"floor":5,"key":"Weak Potion"},{"floor":11,"key":"SteroidPotion"},{"floor":12,"key":"GamblersBrew"},{"floor":18,"key":"Fire Potion"},{"floor":19,"key":"Ancient Potion"},{"floor":24,"key":"Swift Potion"}],"is_trial":false,"path_per_floor":["M","?","M","T","M","R","E","R","T","R","M","M","?","?","R","B",null,"M","M","$","?","M","R","M","R","T","E","M","?","$"],"character_chosen":"DEFECT","items_purchased":["Echo Form","Cold Snap","SpeedPotion","Heatsinks","Weak Potion"],"campfire_rested":2,"item_purchase_floors":[20,20,20,30,30],"current_hp_per_floor":[74,74,67,67,67,67,40,40,40,40,25,24,17,17,39,10,75,49,33,33,33,14,36,33,33,33,12,3,3,3,0],"gold":19,"neow_bonus":"TRANSFORM_TWO_CARDS","is_prod":false,"is_daily":false,"chose_seed":false,"campfire_upgraded":4,"win_rate":0,"timestamp":1533249574,"path_taken":["M","?","M","?","M","R","E","R","T","R","M","M","?","?","R","BOSS","M","?","?","?","M","R","M","R","T","E","?","?","$","?"],"build_version":"2018-07-12","purchased_purges":1,"victory":false,"max_hp_per_floor":[75,75,75,75,75,75,75,75,75,75,75,75,75,75,75,75,75,75,75,75,75,75,75,75,75,75,75,75,75,75,75],"card_choices":[{"not_picked":["Rebound","Stack"],"picked":"Cold Snap","floor":1},{"not_picked":["Force Field","Gash"],"picked":"Fission","floor":3},{"not_picked":["Compile Driver","Auto Shields"],"picked":"Conserve Battery","floor":5},{"not_picked":["Darkness","Fusion"],"picked":"Amplify","floor":7},{"not_picked":["Steam Power","Gash"],"picked":"Go for the Eyes","floor":11},{"not_picked":["Redo","Coolheaded"],"picked":"Streamline","floor":12},{"not_picked":["Electrodynamics","Fission"],"picked":"Rainbow","floor":16},{"not_picked":["Beam Cell","Reprogram"],"picked":"Steam","floor":18},{"not_picked":["Gash+1","Heatsinks"],"picked":"Stack+1","floor":19},{"not_picked":["Streamline+1","Stack"],"picked":"Tempest+1","floor":22},{"not_picked":["Beam Cell+1","Force Field+1"],"picked":"Loop","floor":24},{"not_picked":["Leap","Compile Driver"],"picked":"Redo+1","floor":27},{"not_picked":["Gash+1","Ball Lightning"],"picked":"Core Surge","floor":28}],"player_experience":421770,"relics_obtained":[{"floor":4,"key":"Potion Belt"},{"floor":7,"key":"Bird Faced Urn"},{"floor":9,"key":"Dodecahedron"},{"floor":26,"key":"Blood Vial"},{"floor":27,"key":"Bag of Preparation"}],"event_choices":[{"event_name":"Golden Idol","player_choice":"Ignored","floor":2,"damage_taken":0},{"event_name":"Golden Wing","player_choice":"Card Removal","floor":13,"damage_taken":0},{"event_name":"Living Wall","player_choice":"Grow","floor":14,"damage_taken":0},{"event_name":"Duplicator","player_choice":"One dupe","floor":21,"damage_taken":0},{"event_name":"Purifier","player_choice":"One Purge","floor":29,"damage_taken":0}],"boss_relics":[{"not_picked":["Lizard Tail","Fusion Hammer"],"picked":"Runic Dome"}],"items_purged_floors":[20],"is_endless":false,"potions_floor_spawned":[5,11,12,18,19,24],"killed_by":"Slaver and Parasite","ascension_level":3}