{"gold_per_floor":[118,118,132,132,147,147,177,21,21,40,58,83,83,95,95,95],"floor_reached":16,"playtime":496,"items_purged":[],"score":196,"play_id":"60ff72a9-96c6-435a-b99b-c690e44b4812","local_time":"20180916144155","is_ascension_mode":true,"campfire_choices":[{"data":"Go for the Eyes","floor":6,"key":"SMITH"},{"data":"Defragment","floor":13,"key":"SMITH"},{"data":"Zap","floor":15,"key":"SMITH"}],"neow_cost":"NONE","seed_source_timestamp":612097006096554,"circlet_count":0,"master_deck":["Strike_B","Strike_B","Strike_B","Strike_B","Defend_B","Defend_B","Defend_B","Defend_B","Zap+1","Dualcast","AscendersBane","Self Repair","Go for the Eyes+1","Leap","All For One","Leap","Defragment+1","Cold Snap"],"special_seed":0,"relics":["Cracked Core","Letter Opener","Ornamental Fan","Blue Candle"],"potions_floor_usage":[7,7,7,7,12,16,16],"damage_taken":[{"damage":0.0,"enemies":"2 Louse","floor":1.0,"turns":2.0},{"damage":5,"enemies":"Cultist","floor":3,"turns":4},{"damage":7,"enemies":"Jaw Worm","floor":5,"turns":3},{"damage":27,"enemies":"Lagavulin","floor":7,"turns":8},{"damage":11,"enemies":"Lots of Slimes","floor":10,"turns":6},{"damage":9,"enemies":"3 Louse","floor":11,"turns":5},{"damage":21,"enemies":"Gremlin Nob","floor":12,"turns":4},{"damage":8,"enemies":"Exordium Wildlife","floor":14,"turns":4},{"damage":27,"enemies":"Slime Boss","floor":16,"turns":9}],"seed_played":"-9182596635288046776","potions_obtained":[{"floor":7,"key":"Strength Potion"},{"floor":10,"key":"Regen Potion"},{"floor":12,"key":"AttackPotion"}],"is_trial":false,"path_per_floor":["M","?","M","?","M","R","E","$","T","M","M","E","R","M","R"],"character_chosen":"DEFECT","items_purchased":["All For One"],"campfire_rested":0,"item_purchase_floors":[8],"current_hp_per_floor":[64,64,59,52,52,52,47,47,47,43,41,20,20,12,12,0],"gold":95,"neow_bonus":"THREE_SMALL_POTIONS","is_prod":false,"is_daily":false,"chose_seed":false,"campfire_upgraded":3,"win_rate":0,"timestamp":1537119715,"path_taken":["M","?","M","?","M","R","E","?","T","M","M","E","R","?","R","BOSS"],"build_version":"2018-07-12","purchased_purges":0,"victory":false,"max_hp_per_floor":[71,71,71,71,71,71,71,71,71,71,71,71,71,71,71,71],"card_choices":[{"not_picked":["Hologram","Rebound","Redo"],"picked":"SKIP","floor":1.0},{"not_picked":["Steam","Compile Driver"],"picked":"Self Repair","floor":3},{"not_picked":["Aggregate","Coolheaded"],"picked":"Go for the Eyes","floor":5},{"not_picked":["Genetic Algorithm","Heatsinks"],"picked":"Leap","floor":7},{"not_picked":["Redo","Reboot","Go for the Eyes"],"picked":"SKIP","floor":10},{"not_picked":["Chaos","Reinforced Body","Leap"],"picked":"SKIP","floor":11},{"not_picked":["Chaos","Reinforced Body","Leap"],"picked":"SKIP","floor":11},{"not_picked":["Chaos","Reinforced Body"],"picked":"Leap","floor":11},{"not_picked":["Melter","Leap"],"picked":"Defragment","floor":12},{"not_picked":["Beam Cell","Sweeping Beam"],"picked":"Cold Snap","floor":14}],"player_experience":842023,"relics_obtained":[{"floor":7,"key":"Letter Opener"},{"floor":9,"key":"Ornamental Fan"},{"floor":12,"key":"Blue Candle"}],"event_choices":[{"event_name":"Wheel of Change","player_choice":"Curse","floor":2,"damage_taken":0},{"event_name":"Golden Wing","player_choice":"Card Removal","floor":4,"damage_taken":0}],"boss_relics":[],"items_purged_floors":[],"is_endless":false,"potions_floor_spawned":[7,10,12],"killed_by":"Slime Boss","ascension_level":15}