{"gold_per_floor":[114,130,143,143,153,187,187,204,204,218,238,238,268,26,26,101,101,120,120,12,27,27,52,52,70,118,118,118,118,129,155,155,155],"floor_reached":33,"playtime":1225,"items_purged":[],"score":545,"play_id":"9f79f44b-2d02-4ab0-8a42-b2cec39a445f","local_time":"20180909171029","is_ascension_mode":true,"campfire_choices":[{"floor":7,"key":"REST"},{"floor":12,"key":"REST"},{"data":"Dualcast","floor":15,"key":"SMITH"},{"data":"Barrage","floor":24,"key":"SMITH"},{"data":"Echo Form","floor":27,"key":"SMITH"},{"data":"Glacier","floor":29,"key":"SMITH"},{"data":"Biased Cognition","floor":32,"key":"SMITH"}],"neow_cost":"NONE","seed_source_timestamp":15545371193156,"circlet_count":0,"master_deck":["Defend_B+1","Defend_B+1","Defend_B+1","Zap+1","Dualcast+1","AscendersBane","Cold Snap","Ball Lightning","Leap","Melter","Conserve Battery","Glacier+1","Steam","Echo Form+1","Bite","Bite","Bite","Bite","Bite","Auto Shields","Self Repair","White Noise+1","Barrage+1","FTL","Go for the Eyes","Biased Cognition+1"],"relics":["Cracked Core","Lantern","Bag of Marbles","Anchor","Runic Capacitor","Nuclear Battery","Darkstone Periapt","Blood Vial","Omamori"],"potions_floor_usage":[6,23,31],"damage_taken":[{"damage":2,"enemies":"Jaw Worm","floor":1,"turns":3},{"damage":0,"enemies":"Cultist","floor":2,"turns":3},{"damage":0,"enemies":"2 Louse","floor":3,"turns":2},{"damage":12,"enemies":"Red Slaver","floor":5,"turns":3},{"damage":21,"enemies":"Gremlin Nob","floor":6,"turns":4},{"damage":11,"enemies":"Blue Slaver","floor":8,"turns":3},{"damage":0,"enemies":"Exordium Wildlife","floor":10,"turns":2},{"damage":0,"enemies":"Red Slaver","floor":11,"turns":2},{"damage":11,"enemies":"3 Sentries","floor":13,"turns":7},{"damage":12,"enemies":"The Guardian","floor":16,"turns":12},{"damage":12,"enemies":"2 Thieves","floor":18,"turns":4},{"damage":0,"enemies":"Spheric Guardian","floor":21,"turns":1},{"damage":20,"enemies":"Gremlin Leader","floor":23,"turns":9},{"damage":12,"enemies":"Snecko","floor":25,"turns":5},{"damage":23,"enemies":"Cultist and Chosen","floor":30,"turns":7},{"damage":1,"enemies":"Slavers","floor":31,"turns":3},{"damage":69,"enemies":"Automaton","floor":33,"turns":10}],"seed_played":"-4852896480862987127","potions_obtained":[{"floor":1,"key":"AttackPotion"},{"floor":5,"key":"SkillPotion"},{"floor":8,"key":"Fire Potion"},{"floor":13,"key":"LiquidBronze"},{"floor":23,"key":"AttackPotion"}],"is_trial":false,"path_per_floor":["M","M","M","?","M","E","R","M","T","M","M","R","E","$","R","B",null,"M","?","$","M","?","E","R","M","T","R","?","R","M","E","R"],"character_chosen":"DEFECT","items_purchased":["Runic Capacitor","Steam","Auto Shields","Self Repair"],"campfire_rested":2,"item_purchase_floors":[14,14,20,20],"current_hp_per_floor":[62,62,62,62,50,29,50,39,39,39,39,60,49,49,49,37,63,51,49,49,49,49,49,49,49,49,49,49,49,49,49,49,0],"gold":155,"neow_bonus":"UPGRADE_CARD","is_prod":false,"is_daily":false,"chose_seed":false,"campfire_upgraded":5,"win_rate":0,"timestamp":1536523829,"path_taken":["M","M","M","?","M","E","R","M","T","M","M","R","E","$","R","BOSS","M","?","$","M","?","E","R","M","T","R","?","R","M","E","R","BOSS"],"build_version":"2018-07-12","purchased_purges":0,"victory":false,"max_hp_per_floor":[71,71,71,71,71,71,71,71,71,71,71,71,71,71,71,71,71,71,49,49,49,49,49,49,49,49,49,49,49,49,49,49,49],"card_choices":[{"not_picked":["Skim","Barrage"],"picked":"Cold Snap","floor":1},{"not_picked":["Scrape","Coolheaded","Sweeping Beam"],"picked":"SKIP","floor":2},{"not_picked":["Tempest","Scrape","Coolheaded"],"picked":"SKIP","floor":3},{"not_picked":["Reinforced Body","Sweeping Beam"],"picked":"Ball Lightning","floor":5},{"not_picked":["Reprogram","Stack"],"picked":"Leap","floor":6},{"not_picked":["Leap","Compile Driver"],"picked":"Melter","floor":8},{"not_picked":["Heatsinks","Hologram"],"picked":"Conserve Battery","floor":10},{"not_picked":["Fusion","Darkness","Creative AI"],"picked":"SKIP","floor":11},{"not_picked":["Storm","Conserve Battery"],"picked":"Glacier","floor":13},{"not_picked":["Buffer","Multi-Cast"],"picked":"Echo Form","floor":16},{"not_picked":["Sweeping Beam","Melter","Fusion"],"picked":"SKIP","floor":18},{"not_picked":["Ball Lightning","Rip and Tear"],"picked":"White Noise+1","floor":21},{"not_picked":["Tempest","Aggregate"],"picked":"Barrage","floor":23},{"not_picked":["Sweeping Beam","Undo"],"picked":"FTL","floor":25},{"not_picked":["Compile Driver","Turbo+1","Go for the Eyes"],"picked":"SKIP","floor":30},{"not_picked":["Compile Driver","Turbo+1"],"picked":"Go for the Eyes","floor":30},{"not_picked":["Streamline","Coolheaded"],"picked":"Biased Cognition","floor":31}],"player_experience":829851,"relics_obtained":[{"floor":6,"key":"Lantern"},{"floor":9,"key":"Bag of Marbles"},{"floor":13,"key":"Anchor"},{"floor":23,"key":"Darkstone Periapt"},{"floor":26,"key":"Blood Vial"},{"floor":31,"key":"Omamori"}],"event_choices":[{"event_name":"Purifier","player_choice":"One Purge","floor":4,"damage_taken":0},{"event_name":"Vampires","player_choice":"Became a vampire","floor":19,"damage_taken":0},{"event_name":"Drug Dealer","player_choice":"Ignored","floor":22,"damage_taken":0},{"event_name":"Back to Basics","player_choice":"Simplicity","floor":28,"damage_taken":0}],"boss_relics":[{"not_picked":["Coffee Dripper","Snecko Eye"],"picked":"Nuclear Battery"}],"items_purged_floors":[],"is_endless":false,"potions_floor_spawned":[1,5,8,13,16,18,23],"killed_by":"Automaton","ascension_level":15}