{"path_per_floor":["M","M","$","?","M","E","M","R","T","R","E","R","?","E","R","B",null,"M","?","$","M","?","E","R"],"character_chosen":"DEFECT","items_purchased":["Gash","Hologram","Gash+1"],"gold_per_floor":[113,127,27,27,43,79,102,102,102,102,145,145,145,181,181,301,301,321,321,223,238,238,276,276,276],"floor_reached":25,"campfire_rested":3,"playtime":1081,"item_purchase_floors":[3,3,20],"current_hp_per_floor":[75,72,72,54,53,27,24,24,24,46,36,36,33,28,50,15,75,75,75,75,45,45,7,29,0],"items_purged":["Meteor Strike+1"],"gold":276,"score":273,"play_id":"1c15cf6a-500d-400d-bd62-37e147c30918","local_time":"20180609045820","is_prod":false,"is_daily":false,"chose_seed":false,"is_ascension_mode":true,"campfire_upgraded":2,"win_rate":0,"timestamp":1528538300,"campfire_choices":[{"data":"Zap","floor":8,"key":"SMITH"},{"floor":10,"key":"REST"},{"data":"Hologram","floor":12,"key":"SMITH"},{"floor":15,"key":"REST"},{"floor":24,"key":"REST"}],"path_taken":["M","M","$","?","M","E","M","R","T","R","E","R","?","E","R","BOSS","M","?","$","M","?","E","R","E"],"build_version":"2018-06-08","seed_source_timestamp":1687902774556,"purchased_purges":1,"victory":false,"master_deck":["Strike_B","Strike_B","Strike_B","Defend_B","Defend_B","Zap+1","Dualcast","Gash","Hologram+1","Scrape","Hologram","Go for the Eyes+1","Redo+1","Thunder Strike+1","Reprogram","Gash+1"],"max_hp_per_floor":[75,75,75,75,75,75,75,75,75,75,75,75,75,75,75,75,75,75,75,75,75,75,75,75,75],"relics":["Cracked Core","Golden Idol","Question Card","Molten Egg 2","Pen Nib","Lantern","Smiling Mask","Astrolabe","Bird Faced Urn","Frozen Egg 2"],"card_choices":[{"not_picked":["Leap","Self Repair","Rip and Tear"],"picked":"SKIP","floor":1},{"not_picked":["Barrage","Cold Snap","Sweeping Beam"],"picked":"SKIP","floor":2},{"not_picked":["Compile Driver","Ball Lightning","Genetic Algorithm"],"picked":"SKIP","floor":5},{"not_picked":["Cold Snap","Lockon","Aggregate"],"picked":"SKIP","floor":6},{"not_picked":["Sweeping Beam","Glacier","Doom and Gloom"],"picked":"Scrape","floor":7},{"not_picked":["Multi-Cast","Seek","Auto Shields"],"picked":"Hologram","floor":11},{"not_picked":["Leap","Lockon+1","Core Surge+1"],"picked":"Go for the Eyes+1","floor":14},{"not_picked":["Hologram","Leap","Sweeping Beam+1"],"picked":"Reprogram","floor":18},{"not_picked":["Leap+1","Stack","Ball Lightning+1","Conserve Battery"],"picked":"SKIP","floor":21},{"not_picked":["Barrage+1","Reinforced Body","Static Discharge","Steam"],"picked":"SKIP","floor":23}],"player_experience":208687,"potions_floor_usage":[6,11,14,16],"damage_taken":[{"damage":0,"enemies":"2 Louse","floor":1,"turns":1},{"damage":3,"enemies":"Small Slimes","floor":2,"turns":3},{"damage":1,"enemies":"Jaw Worm","floor":5,"turns":4},{"damage":26,"enemies":"3 Sentries","floor":6,"turns":8},{"damage":3,"enemies":"2 Fungi Beasts","floor":7,"turns":4},{"damage":10,"enemies":"Lagavulin","floor":11,"turns":5},{"damage":5,"enemies":"3 Sentries","floor":14,"turns":5},{"damage":35,"enemies":"Hexaghost","floor":16,"turns":9},{"damage":0,"enemies":"3 Byrds","floor":18,"turns":3},{"damage":30,"enemies":"Chosen","floor":21,"turns":4},{"damage":38,"enemies":"Book of Stabbing","floor":23,"turns":5},{"damage":30,"enemies":"Gremlin Leader","floor":25,"turns":4}],"relics_obtained":[{"floor":6,"key":"Question Card"},{"floor":9,"key":"Molten Egg 2"},{"floor":11,"key":"Pen Nib"},{"floor":14,"key":"Smiling Mask"},{"floor":23,"key":"Frozen Egg 2"}],"event_choices":[{"event_name":"Golden Idol","player_choice":"Take Damage","floor":4,"damage_taken":0},{"event_name":"Scrap Ooze","player_choice":"success","floor":13,"damage_taken":3},{"event_name":"The Mausoleum","player_choice":"Yes","floor":19,"damage_taken":0},{"event_name":"Ghosts","player_choice":"Ignored","floor":22,"damage_taken":0}],"boss_relics":[{"not_picked":["Snecko Eye","Calling Bell"],"picked":"Astrolabe"}],"items_purged_floors":[20],"potions_floor_spawned":[2,6,7,14,21],"seed_played":"4584680497256437050","killed_by":"Gremlin Leader","ascension_level":3,"potions_obtained":[{"floor":2,"key":"SkillPotion"},{"floor":6,"key":"SpeedPotion"},{"floor":7,"key":"Swift Potion"},{"floor":14,"key":"EssenceOfSteel"},{"floor":21,"key":"Ancient Potion"}],"is_trial":false}