{"gold_per_floor":[111,123,273,70,70,96,116,116,186,201,14,14,44,64,64,135,135,111,111,111,111],"floor_reached":21,"playtime":580,"items_purged":["Doubt"],"score":424,"play_id":"d2ec44f2-519d-4f5f-9eab-83bda8923d06","local_time":"20190515024726","is_ascension_mode":true,"campfire_choices":[{"data":"Combust","floor":8,"key":"SMITH"},{"data":"Apotheosis","floor":12,"key":"SMITH"},{"data":"Bash","floor":15,"key":"SMITH"}],"neow_cost":"NONE","seed_source_timestamp":225720428313667,"circlet_count":0,"master_deck":["AscendersBane","Strike_R","Strike_R","Strike_R","Strike_R","Strike_R","Defend_R","Defend_R","Defend_R","Defend_R","Bash+1","Combust+1","Rampage","Corruption","Havoc","Shrug It Off","Apotheosis+1","Sentinel","Impervious","Ghostly","Ghostly","Ghostly"],"relics":["Burning Blood","NeowsBlessing","Smiling Mask","Gambling Chip","Kunai","Regal Pillow","Cursed Key"],"potions_floor_usage":[6,16,16],"damage_taken":[{"damage":0,"enemies":"2 Louse","floor":1,"turns":1},{"damage":0,"enemies":"Jaw Worm","floor":2,"turns":1},{"damage":0,"enemies":"Gremlin Nob","floor":6,"turns":1},{"damage":12,"enemies":"Small Slimes","floor":7,"turns":4},{"damage":12,"enemies":"Red Slaver","floor":10,"turns":5},{"damage":31,"enemies":"3 Sentries","floor":13,"turns":4},{"damage":5,"enemies":"Exordium Wildlife","floor":14,"turns":3},{"damage":36,"enemies":"The Guardian","floor":16,"turns":13},{"damage":27,"enemies":"2 Thieves","floor":18,"turns":4},{"damage":24,"enemies":"Colosseum Slavers","floor":19,"turns":5},{"damage":20,"enemies":"Masked Bandits","floor":21,"turns":5}],"seed_played":"-7022400091629325474","potions_obtained":[{"floor":1,"key":"BloodPotion"},{"floor":10,"key":"Poison Potion"},{"floor":13,"key":"Regen Potion"}],"is_trial":false,"path_per_floor":["M","M","?","$","?","E","M","R","T","M","$","R","E","M","R","B",null,"M","?","?","?"],"character_chosen":"IRONCLAD","items_purchased":["Rampage","Corruption","Apotheosis"],"campfire_rested":0,"item_purchase_floors":[4,4,11],"current_hp_per_floor":[74,75,75,75,49,62,56,56,56,50,50,50,25,26,26,11,59,38,20,20,0],"gold":111,"neow_bonus":"THREE_ENEMY_KILL","is_prod":false,"is_daily":false,"chose_seed":false,"campfire_upgraded":3,"win_rate":0,"timestamp":1557899246,"path_taken":["M","M","?","$","?","E","M","R","T","M","$","R","E","M","R","BOSS","M","?","?","?"],"build_version":"2019-01-23","purchased_purges":1,"victory":false,"max_hp_per_floor":[75,75,75,75,75,75,75,75,75,75,75,75,75,75,75,75,75,75,75,37,37],"card_choices":[{"not_picked":["Blood for Blood","True Grit","Perfected Strike"],"picked":"SKIP","floor":1},{"not_picked":["Clash","Sever Soul"],"picked":"Combust","floor":2},{"not_picked":["Heavy Blade","Havoc","Sword Boomerang"],"picked":"SKIP","floor":6},{"not_picked":["Heavy Blade","Sword Boomerang"],"picked":"Havoc","floor":6},{"not_picked":["Clothesline","Heavy Blade"],"picked":"Shrug It Off","floor":7},{"not_picked":["Perfected Strike","Heavy Blade","Juggernaut"],"picked":"SKIP","floor":10},{"not_picked":["Clash","Bloodletting","Blood for Blood"],"picked":"SKIP","floor":13},{"not_picked":["Cleave","Anger"],"picked":"Sentinel","floor":14},{"not_picked":["Brutality","Demon Form"],"picked":"Impervious","floor":16},{"not_picked":["Armaments","Entrench","Wild Strike+1"],"picked":"SKIP","floor":18}],"player_experience":2329433,"relics_obtained":[{"floor":6,"key":"Gambling Chip"},{"floor":9,"key":"Kunai"},{"floor":13,"key":"Regal Pillow"}],"event_choices":[{"damage_healed":0,"gold_gain":150,"player_choice":"AGREE","damage_taken":0,"max_hp_gain":0,"max_hp_loss":0,"event_name":"Liars Game","floor":3,"gold_loss":0,"cards_obtained":["Doubt"]},{"damage_healed":0,"gold_gain":0,"player_choice":"Success","damage_taken":26,"relics_obtained":["Smiling Mask"],"max_hp_gain":0,"max_hp_loss":0,"event_name":"Scrap Ooze","floor":5,"gold_loss":0},{"damage_healed":0,"gold_gain":0,"player_choice":"Fight","damage_taken":0,"max_hp_gain":0,"max_hp_loss":0,"event_name":"Colosseum","floor":19,"gold_loss":0},{"damage_healed":0,"gold_gain":0,"player_choice":"Fled From Nobs","damage_taken":0,"max_hp_gain":0,"max_hp_loss":0,"event_name":"Colosseum","floor":19,"gold_loss":0},{"damage_healed":0,"gold_gain":0,"player_choice":"Became a Ghost","damage_taken":0,"max_hp_gain":0,"max_hp_loss":38,"event_name":"Ghosts","floor":20,"gold_loss":0,"cards_obtained":["Ghostly","Ghostly","Ghostly"]},{"damage_healed":0,"gold_gain":0,"player_choice":"Fought Bandits","damage_taken":0,"max_hp_gain":0,"max_hp_loss":0,"event_name":"Masked Bandits","floor":21,"gold_loss":0}],"is_beta":false,"boss_relics":[{"not_picked":["Velvet Choker","Pandora\u0027s Box"],"picked":"Cursed Key"}],"items_purged_floors":[4],"is_endless":false,"potions_floor_spawned":[1,10,13,19],"killed_by":"Masked Bandits","ascension_level":20}