{"gold_per_floor":[211,222,222,240,253,253,287,287,287,146,67,67,83,258,258,355,355,372,384,384,384,414,414,190,190,190,190,220,69,69,79,79,175,175,192,203,303,303,303,303,333,344,344,344],"floor_reached":44,"playtime":2648,"items_purged":["Doubt"],"score":843,"play_id":"c6a93516-b8ed-43c4-8ea7-b377b655d7b9","local_time":"20190514153138","is_ascension_mode":true,"campfire_choices":[{"data":"Zap","floor":6,"key":"SMITH"},{"floor":8,"key":"REST"},{"floor":12,"key":"REST"},{"data":"Consume","floor":15,"key":"SMITH"},{"floor":23,"key":"REST"},{"data":"Creative AI","floor":27,"key":"SMITH"},{"floor":30,"key":"REST"},{"floor":32,"key":"REST"},{"data":"Fission","floor":40,"key":"SMITH"}],"neow_cost":"NONE","seed_source_timestamp":837820255641200,"circlet_count":0,"master_deck":["AscendersBane","Strike_B+1","Strike_B+1","Strike_B+1","Defend_B+1","Defend_B+1","Defend_B+1","Zap+1","Dualcast","Chill","Reinforced Body","White Noise+1","Consume+1","Undo","Self Repair","Loop","Machine Learning","Creative AI+1","Cold Snap","Cold Snap+1","Loop","Double Energy","Fission+1","Rainbow","Core Surge","Aggregate+1","Turbo","Madness+1","Madness","Core Surge","Parasite"],"relics":["Cracked Core","Juzu Bracelet","Mummified Hand","Runic Pyramid","Nloth\u0027s Gift","Red Mask","Blood Vial","Lantern","Mercury Hourglass","Philosopher\u0027s Stone","FossilizedHelix","War Paint","Symbiotic Virus"],"potions_floor_usage":[5,7,7,22,41,41],"damage_taken":[{"damage":0,"enemies":"2 Louse","floor":1,"turns":1},{"damage":0,"enemies":"Cultist","floor":2,"turns":4},{"damage":7,"enemies":"Jaw Worm","floor":4,"turns":3},{"damage":0,"enemies":"Exordium Thugs","floor":5,"turns":5},{"damage":60,"enemies":"Gremlin Nob","floor":7,"turns":6},{"damage":12,"enemies":"3 Louse","floor":13,"turns":3},{"damage":32,"enemies":"Hexaghost","floor":16,"turns":9},{"damage":11,"enemies":"Shell Parasite","floor":18,"turns":6},{"damage":4,"enemies":"Spheric Guardian","floor":19,"turns":6},{"damage":37,"enemies":"Masked Bandits","floor":22,"turns":6},{"damage":39,"enemies":"Book of Stabbing","floor":28,"turns":9},{"damage":26,"enemies":"Shelled Parasite and Fungi","floor":31,"turns":7},{"damage":0,"enemies":"Champ","floor":33,"turns":12},{"damage":4,"enemies":"3 Shapes","floor":35,"turns":5},{"damage":5,"enemies":"3 Darklings","floor":36,"turns":6},{"damage":0,"enemies":"Mind Bloom Boss Battle","floor":37,"turns":7},{"damage":73,"enemies":"Reptomancer","floor":41,"turns":8},{"damage":4,"enemies":"Writhing Mass","floor":42,"turns":7},{"damage":39,"enemies":"4 Shapes","floor":44,"turns":3}],"seed_played":"3928344107584570883","potions_obtained":[{"floor":1,"key":"SpeedPotion"},{"floor":4,"key":"Strength Potion"},{"floor":5,"key":"LiquidBronze"},{"floor":16,"key":"EssenceOfSteel"},{"floor":22,"key":"GamblersBrew"},{"floor":33,"key":"Dexterity Potion"}],"is_trial":false,"path_per_floor":["M","M","?","M","M","R","E","R","T","?","$","R","M","?","R","B",null,"M","M","?","?","?","R","$","?","T","R","E","$","R","M","R","B",null,"M","M","?","?","?","R","E","M","T","M"],"character_chosen":"DEFECT","items_purchased":["Loop","Blood Vial","Fission"],"campfire_rested":5,"item_purchase_floors":[11,24,29],"current_hp_per_floor":[68,68,68,61,61,61,8,32,32,32,32,56,51,51,51,26,68,64,67,67,67,37,61,61,61,61,61,31,31,55,38,62,71,79,82,82,82,72,72,72,8,13,13,0],"gold":344,"neow_bonus":"HUNDRED_GOLD","is_prod":false,"is_daily":false,"chose_seed":false,"campfire_upgraded":4,"win_rate":0,"timestamp":1557844298,"path_taken":["M","M","?","M","?","R","E","R","T","?","?","R","M","?","R","BOSS","M","M","?","?","?","R","$","?","T","R","E","$","R","M","R","BOSS","M","M","?","?","?","R","E","M","T","M"],"build_version":"2019-01-23","purchased_purges":1,"victory":false,"max_hp_per_floor":[75,75,75,75,75,75,82,82,82,82,82,82,82,82,82,82,82,82,82,82,82,82,82,82,82,82,82,82,82,82,82,82,82,82,82,82,82,82,82,82,82,82,82,82],"card_choices":[{"not_picked":["Sweeping Beam","Leap"],"picked":"Chill","floor":1},{"not_picked":["Streamline","Loop"],"picked":"Reinforced Body","floor":2},{"not_picked":["Conserve Battery","Stack"],"picked":"Consume","floor":4},{"not_picked":["Compile Driver","Doom and Gloom"],"picked":"Undo","floor":5},{"not_picked":["Compile Driver","Blizzard"],"picked":"Self Repair","floor":7},{"not_picked":["Auto Shields","Steam"],"picked":"Machine Learning","floor":13},{"not_picked":["Thunder Strike","Echo Form"],"picked":"Creative AI","floor":16},{"not_picked":["Ball Lightning","Hologram"],"picked":"Cold Snap","floor":18},{"not_picked":["Hello World","Compile Driver"],"picked":"Cold Snap+1","floor":19},{"not_picked":["Rip and Tear","Hologram"],"picked":"Loop","floor":22},{"not_picked":["Reinforced Body+1","Melter"],"picked":"Double Energy","floor":28},{"not_picked":["Coolheaded","Darkness+1"],"picked":"Rainbow","floor":31},{"not_picked":["Buffer","Thunder Strike"],"picked":"Core Surge","floor":33},{"not_picked":["Stack","Streamline","Beam Cell"],"picked":"SKIP","floor":35},{"not_picked":["Beam Cell","Steam"],"picked":"Aggregate+1","floor":36},{"not_picked":["Compile Driver+1","Go for the Eyes"],"picked":"Turbo","floor":37},{"not_picked":["Coolheaded","Glacier"],"picked":"Core Surge","floor":41},{"not_picked":["Streamline","Blizzard","Cold Snap+1"],"picked":"SKIP","floor":42}],"player_experience":553780,"relics_obtained":[{"floor":7,"key":"Strawberry"},{"floor":9,"key":"Juzu Bracelet"},{"floor":22,"key":"Red Mask"},{"floor":26,"key":"Lantern"},{"floor":28,"key":"Mercury Hourglass"},{"floor":37,"key":"FossilizedHelix"},{"floor":41,"key":"War Paint"},{"floor":43,"key":"Symbiotic Virus"}],"event_choices":[{"damage_healed":0,"gold_gain":0,"cards_transformed":["Strike_B"],"player_choice":"Transformed","damage_taken":0,"max_hp_gain":0,"max_hp_loss":0,"event_name":"Transmorgrifier","floor":3,"gold_loss":0,"cards_obtained":["White Noise"]},{"damage_healed":0,"gold_gain":0,"player_choice":"Paid Gold","damage_taken":0,"relics_obtained":["Mummified Hand"],"max_hp_gain":0,"max_hp_loss":0,"event_name":"WeMeetAgain","floor":10,"gold_loss":141},{"damage_healed":0,"gold_gain":175,"player_choice":"AGREE","damage_taken":0,"max_hp_gain":0,"max_hp_loss":0,"event_name":"Liars Game","floor":14,"gold_loss":0,"cards_obtained":["Doubt"]},{"damage_healed":0,"gold_gain":0,"player_choice":"Traded Relic","damage_taken":0,"relics_obtained":["Nloth\u0027s Gift"],"max_hp_gain":0,"max_hp_loss":0,"event_name":"N\u0027loth","floor":20,"relics_lost":["Strawberry"],"gold_loss":0},{"damage_healed":0,"gold_gain":0,"player_choice":"Ignored","damage_taken":0,"max_hp_gain":0,"max_hp_loss":0,"event_name":"Ghosts","floor":21,"gold_loss":0},{"damage_healed":0,"gold_gain":0,"player_choice":"Fought Bandits","damage_taken":0,"max_hp_gain":0,"max_hp_loss":0,"event_name":"Masked Bandits","floor":22,"gold_loss":0},{"damage_healed":0,"gold_gain":0,"player_choice":"Simplicity","damage_taken":0,"max_hp_gain":0,"max_hp_loss":0,"event_name":"Back to Basics","floor":25,"gold_loss":0,"cards_upgraded":["Strike_B","Strike_B","Strike_B","Defend_B","Defend_B","Defend_B","Defend_B"]},{"damage_healed":0,"gold_gain":0,"player_choice":"Fight","damage_taken":0,"max_hp_gain":0,"max_hp_loss":0,"event_name":"MindBloom","floor":37,"gold_loss":0},{"damage_healed":0,"gold_gain":0,"player_choice":"Embrace Madness","damage_taken":10,"max_hp_gain":0,"max_hp_loss":0,"event_name":"Winding Halls","floor":38,"gold_loss":0,"cards_obtained":["Madness","Madness"]},{"cards_removed":["Defend_B"],"damage_healed":0,"gold_gain":0,"player_choice":"Removed Skill","damage_taken":0,"max_hp_gain":0,"max_hp_loss":0,"event_name":"Falling","floor":39,"gold_loss":0}],"is_beta":false,"boss_relics":[{"not_picked":["Orrery","Empty Cage"],"picked":"Runic Pyramid"},{"not_picked":["Inserter","Astrolabe"],"picked":"Philosopher\u0027s Stone"}],"items_purged_floors":[24],"is_endless":false,"potions_floor_spawned":[1,4,5,16,22,33,36],"killed_by":"4 Shapes","ascension_level":12}