{"gold_per_floor":[119,130,147,147,159,159,170,170,195,253,253,267,285,285,285,382,382,392,402,414,166,166,166,178,178,178,197,197,47,74,91,91,186,236,255,255,53,65,65,65,65],"floor_reached":41,"playtime":1910,"items_purged":[],"score":410,"play_id":"e77a2635-43ac-419f-9740-c5d454558956","local_time":"20181127015533","is_ascension_mode":false,"campfire_choices":[{"data":"Inflame","floor":6,"key":"SMITH"},{"data":"Heavy Blade","floor":8,"key":"SMITH"},{"floor":15,"key":"REST"},{"data":"Apotheosis","floor":23,"key":"SMITH"},{"floor":28,"key":"REST"},{"data":"Heavy Blade","floor":32,"key":"SMITH"},{"data":"Reaper","floor":40,"key":"SMITH"}],"neow_cost":"NONE","seed_source_timestamp":1003712297438625,"circlet_count":0,"master_deck":["Strike_R","Strike_R","Strike_R","Strike_R+1","Defend_R+1","Defend_R","Defend_R","Defend_R+1","Bash","Inflame+1","Headbutt","Thunderclap","Heavy Blade+1","Thunderclap","Heavy Blade+1","Anger","Reaper+1","Flex+1","Shrug It Off+1","Cleave","Offering+1","Apotheosis+1","Impervious","Flex","Pommel Strike","Double Tap","Dropkick","Clothesline+1","Entrench","Shockwave"],"relics":["Burning Blood","PreservedInsect","Omamori","Eternal Feather","Paper Frog","Lantern","Vajra","Tiny House","HandDrill"],"potions_floor_usage":[16,20,33,33],"damage_taken":[{"damage":7,"enemies":"Cultist","floor":1,"turns":6},{"damage":9,"enemies":"2 Louse","floor":2,"turns":4},{"damage":9,"enemies":"Jaw Worm","floor":3,"turns":4},{"damage":10,"enemies":"Looter","floor":5,"turns":3},{"damage":11,"enemies":"Large Slime","floor":7,"turns":4},{"damage":24,"enemies":"Gremlin Gang","floor":12,"turns":4},{"damage":18,"enemies":"Exordium Wildlife","floor":13,"turns":3},{"damage":11,"enemies":"Slime Boss","floor":16,"turns":8},{"damage":27,"enemies":"2 Thieves","floor":18,"turns":4},{"damage":15,"enemies":"Chosen","floor":19,"turns":4},{"damage":39,"enemies":"Snecko","floor":20,"turns":5},{"damage":6,"enemies":"Snake Plant","floor":24,"turns":2},{"damage":42,"enemies":"Cultist and Chosen","floor":27,"turns":5},{"damage":24,"enemies":"Shelled Parasite and Fungi","floor":31,"turns":3},{"damage":41,"enemies":"Collector","floor":33,"turns":5},{"damage":6,"enemies":"Orb Walker","floor":35,"turns":1},{"damage":41,"enemies":"3 Darklings","floor":38,"turns":5},{"damage":76,"enemies":"Giant Head","floor":41,"turns":7}],"seed_played":"2076690477486757729","potions_obtained":[{"floor":2,"key":"LiquidBronze"},{"floor":3,"key":"SmokeBomb"},{"floor":7,"key":"Dexterity Potion"},{"floor":13,"key":"AttackPotion"},{"floor":18,"key":"Ancient Potion"},{"floor":20,"key":"Poison Potion"},{"floor":33,"key":"SkillPotion"},{"floor":34,"key":"AttackPotion"},{"floor":38,"key":"LiquidBronze"}],"is_trial":false,"path_per_floor":["M","M","M","?","M","R","M","R","T","?","?","M","M","?","R","B",null,"M","M","M","$","?","R","M","?","T","M","R","$","T","M","R","B",null,"M","?","$","M","?","R","E"],"character_chosen":"IRONCLAD","items_purchased":["Offering","Apotheosis","Lantern","HandDrill"],"campfire_rested":2,"item_purchase_floors":[21,21,29,37],"current_hp_per_floor":[79,76,73,73,69,69,64,64,64,64,48,30,18,18,42,37,80,59,60,27,27,27,39,39,39,39,15,54,54,54,45,60,25,85,85,85,85,50,50,68,0],"gold":65,"neow_bonus":"ONE_RANDOM_RARE_CARD","is_prod":false,"is_daily":false,"chose_seed":false,"campfire_upgraded":5,"win_rate":0.0,"timestamp":1543301733,"path_taken":["M","M","?","?","M","R","M","R","T","?","?","M","M","?","R","BOSS","M","M","?","$","?","R","M","?","T","?","R","?","?","M","R","BOSS","M","?","?","?","?","R","E"],"build_version":"2018-11-15","purchased_purges":0,"victory":false,"max_hp_per_floor":[80,80,80,80,80,80,80,80,80,80,80,80,80,80,80,80,80,80,80,80,80,80,80,80,80,80,80,80,80,80,80,80,80,85,85,85,85,85,85,85,85],"card_choices":[{"not_picked":["Body Slam","Cleave"],"picked":"Inflame","floor":1},{"not_picked":["Carnage","Combust"],"picked":"Headbutt","floor":2},{"not_picked":["Rampage","Rupture"],"picked":"Thunderclap","floor":3},{"not_picked":["True Grit","Metallicize"],"picked":"Heavy Blade","floor":5},{"not_picked":["Warcry","Corruption"],"picked":"Thunderclap","floor":7},{"not_picked":["Entrench","Juggernaut"],"picked":"Heavy Blade","floor":12},{"not_picked":["Warcry","True Grit"],"picked":"Anger","floor":13},{"not_picked":["Dark Embrace","Feed"],"picked":"Reaper","floor":16},{"not_picked":["Thunderclap","Reckless Charge"],"picked":"Flex+1","floor":18},{"not_picked":["Clothesline","Clash"],"picked":"Shrug It Off+1","floor":19},{"not_picked":["Body Slam+1","Heavy Blade"],"picked":"Cleave","floor":20},{"not_picked":["Warcry","Metallicize"],"picked":"Impervious","floor":24},{"not_picked":["Battle Trance+1","Headbutt"],"picked":"Flex","floor":27},{"not_picked":["Perfected Strike","Flex+1"],"picked":"Pommel Strike","floor":31},{"not_picked":["Offering","Dark Embrace"],"picked":"Double Tap","floor":33},{"not_picked":["True Grit","Pommel Strike"],"picked":"Dropkick","floor":34},{"not_picked":["Thunderclap","Entrench+1"],"picked":"Clothesline+1","floor":35},{"not_picked":["Hemokinesis+1","Body Slam"],"picked":"Shockwave","floor":38}],"player_experience":29237,"relics_obtained":[{"floor":9,"key":"PreservedInsect"},{"floor":14,"key":"Omamori"},{"floor":26,"key":"Paper Frog"},{"floor":30,"key":"Vajra"}],"event_choices":[{"damage_healed":0,"gold_gain":0,"player_choice":"Leave","damage_taken":0,"max_hp_gain":0,"max_hp_loss":0,"event_name":"The Cleric","floor":4,"gold_loss":0},{"damage_healed":0,"gold_gain":58,"player_choice":"Gained Gold","damage_taken":0,"max_hp_gain":0,"max_hp_loss":0,"event_name":"Golden Wing","floor":10,"gold_loss":0},{"damage_healed":0,"gold_gain":0,"player_choice":"Entered Light","damage_taken":16,"max_hp_gain":0,"max_hp_loss":0,"event_name":"Shining Light","floor":11,"gold_loss":0,"cards_upgraded":["Strike_R","Defend_R"]},{"damage_healed":0,"gold_gain":0,"player_choice":"Relic","damage_taken":0,"max_hp_gain":0,"max_hp_loss":0,"event_name":"Wheel of Change","floor":14,"gold_loss":0},{"damage_healed":0,"gold_gain":0,"player_choice":"Ignored","damage_taken":0,"max_hp_gain":0,"max_hp_loss":0,"event_name":"Ghosts","floor":22,"gold_loss":0},{"damage_healed":0,"gold_gain":0,"player_choice":"Upgraded","damage_taken":0,"max_hp_gain":0,"max_hp_loss":0,"event_name":"Upgrade Shrine","floor":25,"gold_loss":0,"cards_upgraded":["Offering"]},{"damage_healed":0,"gold_gain":0,"cards_transformed":["Strike_R"],"player_choice":"Transformed","damage_taken":0,"max_hp_gain":0,"max_hp_loss":0,"event_name":"Transmorgrifier","floor":36,"gold_loss":0,"cards_obtained":["Entrench"]},{"cards_removed":["Berserk"],"damage_healed":0,"gold_gain":0,"player_choice":"Removed Power","damage_taken":0,"max_hp_gain":0,"max_hp_loss":0,"event_name":"Falling","floor":39,"gold_loss":0}],"is_beta":false,"boss_relics":[{"not_picked":["Coffee Dripper","Fusion Hammer"],"picked":"Eternal Feather"},{"not_picked":["Snecko Eye","Philosopher\u0027s Stone"],"picked":"Tiny House"}],"items_purged_floors":[],"is_endless":false,"potions_floor_spawned":[2,3,7,13,18,20,33,38],"killed_by":"Giant Head","ascension_level":0}