{"path_per_floor":["M","T","M","?","$","E","M","E","T","?","R","M","R","M","R","B",null,"M","?","M","M","$","R","M","M","T","R"],"character_chosen":"DEFECT","items_purchased":["Matryoshka","Defragment"],"gold_per_floor":[110,184,200,200,125,155,175,203,228,228,228,248,248,264,264,383,383,397,397,421,444,12,12,37,52,82,82,82],"floor_reached":28,"campfire_rested":3,"playtime":1244,"item_purchase_floors":[22,22],"current_hp_per_floor":[75,75,75,75,75,59,59,43,43,25,47,47,47,47,47,43,75,66,66,49,21,21,43,18,18,18,40,0],"items_purged":["Defend_B","Strike_B"],"gold":82,"score":253,"play_id":"45146c79-8c59-43b9-9612-60d7879927ba","local_time":"20180605034326","is_prod":false,"is_daily":false,"chose_seed":false,"is_ascension_mode":true,"campfire_upgraded":2,"win_rate":0,"timestamp":1528188206,"campfire_choices":[{"floor":11,"key":"REST"},{"data":"Zap","floor":13,"key":"SMITH"},{"data":"Dualcast","floor":15,"key":"SMITH"},{"floor":23,"key":"REST"},{"floor":27,"key":"REST"}],"path_taken":["M","?","M","?","$","E","?","E","T","?","R","M","R","M","R","BOSS","M","?","M","M","$","R","M","M","T","R","M"],"build_version":"2018-06-04","seed_source_timestamp":326863534335053,"purchased_purges":2,"victory":false,"master_deck":["Strike_B","Strike_B","Strike_B","Defend_B","Defend_B","Zap+1","Dualcast+1","Auto Shields","BootSequence","Reboot","Ball Lightning","Redo","Ball Lightning","Capacitor","White Noise","Rebound","Defragment","Double Energy","Consume"],"max_hp_per_floor":[75,75,75,75,75,75,75,75,75,75,75,75,75,75,75,75,75,75,75,75,75,75,75,75,75,75,75,75],"relics":["Cracked Core","Kunai","Pen Nib","Golden Idol","Sozu","Matryoshka","Singing Bowl","Tiny Chest"],"card_choices":[{"not_picked":["Steam","Aggregate"],"picked":"Auto Shields","floor":1},{"not_picked":["Reinforced Body","Turbo"],"picked":"BootSequence","floor":3},{"not_picked":["Barrage","Heatsinks"],"picked":"Reboot","floor":6},{"not_picked":["Self Repair","Barrage"],"picked":"Ball Lightning","floor":7},{"not_picked":["Hologram","Sweeping Beam"],"picked":"Redo","floor":8},{"not_picked":["Skim","Sweeping Beam"],"picked":"Ball Lightning","floor":12},{"not_picked":["Ball Lightning","Loop"],"picked":"Capacitor","floor":14},{"not_picked":["Doom and Gloom","Steam"],"picked":"White Noise","floor":18},{"not_picked":["Ball Lightning","Coolheaded","Stack"],"picked":"SKIP","floor":20},{"not_picked":["Rip and Tear","Aggregate"],"picked":"Rebound","floor":21},{"not_picked":["Compile Driver","Stack+1"],"picked":"Double Energy","floor":24},{"not_picked":["Turbo+1","Skim"],"picked":"Consume","floor":25}],"player_experience":197757,"potions_floor_usage":[],"damage_taken":[{"damage":0,"enemies":"Cultist","floor":1,"turns":3},{"damage":0,"enemies":"Small Slimes","floor":3,"turns":3},{"damage":16,"enemies":"3 Sentries","floor":6,"turns":9},{"damage":0,"enemies":"Jaw Worm","floor":7,"turns":2},{"damage":16,"enemies":"Gremlin Nob","floor":8,"turns":3},{"damage":0,"enemies":"Gremlin Gang","floor":12,"turns":5},{"damage":0,"enemies":"Blue Slaver","floor":14,"turns":2},{"damage":4,"enemies":"The Guardian","floor":16,"turns":10},{"damage":9,"enemies":"3 Byrds","floor":18,"turns":3},{"damage":17,"enemies":"Shell Parasite","floor":20,"turns":4},{"damage":28,"enemies":"Snake Plant","floor":21,"turns":4},{"damage":25,"enemies":"Slaver and Parasite","floor":24,"turns":6},{"damage":0,"enemies":"Centurion and Healer","floor":25,"turns":4},{"damage":54,"enemies":"Cultist and Chosen","floor":28,"turns":5}],"relics_obtained":[{"floor":2,"key":"Kunai"},{"floor":9,"key":"Pen Nib"},{"floor":26,"key":"Singing Bowl"},{"floor":26,"key":"Tiny Chest"}],"event_choices":[{"event_name":"Living Wall","player_choice":"Forget","floor":4,"damage_taken":0},{"event_name":"Golden Idol","player_choice":"Take Damage","floor":10,"damage_taken":0},{"event_name":"Drug Dealer","player_choice":"Ignored","floor":19,"damage_taken":0}],"boss_relics":[{"not_picked":["Snecko Eye","Pandora\u0027s Box"],"picked":"Sozu"}],"items_purged_floors":[5,22],"potions_floor_spawned":[],"seed_played":"-815685888235631868","killed_by":"Cultist and Chosen","ascension_level":2,"potions_obtained":[],"is_trial":false}