{"gold_per_floor":[113,1,20,34,51,51,81,92,92,92,124,140,140,154,154,252,252,265,0,0,17,31,31,60,60,60,72,101,101,101,113,113,113],"floor_reached":33,"playtime":1567,"items_purged":[],"score":583,"play_id":"b7e7e831-2b9d-4583-9e71-b0ec2ff71c71","local_time":"20180830003320","is_ascension_mode":true,"campfire_choices":[{"floor":6,"key":"REST"},{"data":"Streamline","floor":10,"key":"SMITH"},{"data":"Go for the Eyes","floor":15,"key":"SMITH"},{"data":"Barrage","floor":23,"key":"SMITH"},{"floor":25,"key":"REST"},{"floor":32,"key":"REST"}],"neow_cost":"NONE","seed_source_timestamp":130543620518057,"circlet_count":0,"master_deck":["Strike_B","Strike_B","Defend_B","Defend_B","Defend_B","Defend_B","Zap+1","Dualcast","AscendersBane","Glacier","Self Repair","FTL","Ball Lightning","Steam","Reinforced Body","Streamline+1","Barrage+1","Go for the Eyes+1","Buffer","Gash+1","Cold Snap","Coolheaded","BootSequence+1","Cold Snap","Melter","Beam Cell"],"relics":["Cracked Core","Smiling Mask","Blue Candle","Kunai","Busted Crown","Symbiotic Virus","Ancient Tea Set","Mango"],"potions_floor_usage":[11,22,24,24,33,33],"damage_taken":[{"damage":6,"enemies":"Cultist","floor":1,"turns":4},{"damage":0,"enemies":"2 Louse","floor":3,"turns":3},{"damage":11,"enemies":"Small Slimes","floor":4,"turns":3},{"damage":14,"enemies":"3 Louse","floor":5,"turns":3},{"damage":20,"enemies":"Lagavulin","floor":7,"turns":9},{"damage":7,"enemies":"Large Slime","floor":8,"turns":6},{"damage":0,"enemies":"3 Sentries","floor":11,"turns":7},{"damage":9,"enemies":"2 Fungi Beasts","floor":12,"turns":3},{"damage":8,"enemies":"Exordium Wildlife","floor":14,"turns":4},{"damage":14,"enemies":"The Guardian","floor":16,"turns":12},{"damage":2,"enemies":"Shell Parasite","floor":18,"turns":7},{"damage":0,"enemies":"Chosen","floor":21,"turns":6},{"damage":11,"enemies":"Slaver and Parasite","floor":22,"turns":8},{"damage":64,"enemies":"Gremlin Leader","floor":24,"turns":13},{"damage":0,"enemies":"Snecko","floor":27,"turns":5},{"damage":19,"enemies":"Book of Stabbing","floor":28,"turns":8},{"damage":12,"enemies":"3 Cultists","floor":31,"turns":8},{"damage":101,"enemies":"Champ","floor":33,"turns":17}],"seed_played":"-3851541546985434286","potions_obtained":[{"floor":1,"key":"SteroidPotion"},{"floor":7,"key":"Swift Potion"},{"floor":11,"key":"Block Potion"},{"floor":22,"key":"GamblersBrew"},{"floor":24,"key":"SkillPotion"},{"floor":28,"key":"LiquidBronze"}],"is_trial":false,"path_per_floor":["M","$","M","M","M","R","E","M","T","R","E","M","?","M","R","B",null,"M","?","?","M","M","R","E","R","T","M","E","?","?","M","R"],"character_chosen":"DEFECT","items_purchased":["Self Repair","FTL"],"campfire_rested":3,"item_purchase_floors":[2,2],"current_hp_per_floor":[62,62,62,51,37,59,46,46,46,46,53,51,85,84,84,77,83,85,85,85,85,81,81,24,49,49,56,58,58,58,53,82,0],"gold":113,"neow_bonus":"UPGRADE_CARD","is_prod":false,"is_daily":false,"chose_seed":false,"campfire_upgraded":3,"win_rate":0,"timestamp":1535600000,"path_taken":["M","$","M","?","M","R","E","M","T","R","E","M","?","M","R","BOSS","M","?","?","M","?","R","E","R","T","M","E","?","?","M","R","BOSS"],"build_version":"2018-07-12","purchased_purges":0,"victory":false,"max_hp_per_floor":[75,75,75,75,75,75,75,75,75,75,75,75,85,85,85,85,85,85,85,85,85,85,85,85,85,85,85,99,99,99,99,99,99],"card_choices":[{"not_picked":["Tempest","Hologram"],"picked":"Glacier","floor":1},{"not_picked":["Reinforced Body","Steam"],"picked":"Ball Lightning","floor":3},{"not_picked":["FTL","Sweeping Beam","Heatsinks"],"picked":"SKIP","floor":4},{"not_picked":["Go for the Eyes","Sweeping Beam"],"picked":"Steam","floor":5},{"not_picked":["Tempest","Beam Cell"],"picked":"Reinforced Body","floor":7},{"not_picked":["Steam","Gash"],"picked":"Streamline","floor":8},{"not_picked":["Static Discharge","Gash"],"picked":"Barrage","floor":11},{"not_picked":["Stack","Turbo"],"picked":"Reboot","floor":12},{"not_picked":["Undo","Steam"],"picked":"Go for the Eyes","floor":14},{"not_picked":["Thunder Strike","Amplify"],"picked":"Buffer","floor":16},{"not_picked":[],"picked":"Gash+1","floor":18},{"not_picked":[],"picked":"Cold Snap","floor":21},{"not_picked":[],"picked":"Coolheaded","floor":22},{"not_picked":[],"picked":"BootSequence+1","floor":24},{"not_picked":[],"picked":"Cold Snap","floor":27},{"not_picked":["Consume"],"picked":"SKIP","floor":28},{"not_picked":[],"picked":"Beam Cell","floor":31}],"player_experience":749909,"relics_obtained":[{"floor":7,"key":"Smiling Mask"},{"floor":9,"key":"Blue Candle"},{"floor":11,"key":"Kunai"},{"floor":24,"key":"Symbiotic Virus"},{"floor":26,"key":"Ancient Tea Set"},{"floor":28,"key":"Mango"}],"event_choices":[{"event_name":"Bonfire Elementals","player_choice":"RARE","floor":13,"damage_taken":0},{"event_name":"Masked Bandits","player_choice":"Paid Bandits 265 gold","floor":19,"damage_taken":0},{"event_name":"Purifier","player_choice":"One Purge","floor":20,"damage_taken":0},{"event_name":"Drug Dealer","player_choice":"Ignored","floor":29,"damage_taken":0},{"event_name":"Transmorgrifier","player_choice":"Transform","floor":30,"damage_taken":0}],"boss_relics":[{"not_picked":["Philosopher\u0027s Stone","Lizard Tail"],"picked":"Busted Crown"}],"items_purged_floors":[],"is_endless":false,"potions_floor_spawned":[1,7,11,16,22,24,28],"killed_by":"Champ","ascension_level":12}