{"gold_per_floor":[114,189,189,189,207,207,228,263,263,284,317,317,1,1,1,121,121,146,162,162,172,172,172,172],"floor_reached":24,"playtime":931,"items_purged":[],"score":237,"play_id":"f4998d5b-67a0-48d9-8fd9-6105c67b21ba","local_time":"20190515214632","is_ascension_mode":true,"campfire_choices":[{"data":"Double Energy","floor":6.0,"key":"SMITH"},{"floor":15.0,"key":"REST"},{"data":"Hologram","floor":23.0,"key":"SMITH"}],"neow_cost":"NONE","seed_source_timestamp":36369179245943,"circlet_count":0,"master_deck":["Strike_B+1","Strike_B","Strike_B","Defend_B","Defend_B","Defend_B+1","Zap","Dualcast","Hologram+1","Double Energy+1","Conserve Battery","Loop","Ball Lightning","Undo","Capacitor","Core Surge+1","Defragment+1","Sunder+1","BootSequence+1","Heatsinks","White Noise"],"special_seed":0,"relics":["Cracked Core","Bloody Idol","Darkstone Periapt","Pantograph","Strawberry","Molten Egg 2","Cables","Sozu"],"potions_floor_usage":[24,24],"damage_taken":[{"damage":0.0,"enemies":"Small Slimes","floor":1.0,"turns":2.0},{"damage":0.0,"enemies":"Jaw Worm","floor":5.0,"turns":3.0},{"damage":0.0,"enemies":"2 Louse","floor":7.0,"turns":2.0},{"damage":25.0,"enemies":"3 Sentries","floor":8.0,"turns":10.0},{"damage":3.0,"enemies":"Looter","floor":10.0,"turns":3.0},{"damage":23.0,"enemies":"Lagavulin","floor":11.0,"turns":5.0},{"damage":0.0,"enemies":"Exordium Thugs","floor":14.0,"turns":1.0},{"damage":29.0,"enemies":"Slime Boss","floor":16.0,"turns":9.0},{"damage":12.0,"enemies":"Chosen","floor":18.0,"turns":4.0},{"damage":14.0,"enemies":"Spheric Guardian","floor":19.0,"turns":4.0},{"damage":34.0,"enemies":"Centurion and Healer","floor":21.0,"turns":7.0},{"damage":32,"enemies":"Book of Stabbing","floor":24,"turns":5}],"seed_played":"5219260621665142967","potions_obtained":[{"floor":5.0,"key":"GamblersBrew"},{"floor":10.0,"key":"SmokeBomb"},{"floor":11.0,"key":"SteroidPotion"},{"floor":16.0,"key":"LiquidBronze"}],"is_trial":false,"path_per_floor":["M","?","?","?","M","R","M","E","T","M","E","T","$","M","R","B",null,"M","M","?","M","?","R","E"],"character_chosen":"DEFECT","items_purchased":["Capacitor","Cables"],"campfire_rested":1,"item_purchase_floors":[13,13],"current_hp_per_floor":[82,71,55,55,55,55,55,30,30,27,11,11,11,11,35,31,83,71,57,57,28,28,28,0],"gold":172,"neow_bonus":"TEN_PERCENT_HP_BONUS","is_prod":false,"is_daily":false,"chose_seed":false,"campfire_upgraded":2,"win_rate":0,"timestamp":1557971192,"path_taken":["M","?","?","?","M","R","M","E","T","M","E","?","$","M","R","BOSS","M","M","?","M","?","R","E"],"build_version":"2019-01-23","purchased_purges":0,"victory":false,"max_hp_per_floor":[82,82,82,76,76,76,76,76,76,76,83,83,83,83,83,83,83,83,83,83,83,83,83,83],"card_choices":[{"not_picked":["Sweeping Beam","Compile Driver"],"picked":"Hologram","floor":1.0},{"not_picked":["Rebound","Stack"],"picked":"Double Energy","floor":5.0},{"not_picked":["Chaos","Melter"],"picked":"Conserve Battery","floor":7.0},{"not_picked":["Force Field","Biased Cognition"],"picked":"Loop","floor":8.0},{"not_picked":["Gash","Aggregate"],"picked":"Ball Lightning","floor":10.0},{"not_picked":["Stack","Beam Cell"],"picked":"Undo","floor":11.0},{"not_picked":["Rainbow","Biased Cognition"],"picked":"Core Surge+1","floor":16.0},{"not_picked":["Leap+1","Loop+1"],"picked":"Defragment+1","floor":18.0},{"not_picked":["Cold Snap+1","Stack"],"picked":"Sunder+1","floor":19.0},{"not_picked":["Genetic Algorithm","Barrage+1"],"picked":"BootSequence+1","floor":21.0}],"player_experience":252424,"relics_obtained":[{"floor":8.0,"key":"Darkstone Periapt"},{"floor":9.0,"key":"Pantograph"},{"floor":11.0,"key":"Strawberry"},{"floor":12.0,"key":"Molten Egg 2"}],"event_choices":[{"damage_healed":0.0,"max_hp_gain":0.0,"max_hp_loss":0.0,"gold_gain":75.0,"event_name":"World of Goop","player_choice":"Gather Gold","floor":2.0,"gold_loss":0.0,"damage_taken":11.0},{"damage_healed":0.0,"max_hp_gain":0.0,"max_hp_loss":0.0,"gold_gain":0.0,"event_name":"Shining Light","player_choice":"Entered Light","floor":3.0,"gold_loss":0.0,"damage_taken":16.0,"cards_upgraded":["Defend_B","Strike_B"]},{"damage_healed":0.0,"max_hp_gain":0.0,"max_hp_loss":6.0,"gold_gain":0.0,"event_name":"Golden Idol","player_choice":"Lose Max HP","floor":4.0,"gold_loss":0.0,"damage_taken":0.0,"relics_obtained":["Golden Idol"]},{"damage_healed":0.0,"max_hp_gain":0.0,"max_hp_loss":0.0,"gold_gain":0.0,"event_name":"Forgotten Altar","player_choice":"Gave Idol","floor":20.0,"relics_lost":["Golden Idol"],"gold_loss":0.0,"damage_taken":0.0,"relics_obtained":["Bloody Idol"]},{"damage_healed":0.0,"max_hp_gain":0.0,"max_hp_loss":0.0,"gold_gain":0.0,"cards_transformed":["Strike_B","Defend_B"],"event_name":"Drug Dealer","player_choice":"Became Test Subject","floor":22.0,"gold_loss":0.0,"damage_taken":0.0,"cards_obtained":["Heatsinks","White Noise"]}],"is_beta":false,"boss_relics":[{"not_picked":["Black Star","Calling Bell"],"picked":"Sozu"}],"items_purged_floors":[],"is_endless":false,"potions_floor_spawned":[5,10,11,16,19],"killed_by":"Book of Stabbing","ascension_level":3}