{"gold_per_floor":[118,43,56,56,56,56,95,95,118,118,141,141,141,185,185,275,275,299,199,238,262,262,262,276,320,320,363,383,427,427,470,470,563,563,584,459,473,695,695,733,733,773,796,819,502,158,201,219,219,219,219,219,219,25,68,68],"floor_reached":57,"playtime":3008,"items_purged":["Strike_R","Normality","Strike_R","Strike_R","Strike_R"],"score":3140,"play_id":"772e2539-9668-432e-8c60-49027a1b0c02","local_time":"20190225225133","is_ascension_mode":true,"campfire_choices":[{"data":"Carnage","floor":6.0,"key":"SMITH"},{"data":"Dark Embrace","floor":8.0,"key":"SMITH"},{"data":"Rampage","floor":10.0,"key":"SMITH"},{"data":"Second Wind","floor":13.0,"key":"SMITH"},{"data":"Bash","floor":15.0,"key":"SMITH"},{"data":"Body Slam","floor":23.0,"key":"SMITH"},{"data":"Sword Boomerang","floor":32.0,"key":"SMITH"},{"data":"Barricade","floor":41.0,"key":"SMITH"},{"floor":49.0,"key":"RECALL"},{"data":"Bloodletting","floor":53.0,"key":"SMITH"}],"neow_cost":"NONE","seed_source_timestamp":428870207903455,"circlet_count":0,"master_deck":["AscendersBane","Strike_R","Defend_R","Defend_R","Defend_R","Defend_R","Bash+1","Rampage+1","Carnage+1","Dark Embrace+1","Second Wind+1","Limit Break","Regret","Decay","Bloodletting+1","Body Slam+1","Seeing Red+1","Pummel","Impervious","Sword Boomerang+1","Limit Break+1","Impervious+1","Shrug It Off+1","Barricade+1","True Grit+1","Clumsy","Parasite","Entrench+1","Burning Pact+1","Evolve","Shrug It Off+1"],"special_seed":0,"relics":["Burning Blood","NeowsBlessing","Golden Idol","Oddly Smooth Stone","Bronze Scales","Meat on the Bone","Calling Bell","Centennial Puzzle","Blue Candle","Charon\u0027s Ashes","Red Mask","Ancient Tea Set","Du-Vu Doll","Lantern","Mercury Hourglass","Toxic Egg 2","Cursed Key","Kunai","Incense Burner","Bag of Marbles","Anchor","Pen Nib","Unceasing Top","Blood Vial"],"potions_floor_usage":[56,56],"damage_taken":[{"damage":0.0,"enemies":"Jaw Worm","floor":1.0,"turns":1.0},{"damage":0.0,"enemies":"2 Louse","floor":3.0,"turns":1.0},{"damage":0.0,"enemies":"Lagavulin","floor":7.0,"turns":1.0},{"damage":2.0,"enemies":"Small Slimes","floor":11.0,"turns":3.0},{"damage":22.0,"enemies":"3 Sentries","floor":14.0,"turns":6.0},{"damage":12.0,"enemies":"Hexaghost","floor":16.0,"turns":8.0},{"damage":1.0,"enemies":"3 Byrds","floor":18.0,"turns":2.0},{"damage":38.0,"enemies":"Masked Bandits","floor":20.0,"turns":6.0},{"damage":17.0,"enemies":"Spheric Guardian","floor":21.0,"turns":4.0},{"damage":11.0,"enemies":"Snecko","floor":24.0,"turns":5.0},{"damage":12.0,"enemies":"Gremlin Leader","floor":25.0,"turns":5.0},{"damage":28.0,"enemies":"Book of Stabbing","floor":27.0,"turns":4.0},{"damage":1.0,"enemies":"3 Cultists","floor":28.0,"turns":4.0},{"damage":1.0,"enemies":"Gremlin Leader","floor":29.0,"turns":4.0},{"damage":21.0,"enemies":"Slavers","floor":31.0,"turns":4.0},{"damage":12.0,"enemies":"Automaton","floor":33.0,"turns":6.0},{"damage":8.0,"enemies":"3 Darklings","floor":35.0,"turns":3.0},{"damage":1.0,"enemies":"3 Shapes","floor":37.0,"turns":2.0},{"damage":33.0,"enemies":"Nemesis","floor":40.0,"turns":5.0},{"damage":21.0,"enemies":"Giant Head","floor":42.0,"turns":6.0},{"damage":2.0,"enemies":"Reptomancer","floor":47.0,"turns":4.0},{"damage":5.0,"enemies":"Transient","floor":48.0,"turns":5.0},{"damage":21.0,"enemies":"Donu and Deca","floor":50.0,"turns":8.0},{"damage":31.0,"enemies":"Time Eater","floor":51.0,"turns":5.0},{"damage":3.0,"enemies":"Shield and Spear","floor":55.0,"turns":5.0},{"damage":44,"enemies":"The Heart","floor":56,"turns":8}],"seed_played":"-933155030555593224","potions_obtained":[{"floor":1.0,"key":"Weak Potion"},{"floor":14.0,"key":"BloodPotion"},{"floor":21.0,"key":"LiquidBronze"},{"floor":24.0,"key":"Swift Potion"},{"floor":28.0,"key":"FearPotion"},{"floor":31.0,"key":"EssenceOfSteel"},{"floor":40.0,"key":"Fire Potion"},{"floor":47.0,"key":"Ancient Potion"}],"is_trial":false,"path_per_floor":["M","$","M","?","?","R","E","R","T","R","M","?","R","E","R","B",null,"M","$","?","M","?","R","M","E","T","E","M","E","?","E","R","B",null,"M","$","M","?","?","E","R","E","T","T","$","$","E","M","R","B","B",null,"R","$","E","B",null],"character_chosen":"IRONCLAD","items_purchased":["Entrench+1","Burning Pact+1","Pen Nib","SpeedPotion","Evolve","Shrug It Off+1"],"campfire_rested":0,"item_purchase_floors":[45,45,46,54,54,54],"current_hp_per_floor":[74,74,75,68,68,68,68,68,68,68,68,63,63,47,47,41,61,66,66,52,41,41,41,48,42,42,32,49,54,54,51,51,45,62,60,60,65,65,65,50,50,47,47,47,47,47,51,52,52,49,36,58,58,58,61,37],"gold":68,"neow_bonus":"THREE_ENEMY_KILL","is_prod":false,"is_daily":false,"chose_seed":false,"campfire_upgraded":9,"win_rate":0,"timestamp":1551106293,"path_taken":["M","$","M","?","?","R","E","R","T","R","M","?","R","E","R","BOSS","M","$","?","M","?","R","M","E","T","E","?","E","?","E","R","BOSS","M","$","M","?","?","E","R","E","T","?","?","$","E","M","R","BOSS","BOSS","R","$","E","BOSS"],"build_version":"2019-01-23","purchased_purges":5,"victory":true,"max_hp_per_floor":[75,75,75,68,68,68,68,68,68,68,68,68,68,68,68,68,68,68,68,68,68,68,68,68,68,68,68,68,68,68,68,68,68,68,68,68,68,68,65,65,65,65,65,65,65,65,65,65,65,65,65,65,65,65,65,65],"card_choices":[{"not_picked":["Fire Breathing","Sentinel"],"picked":"Rampage","floor":1.0},{"not_picked":["Flex","Metallicize"],"picked":"Carnage","floor":3.0},{"not_picked":["Cleave","Iron Wave"],"picked":"Dark Embrace","floor":7.0},{"not_picked":["Anger","Warcry"],"picked":"Second Wind","floor":11.0},{"not_picked":["Armaments","Inflame","Iron Wave"],"picked":"SKIP","floor":14.0},{"not_picked":["Demon Form","Bludgeon"],"picked":"Limit Break","floor":16.0},{"not_picked":["Twin Strike","Cleave"],"picked":"Bloodletting","floor":18.0},{"not_picked":["Iron Wave","Rage"],"picked":"Body Slam","floor":20.0},{"not_picked":["Cleave","Havoc"],"picked":"Seeing Red+1","floor":21.0},{"not_picked":["Intimidate","Wild Strike","Infernal Blade"],"picked":"SKIP","floor":24.0},{"not_picked":["Pommel Strike","Entrench"],"picked":"Pummel","floor":25.0},{"not_picked":["Headbutt","Wild Strike","Fiend Fire"],"picked":"SKIP","floor":27.0},{"not_picked":["Thunderclap","Perfected Strike","Havoc"],"picked":"SKIP","floor":28.0},{"not_picked":["Uppercut","Bludgeon"],"picked":"Impervious","floor":29.0},{"not_picked":["Disarm","Pommel Strike"],"picked":"Limit Break","floor":31.0},{"not_picked":["Dark Embrace","Berserk"],"picked":"Impervious+1","floor":33.0},{"not_picked":["Twin Strike+1","Sever Soul"],"picked":"Shrug It Off+1","floor":35.0},{"not_picked":["Havoc+1","Iron Wave","Heavy Blade"],"picked":"SKIP","floor":37.0},{"not_picked":["Blood for Blood+1","Sword Boomerang"],"picked":"Barricade","floor":40.0},{"not_picked":["Infernal Blade+1","Corruption"],"picked":"True Grit+1","floor":42.0},{"not_picked":["Thunderclap+1","Dark Embrace","Clothesline"],"picked":"SKIP","floor":47.0},{"not_picked":["Twin Strike","Infernal Blade+1","Searing Blow+1"],"picked":"SKIP","floor":48.0},{"not_picked":["Wild Strike","Headbutt+1","Anger"],"picked":"SKIP","floor":55.0}],"player_experience":1056784,"relics_obtained":[{"floor":7.0,"key":"Oddly Smooth Stone"},{"floor":14.0,"key":"Meat on the Bone"},{"floor":17.0,"key":"Centennial Puzzle"},{"floor":17.0,"key":"Blue Candle"},{"floor":17.0,"key":"Charon\u0027s Ashes"},{"floor":20.0,"key":"Red Mask"},{"floor":25.0,"key":"Ancient Tea Set"},{"floor":26.0,"key":"Du-Vu Doll"},{"floor":27.0,"key":"Lantern"},{"floor":29.0,"key":"Mercury Hourglass"},{"floor":31.0,"key":"Toxic Egg 2"},{"floor":40.0,"key":"Kunai"},{"floor":42.0,"key":"Incense Burner"},{"floor":43.0,"key":"Bag of Marbles"},{"floor":44.0,"key":"Anchor"},{"floor":47.0,"key":"Unceasing Top"},{"floor":55.0,"key":"Blood Vial"}],"event_choices":[{"damage_healed":0.0,"max_hp_gain":0.0,"max_hp_loss":7.0,"gold_gain":0.0,"event_name":"Golden Idol","player_choice":"Lose Max HP","floor":4.0,"gold_loss":0.0,"damage_taken":0.0,"relics_obtained":["Golden Idol"]},{"damage_healed":0.0,"max_hp_gain":0.0,"max_hp_loss":0.0,"gold_gain":0.0,"event_name":"Liars Game","player_choice":"Ignored","floor":5.0,"gold_loss":0.0,"damage_taken":0.0},{"damage_healed":0.0,"max_hp_gain":0.0,"max_hp_loss":0.0,"gold_gain":0.0,"event_name":"Scrap Ooze","player_choice":"Success","floor":12.0,"gold_loss":0.0,"damage_taken":5.0,"relics_obtained":["Bronze Scales"]},{"damage_healed":0.0,"max_hp_gain":0.0,"max_hp_loss":0.0,"gold_gain":0.0,"event_name":"Masked Bandits","player_choice":"Fought Bandits","floor":20.0,"gold_loss":0.0,"damage_taken":0.0},{"damage_healed":0.0,"max_hp_gain":0.0,"max_hp_loss":0.0,"gold_gain":0.0,"event_name":"Match and Keep!","player_choice":"0 cards matched","floor":22.0,"gold_loss":0.0,"damage_taken":0.0,"cards_obtained":[]},{"damage_healed":0.0,"max_hp_gain":0.0,"max_hp_loss":0.0,"gold_gain":0.0,"event_name":"The Library","player_choice":"Read","floor":30.0,"gold_loss":0.0,"damage_taken":0.0,"cards_obtained":["Sword Boomerang"]},{"damage_healed":0.0,"max_hp_gain":0.0,"max_hp_loss":0.0,"gold_gain":222.0,"event_name":"Tomb of Lord Red Mask","player_choice":"Wore Mask","floor":38.0,"gold_loss":0.0,"damage_taken":0.0},{"damage_healed":0.0,"max_hp_gain":0.0,"max_hp_loss":3.0,"gold_gain":0.0,"event_name":"Winding Halls","player_choice":"Max HP","floor":39.0,"gold_loss":0.0,"damage_taken":0.0}],"is_beta":false,"boss_relics":[{"not_picked":["Runic Pyramid","Black Star"],"picked":"Calling Bell"},{"not_picked":["Velvet Choker","Sozu"],"picked":"Cursed Key"}],"items_purged_floors":[2,19,36,45,46],"is_endless":false,"potions_floor_spawned":[1,14,21,24,28,31,40,42,47],"ascension_level":20}