{"gold_per_floor":[109,120,131,131,145,176,176,176,176,214,214,228,228,249,249,374,374,397,421,421,421,439,439,470,470,497,497,532,532,557,162,162,162],"floor_reached":33,"playtime":1425,"items_purged":[],"score":350,"play_id":"7c605be8-1589-4b96-ba74-1c73947ad448","local_time":"20181205210305","is_ascension_mode":true,"campfire_choices":[{"data":"Iron Wave","floor":7.0,"key":"SMITH"},{"data":"Barricade","floor":11.0,"key":"SMITH"},{"floor":13.0,"key":"REST"},{"data":"Entrench","floor":15.0,"key":"SMITH"},{"data":"Demon Form","floor":23.0,"key":"SMITH"},{"data":"Ghostly","floor":25.0,"key":"SMITH"},{"data":"Ghostly","floor":27.0,"key":"SMITH"},{"data":"Ghostly","floor":29.0,"key":"SMITH"},{"data":"Ghostly","floor":32.0,"key":"SMITH"}],"neow_cost":"NONE","seed_source_timestamp":0,"circlet_count":0,"master_deck":["Strike_R","Strike_R","Strike_R","Strike_R","Strike_R","Defend_R","Defend_R","Defend_R","Defend_R","Bash","Barricade+1","Dropkick","Iron Wave+1","Disarm","Thunderclap","Body Slam","Flex","Entrench+1","Rage","Demon Form+1","Shrug It Off","Ghostly+1","Ghostly+1","Ghostly+1","Ghostly+1","Ghostly","Disarm","Reaper","Panacea"],"special_seed":0,"relics":["Burning Blood","Happy Flower","Golden Idol","Mercury Hourglass","Busted Crown","Nloth\u0027s Gift","Anchor","Potion Belt","WingedGreaves","Thread and Needle"],"potions_floor_usage":[33,33],"damage_taken":[{"damage":5.0,"enemies":"Cultist","floor":1.0,"turns":5.0},{"damage":6.0,"enemies":"2 Louse","floor":2.0,"turns":3.0},{"damage":2.0,"enemies":"Jaw Worm","floor":3.0,"turns":3.0},{"damage":12.0,"enemies":"2 Fungi Beasts","floor":5.0,"turns":4.0},{"damage":24.0,"enemies":"Gremlin Nob","floor":6.0,"turns":5.0},{"damage":15.0,"enemies":"3 Sentries","floor":10.0,"turns":5.0},{"damage":13.0,"enemies":"Blue Slaver","floor":12.0,"turns":4.0},{"damage":0.0,"enemies":"Lots of Slimes","floor":14.0,"turns":2.0},{"damage":56.0,"enemies":"Slime Boss","floor":16.0,"turns":15.0},{"damage":45.0,"enemies":"Shell Parasite","floor":18.0,"turns":7.0},{"damage":28.0,"enemies":"Chosen","floor":19.0,"turns":5.0},{"damage":0.0,"enemies":"Shelled Parasite and Fungi","floor":22.0,"turns":6.0},{"damage":22.0,"enemies":"Slavers","floor":24.0,"turns":6.0},{"damage":1.0,"enemies":"Gremlin Leader","floor":28.0,"turns":7.0},{"damage":0.0,"enemies":"Centurion and Healer","floor":30.0,"turns":5.0},{"damage":27,"enemies":"Collector","floor":33,"turns":3}],"seed_played":"-662545003348731335","potions_obtained":[{"floor":1.0,"key":"SmokeBomb"},{"floor":3.0,"key":"Strength Potion"},{"floor":5.0,"key":"BloodPotion"},{"floor":6.0,"key":"Dexterity Potion"},{"floor":28.0,"key":"LiquidBronze"},{"floor":30.0,"key":"Energy Potion"}],"is_trial":false,"path_per_floor":["M","M","M","?","M","E","R","?","T","E","R","M","R","M","R","B",null,"M","M","?","?","M","R","E","R","T","R","E","R","M","$","R","B"],"character_chosen":"IRONCLAD","items_purchased":["Thread and Needle","Panacea"],"campfire_rested":1,"item_purchase_floors":[31,31],"current_hp_per_floor":[80,80,80,80,74,56,56,56,56,47,47,40,62,68,68,18,74,35,20,20,20,26,26,10,10,10,10,15,15,21,21,21,0],"gold":162,"neow_bonus":"ONE_RANDOM_RARE_CARD","is_prod":false,"is_daily":false,"chose_seed":false,"campfire_upgraded":8,"win_rate":0,"timestamp":1544061785,"path_taken":["M","?","M","?","M","E","R","?","T","E","R","M","R","M","R","BOSS","M","M","?","?","?","R","E","R","T","R","E","R","M","?","R","BOSS"],"build_version":"2018-11-15","purchased_purges":0,"victory":false,"max_hp_per_floor":[80,80,80,80,80,80,80,74,74,74,74,74,74,74,74,74,74,74,74,37,37,37,37,37,37,37,37,37,37,37,37,37,37],"card_choices":[{"not_picked":["Cleave","Pummel"],"picked":"Dropkick","floor":1.0},{"not_picked":["Searing Blow","Heavy Blade"],"picked":"Iron Wave","floor":2.0},{"not_picked":["Anger","Heavy Blade"],"picked":"Disarm","floor":3.0},{"not_picked":["True Grit","Warcry"],"picked":"Thunderclap","floor":5.0},{"not_picked":["Headbutt","Immolate"],"picked":"Body Slam","floor":6.0},{"not_picked":["Thunderclap","Intimidate"],"picked":"Flex","floor":10.0},{"not_picked":["Thunderclap","Pummel"],"picked":"Entrench","floor":12.0},{"not_picked":["Flex","Cleave"],"picked":"Rage","floor":14.0},{"not_picked":["Impervious","Dark Embrace"],"picked":"Demon Form","floor":16.0},{"not_picked":[],"picked":"Shrug It Off","floor":18.0},{"not_picked":["Flex"],"picked":"SKIP","floor":19.0},{"not_picked":[],"picked":"Disarm","floor":22.0},{"not_picked":[],"picked":"Reaper","floor":24.0},{"not_picked":["Flex"],"picked":"SKIP","floor":28.0},{"not_picked":["Warcry"],"picked":"SKIP","floor":30.0}],"player_experience":129205,"relics_obtained":[{"floor":6.0,"key":"Happy Flower"},{"floor":9.0,"key":"PreservedInsect"},{"floor":10.0,"key":"Mercury Hourglass"},{"floor":24.0,"key":"Anchor"},{"floor":26.0,"key":"Potion Belt"},{"floor":28.0,"key":"WingedGreaves"}],"event_choices":[{"damage_healed":0.0,"max_hp_gain":0.0,"max_hp_loss":0.0,"gold_gain":0.0,"event_name":"The Cleric","player_choice":"Leave","floor":4.0,"gold_loss":0.0,"damage_taken":0.0},{"damage_healed":0.0,"max_hp_gain":0.0,"max_hp_loss":6.0,"gold_gain":0.0,"event_name":"Golden Idol","player_choice":"Lose Max HP","floor":8.0,"gold_loss":0.0,"damage_taken":0.0,"relics_obtained":["Golden Idol"]},{"damage_healed":0.0,"max_hp_gain":0.0,"max_hp_loss":37.0,"gold_gain":0.0,"event_name":"Ghosts","player_choice":"Became a Ghost","floor":20.0,"gold_loss":0.0,"damage_taken":0.0,"cards_obtained":["Ghostly","Ghostly","Ghostly","Ghostly","Ghostly"]},{"damage_healed":0.0,"max_hp_gain":0.0,"max_hp_loss":0.0,"gold_gain":0.0,"event_name":"N\u0027loth","player_choice":"Traded Relic","floor":21.0,"relics_lost":["PreservedInsect"],"gold_loss":0.0,"damage_taken":0.0,"relics_obtained":["Nloth\u0027s Gift"]}],"is_beta":false,"boss_relics":[{"not_picked":["Pandora\u0027s Box","Eternal Feather"],"picked":"Busted Crown"}],"items_purged_floors":[],"is_endless":false,"potions_floor_spawned":[1,3,5,6,12,28,30],"killed_by":"Collector","ascension_level":2}