{"gold_per_floor":[366,381,92,102,102,130,144,144,144,157,157,170,170,184,184,260,260,273,292,292,7,19,19,44,64,89,89],"floor_reached":27,"playtime":892,"items_purged":["Injury"],"score":474,"play_id":"f55f8bd1-c457-477a-ad0a-0d7889c3be3f","local_time":"20190510004403","is_ascension_mode":true,"campfire_choices":[{"data":"Apotheosis","floor":8,"key":"SMITH"},{"floor":11,"key":"REST"},{"floor":13,"key":"REST"},{"floor":15,"key":"REST"},{"floor":23,"key":"REST"}],"neow_cost":"CURSE","seed_source_timestamp":381843791307509,"circlet_count":0,"master_deck":["AscendersBane","Defend_G","Defend_G","Defend_G","Defend_G","Defend_G","Strike_G","Strike_G","Strike_G","Strike_G","Survivor","Neutralize","Skewer","Deadly Poison","Apotheosis+1","Dagger Throw","Bouncing Flask","Terror","Dash","Dodge and Roll","Leg Sweep","Dodge and Roll","After Image","Deflect+1"],"relics":["Ring of the Snake","Dodecahedron","Busted Crown","Dead Branch","Paper Crane","Shovel","Bag of Marbles"],"potions_floor_usage":[6,16,16,25,27],"damage_taken":[{"damage":7,"enemies":"Cultist","floor":1,"turns":4},{"damage":0,"enemies":"Small Slimes","floor":2,"turns":4},{"damage":1,"enemies":"Jaw Worm","floor":4,"turns":4},{"damage":25,"enemies":"Gremlin Nob","floor":6,"turns":4},{"damage":7,"enemies":"Large Slime","floor":7,"turns":5},{"damage":10,"enemies":"Gremlin Gang","floor":10,"turns":5},{"damage":8,"enemies":"Looter","floor":12,"turns":3},{"damage":6,"enemies":"3 Louse","floor":14,"turns":3},{"damage":41,"enemies":"Slime Boss","floor":16,"turns":9},{"damage":18,"enemies":"Chosen","floor":18,"turns":6},{"damage":0,"enemies":"Shell Parasite","floor":19,"turns":6},{"damage":0,"enemies":"Snecko","floor":22,"turns":6},{"damage":18,"enemies":"Book of Stabbing","floor":24,"turns":6},{"damage":18,"enemies":"Cultist and Chosen","floor":25,"turns":7},{"damage":18,"enemies":"Gremlin Leader","floor":27,"turns":5}],"seed_played":"3242693560707331552","potions_obtained":[{"floor":2,"key":"Ancient Potion"},{"floor":4,"key":"PowerPotion"},{"floor":10,"key":"FearPotion"},{"floor":16,"key":"Fire Potion"},{"floor":18,"key":"SteroidPotion"},{"floor":25,"key":"Dexterity Potion"}],"is_trial":false,"path_per_floor":["M","M","$","M","?","E","M","R","T","M","R","M","R","M","R","B",null,"M","M","T","$","M","R","E","M","T","E"],"character_chosen":"THE_SILENT","items_purchased":["Apotheosis","Dagger Throw","Paper Crane"],"campfire_rested":4,"item_purchase_floors":[3,3,21],"current_hp_per_floor":[52,52,52,51,51,26,19,19,19,9,28,20,39,33,52,11,52,34,34,34,34,34,53,35,17,17,0],"gold":89,"neow_bonus":"TWO_FIFTY_GOLD","is_prod":false,"is_daily":false,"chose_seed":false,"campfire_upgraded":1,"win_rate":0,"timestamp":1557459843,"path_taken":["M","M","$","M","?","E","M","R","T","M","R","M","R","M","R","BOSS","M","M","?","$","?","R","E","?","T","E"],"build_version":"2019-01-23","purchased_purges":1,"victory":false,"max_hp_per_floor":[66,66,66,66,66,66,66,66,66,66,66,66,66,66,66,66,66,66,66,66,66,66,66,66,66,66,66],"card_choices":[{"not_picked":["Flechettes","Bane"],"picked":"Skewer","floor":1},{"not_picked":["Endless Agony","Prepared"],"picked":"Deadly Poison","floor":2},{"not_picked":["Underhanded Strike","Eviscerate"],"picked":"Bouncing Flask","floor":4},{"not_picked":["Setup","Caltrops"],"picked":"Dash","floor":6},{"not_picked":["Poisoned Stab","Quick Slash"],"picked":"Dodge and Roll","floor":7},{"not_picked":["Deflect","Underhanded Strike"],"picked":"Leg Sweep","floor":10},{"not_picked":["Underhanded Strike","Infinite Blades"],"picked":"Dodge and Roll","floor":12},{"not_picked":["Poisoned Stab","Flechettes","Deadly Poison"],"picked":"SKIP","floor":14},{"not_picked":["Burst","Die Die Die"],"picked":"After Image","floor":16},{"not_picked":["Reflex"],"picked":"SKIP","floor":18},{"not_picked":[],"picked":"Deflect+1","floor":19},{"not_picked":["Deflect"],"picked":"SKIP","floor":22},{"not_picked":["Underhanded Strike"],"picked":"SKIP","floor":24},{"not_picked":["Accuracy"],"picked":"SKIP","floor":25}],"player_experience":2297047,"relics_obtained":[{"floor":6,"key":"Dodecahedron"},{"floor":20,"key":"Dead Branch"},{"floor":24,"key":"Shovel"},{"floor":26,"key":"Bag of Marbles"}],"event_choices":[{"damage_healed":0,"gold_gain":0,"cards_transformed":["Strike_G"],"player_choice":"Transformed","damage_taken":0,"max_hp_gain":0,"max_hp_loss":0,"event_name":"Transmorgrifier","floor":5,"gold_loss":0,"cards_obtained":["Terror"]}],"is_beta":false,"boss_relics":[{"not_picked":["Empty Cage","HoveringKite"],"picked":"Busted Crown"}],"items_purged_floors":[3],"is_endless":false,"potions_floor_spawned":[2,4,10,16,18,19,22,25],"killed_by":"Gremlin Leader","ascension_level":20}