{"gold_per_floor":[118,118,193,193,207,207,232,232,259,294,62,78,98,127,127,225,225,236,255,270,270,284,315,34,52,79,79,79,109,109,127,127,127],"floor_reached":33,"playtime":1579,"items_purged":[],"score":429,"play_id":"ec84ead8-6a6a-4c52-8fd9-e107e48670d8","local_time":"20181214215434","is_ascension_mode":true,"campfire_choices":[{"data":"Armaments","floor":6.0,"key":"SMITH"},{"data":"Bash","floor":8.0,"key":"SMITH"},{"data":"Whirlwind","floor":15,"key":"SMITH"},{"floor":27,"key":"REST"},{"floor":30,"key":"REST"},{"floor":32,"key":"REST"}],"neow_cost":"NONE","seed_source_timestamp":121933936833613,"circlet_count":0,"master_deck":["Strike_R","Strike_R","Strike_R","Strike_R+1","Strike_R","Defend_R","Defend_R","Defend_R","Defend_R","Bash+1","Thunderclap","Armaments+1","Impervious","Seeing Red","Whirlwind+1","Shockwave","Dropkick","Disarm","Fiend Fire+1","Seeing Red+1","Headbutt","Warcry+1","Sentinel","Iron Wave","Exhume","Feed","Havoc","Spot Weakness","Offering","Shrug It Off"],"special_seed":0,"relics":["Burning Blood","NeowsBlessing","Charon\u0027s Ashes","Art of War","Centennial Puzzle","Pen Nib","Thread and Needle","Sozu","Whetstone","Boot","Meat on the Bone"],"potions_floor_usage":[14,16,25],"damage_taken":[{"damage":0.0,"enemies":"Jaw Worm","floor":1.0,"turns":1.0},{"damage":0.0,"enemies":"Small Slimes","floor":5.0,"turns":1.0},{"damage":0.0,"enemies":"3 Sentries","floor":7.0,"turns":1.0},{"damage":32.0,"enemies":"Gremlin Nob","floor":10.0,"turns":4.0},{"damage":0,"enemies":"Cultist","floor":12,"turns":2},{"damage":5,"enemies":"Red Slaver","floor":13,"turns":4},{"damage":14,"enemies":"3 Sentries","floor":14,"turns":3},{"damage":40,"enemies":"Hexaghost","floor":16,"turns":11},{"damage":18,"enemies":"Spheric Guardian","floor":18,"turns":4},{"damage":0,"enemies":"Shell Parasite","floor":19,"turns":3},{"damage":0,"enemies":"3 Cultists","floor":20,"turns":2},{"damage":15,"enemies":"Snake Plant","floor":22,"turns":2},{"damage":51,"enemies":"Gremlin Leader","floor":23,"turns":6},{"damage":16,"enemies":"Snecko","floor":25,"turns":5},{"damage":29,"enemies":"Book of Stabbing","floor":29,"turns":5},{"damage":22,"enemies":"Shelled Parasite and Fungi","floor":31,"turns":4},{"damage":73,"enemies":"Automaton","floor":33,"turns":6}],"seed_played":"-6529154403604516820","potions_obtained":[{"floor":5.0,"key":"AttackPotion"},{"floor":10.0,"key":"BloodPotion"},{"floor":12,"key":"AttackPotion"},{"floor":14,"key":"BloodPotion"}],"is_trial":false,"path_per_floor":["M","$","?","?","M","R","E","R","T","E","$","M","M","E","R","B",null,"M","M","M","?","M","E","$","M","T","R","$","E","R","M","R","B"],"character_chosen":"IRONCLAD","items_purchased":["Pen Nib","Whirlwind","Feed","Havoc","Spot Weakness"],"campfire_rested":3,"item_purchase_floors":[11,11,24,24,24],"current_hp_per_floor":[78,78,67,67,73,73,79,79,79,53,53,59,60,52,52,26,67,55,61,67,67,58,13,13,15,15,40,40,17,42,41,67,0],"gold":127,"neow_bonus":"THREE_ENEMY_KILL","is_prod":false,"is_daily":false,"chose_seed":false,"campfire_upgraded":3,"win_rate":0,"timestamp":1544842474,"path_taken":["M","$","?","?","M","R","E","R","T","E","$","M","M","E","R","BOSS","M","M","M","?","M","E","$","M","T","R","$","E","R","M","R","BOSS"],"build_version":"2018-12-13","purchased_purges":0,"victory":false,"max_hp_per_floor":[80,80,80,80,80,80,80,80,80,80,80,80,80,80,80,80,80,80,80,80,80,80,80,80,84,84,84,84,84,84,87,87,87],"card_choices":[{"not_picked":["Feel No Pain","Blood for Blood"],"picked":"Thunderclap","floor":1.0},{"not_picked":["Fire Breathing","Body Slam"],"picked":"Armaments","floor":5.0},{"not_picked":["Entrench","Sword Boomerang"],"picked":"Impervious","floor":7.0},{"not_picked":["Bloodletting","Infernal Blade"],"picked":"Seeing Red","floor":10.0},{"not_picked":["True Grit","Blood for Blood"],"picked":"Shockwave","floor":12},{"not_picked":["Flex","Feel No Pain"],"picked":"Dropkick","floor":13},{"not_picked":["Armaments","Burning Pact"],"picked":"Disarm","floor":14},{"not_picked":["Berserk","Juggernaut"],"picked":"Fiend Fire","floor":16},{"not_picked":["Anger+1","Clothesline"],"picked":"Seeing Red+1","floor":18},{"not_picked":["Flex","Second Wind"],"picked":"Headbutt","floor":19},{"not_picked":["Clothesline","Blood for Blood"],"picked":"Warcry+1","floor":20},{"not_picked":["Combust","Sword Boomerang"],"picked":"Iron Wave","floor":22},{"not_picked":["Body Slam","Second Wind"],"picked":"Exhume","floor":23},{"not_picked":["Cleave+1","Anger","Clash+1"],"picked":"SKIP","floor":25},{"not_picked":["Sever Soul","Rupture"],"picked":"Offering","floor":29},{"not_picked":["Perfected Strike","Sword Boomerang"],"picked":"Shrug It Off","floor":31}],"player_experience":145962,"relics_obtained":[{"floor":7.0,"key":"Charon\u0027s Ashes"},{"floor":9.0,"key":"Art of War"},{"floor":10.0,"key":"Centennial Puzzle"},{"floor":14,"key":"Thread and Needle"},{"floor":23,"key":"Whetstone"},{"floor":26,"key":"Boot"},{"floor":29,"key":"Meat on the Bone"}],"event_choices":[{"damage_healed":0.0,"max_hp_gain":0.0,"max_hp_loss":0.0,"gold_gain":75.0,"event_name":"World of Goop","player_choice":"Gather Gold","floor":3.0,"gold_loss":0.0,"damage_taken":11.0},{"damage_healed":0.0,"max_hp_gain":0.0,"max_hp_loss":0.0,"gold_gain":0.0,"event_name":"Liars Game","player_choice":"Ignored","floor":4.0,"gold_loss":0.0,"damage_taken":0.0},{"damage_healed":0,"gold_gain":0,"player_choice":"1 cards matched","damage_taken":0,"max_hp_gain":0,"max_hp_loss":0,"event_name":"Match and Keep!","floor":21,"gold_loss":0,"cards_obtained":["Sentinel"]}],"is_beta":false,"boss_relics":[{"not_picked":["Snecko Eye","Tiny House"],"picked":"Sozu"}],"items_purged_floors":[],"is_endless":false,"potions_floor_spawned":[5,10,12,14,18,19,23,25],"killed_by":"Automaton","ascension_level":6}