{"path_per_floor":["M","?","M","?","M","R","E","M","T","M","M","R","$","E","R","B",null,"M","M","M","$","M","R","M"],"character_chosen":"IRONCLAD","items_purchased":["Apotheosis","Flex"],"gold_per_floor":[118,118,138,138,148,148,179,199,223,235,251,251,16,47,47,145,175,189,200,220,145,164,164,181],"floor_reached":25,"campfire_rested":1,"playtime":1092,"current_hp_per_floor":[80,80,80,73,78,78,78,80,80,80,74,74,74,66,66,33,85,75,77,48,48,11,36,10],"items_purged":["Strike_R"],"gold":181,"score":242,"play_id":"51134121-3a68-49a6-919a-e6c80a9e7c52","is_prod":false,"is_daily":false,"is_ascension_mode":false,"campfire_upgraded":3,"path_taken":["M","?","M","?","M","R","E","M","T","?","?","R","$","E","R","BOSS","M","M","M","$","M","R","M","M"],"build_version":"2018-02-19-BETA1","purchased_purges":1,"victory":false,"master_deck":["Strike_R","Strike_R","Strike_R","Strike_R","Defend_R","Defend_R","Defend_R","Bash+1","Demon Form+1","Flex","Seeing Red+1","Infernal Blade+1","Apotheosis+1","Flex","Shrug It Off","Limit Break","Inflame","Shrug It Off","Flex","Berserk"],"max_hp_per_floor":[80,80,80,80,80,80,80,80,80,80,80,80,80,80,80,80,85,85,85,85,85,85,85,85],"relics":["Burning Blood","Blood Vial","Lantern","Tiny House"],"card_choices":[{"not_picked":["Iron Wave","Disarm"],"picked":"Demon Form"},{"not_picked":["Clothesline","Sword Boomerang"],"picked":"Flex"},{"not_picked":["Battle Trance","Ghostly Armor"],"picked":"Seeing Red"},{"not_picked":["Corruption","Sword Boomerang"],"picked":"Infernal Blade"},{"not_picked":["True Grit","Ghostly Armor"],"picked":"Shrug It Off"},{"not_picked":["Reaper","Brutality"],"picked":"Limit Break"},{"not_picked":["Anger","Armaments"],"picked":"Inflame"},{"not_picked":["Body Slam","Cleave"],"picked":"Shrug It Off"},{"not_picked":["Entrench","True Grit"],"picked":"Flex"},{"not_picked":["Perfected Strike","Wild Strike"],"picked":"Berserk"}],"player_experience":115121,"potions_floor_usage":[10,18,19,25],"damage_taken":[{"damage":6,"enemies":"Jaw Worm","floor":1,"turns":3},{"damage":5,"enemies":"Small Slimes","floor":3,"turns":3},{"damage":1,"enemies":"2 Louse","floor":5,"turns":4},{"damage":6,"enemies":"Gremlin Nob","floor":7,"turns":3},{"damage":6,"enemies":"Exordium Wildlife","floor":8,"turns":2},{"damage":4,"enemies":"Gremlin Gang","floor":10,"turns":2},{"damage":12,"enemies":"Red Slaver","floor":11,"turns":5},{"damage":16,"enemies":"3 Sentries","floor":14,"turns":6},{"damage":41,"enemies":"Hexaghost","floor":16,"turns":5},{"damage":16,"enemies":"2 Thieves","floor":18,"turns":5},{"damage":6,"enemies":"Shell Parasite","floor":19,"turns":5},{"damage":37,"enemies":"Snecko","floor":20,"turns":6},{"damage":45,"enemies":"Chosen and Byrds","floor":22,"turns":7},{"damage":34,"enemies":"Snake Plant","floor":24,"turns":4},{"damage":18,"enemies":"3 Cultists","floor":25,"turns":2}],"event_choices":[{"event_name":"Liars Game","player_choice":"disagreed","floor":2,"damage_taken":0},{"event_name":"Golden Wing","player_choice":"Card Removal","floor":4,"damage_taken":0}],"boss_relics":[{"not_picked":["Runic Pyramid","Calling Bell"],"picked":"Tiny House"}],"potions_floor_spawned":[3,5,11,14,18,24],"seed_played":"-592165336248794531","killed_by":"3 Cultists","ascension_level":0,"is_trial":false}