{"gold_per_floor":[113,128,143,160,177,208,208,238,238,238,263,279,33,47,47,145,145,157,117,136,154,164,190,201,228,228,248,308,321,321,331,331,426,426,440,440,440,450,465,496,514,514,514,529,99,109,128,128,128,128],"floor_reached":51,"playtime":3532,"items_purged":["Strike_R","Strike_R"],"score":1122,"play_id":"645834f5-7123-4e60-ad3d-17d135492c20","local_time":"20181220225950","is_ascension_mode":true,"campfire_choices":[{"floor":7.0,"key":"REST"},{"floor":15.0,"key":"REST"},{"data":"Limit Break","floor":32,"key":"SMITH"},{"data":"Limit Break","floor":42,"key":"SMITH"},{"data":"Flame Barrier","floor":49,"key":"SMITH"}],"neow_cost":"NONE","seed_source_timestamp":642326631002828,"circlet_count":0,"master_deck":["Strike_R","Strike_R","Defend_R","Defend_R","Defend_R","Defend_R","Bash","Inflame","Whirlwind","Pommel Strike+1","Thunderclap","Rage","Dropkick+1","Flame Barrier+1","Battle Trance","Shrug It Off","Shrug It Off","Limit Break+1","Headbutt","Flex+1","Inflame","Spot Weakness+1","Fiend Fire","Parasite","Shockwave","Seeing Red","Writhe","Clothesline+1","Feed","True Grit+1","Madness","Madness","Limit Break+1","Armaments+1","Decay","Pummel+1","Disarm","Injury"],"special_seed":0,"relics":["Burning Blood","Thread and Needle","Dream Catcher","Shuriken","Potion Belt","Lantern","Cursed Key","Peace Pipe","Meat on the Bone","Orichalcum","Tiny Chest","Gambling Chip","Eternal Feather","Red Skull","Magic Flower","Bottled Lightning","Gremlin Horn"],"potions_floor_usage":[22,24,25,33,44,47,50,50,50],"damage_taken":[{"damage":1.0,"enemies":"Cultist","floor":1.0,"turns":4.0},{"damage":0.0,"enemies":"2 Louse","floor":2.0,"turns":1.0},{"damage":12.0,"enemies":"Small Slimes","floor":3.0,"turns":3.0},{"damage":16.0,"enemies":"Blue Slaver","floor":4.0,"turns":4.0},{"damage":11.0,"enemies":"3 Louse","floor":5.0,"turns":3.0},{"damage":40.0,"enemies":"3 Sentries","floor":6.0,"turns":9.0},{"damage":16.0,"enemies":"Gremlin Nob","floor":8.0,"turns":4.0},{"damage":11.0,"enemies":"Lagavulin","floor":11.0,"turns":7.0},{"damage":0.0,"enemies":"Lots of Slimes","floor":12.0,"turns":2.0},{"damage":13.0,"enemies":"Gremlin Gang","floor":14.0,"turns":4.0},{"damage":0,"enemies":"Slime Boss","floor":16,"turns":10},{"damage":6,"enemies":"Chosen","floor":18,"turns":6},{"damage":3,"enemies":"Shell Parasite","floor":20,"turns":4},{"damage":0,"enemies":"Snecko","floor":21,"turns":4},{"damage":8,"enemies":"Centurion and Healer","floor":22,"turns":7},{"damage":0,"enemies":"Gremlin Leader","floor":23,"turns":5},{"damage":7,"enemies":"Snake Plant","floor":24,"turns":3},{"damage":60,"enemies":"Slavers","floor":25,"turns":6},{"damage":1,"enemies":"Cultist and Chosen","floor":27,"turns":6},{"damage":5,"enemies":"Gremlin Leader","floor":28,"turns":5},{"damage":19,"enemies":"Snecko","floor":29,"turns":6},{"damage":14,"enemies":"Sentry and Sphere","floor":31,"turns":4},{"damage":33,"enemies":"Collector","floor":33,"turns":8},{"damage":0,"enemies":"3 Shapes","floor":35,"turns":3},{"damage":12,"enemies":"Orb Walker","floor":38,"turns":4},{"damage":40,"enemies":"Writhing Mass","floor":39,"turns":4},{"damage":5,"enemies":"Nemesis","floor":40,"turns":3},{"damage":27,"enemies":"3 Darklings","floor":41,"turns":3},{"damage":13,"enemies":"Sphere and 2 Shapes","floor":44,"turns":5},{"damage":6,"enemies":"Maw","floor":46,"turns":7},{"damage":26,"enemies":"4 Shapes","floor":47,"turns":5},{"damage":46,"enemies":"Time Eater","floor":50,"turns":7}],"seed_played":"232278569010598909","potions_obtained":[{"floor":2.0,"key":"Dexterity Potion"},{"floor":5.0,"key":"AttackPotion"},{"floor":8.0,"key":"GamblersBrew"},{"floor":11.0,"key":"Block Potion"},{"floor":12.0,"key":"Dexterity Potion"},{"floor":18,"key":"Block Potion"},{"floor":22,"key":"Block Potion"},{"floor":27,"key":"FearPotion"},{"floor":33,"key":"Energy Potion"},{"floor":39,"key":"Weak Potion"},{"floor":40,"key":"Energy Potion"},{"floor":46,"key":"PowerPotion"},{"floor":47,"key":"Weak Potion"}],"is_trial":false,"path_per_floor":["M","M","M","M","M","E","R","E","T","?","E","M","$","M","R","B",null,"M","?","M","M","M","E","M","E","T","M","E","M","?","M","R","B",null,"M","?","?","M","M","E","M","R","T","M","$","M","M","T","R","B",null],"character_chosen":"IRONCLAD","items_purchased":["Shrug It Off","Lantern","Bottled Lightning","Disarm"],"campfire_rested":2,"item_purchase_floors":[13,13,45,45],"current_hp_per_floor":[77,80,74,64,59,25,49,39,39,39,34,40,40,33,57,63,76,76,76,79,80,78,80,79,25,25,42,55,54,54,58,58,43,71,80,70,70,64,42,55,46,67,67,68,68,76,59,59,80,61],"gold":128,"neow_bonus":"THREE_CARDS","is_prod":false,"is_daily":false,"chose_seed":false,"campfire_upgraded":3,"win_rate":0,"timestamp":1545364790,"path_taken":["M","M","M","M","?","E","R","E","T","?","E","M","$","M","R","BOSS","M","?","M","M","M","E","?","E","T","M","E","M","?","M","R","BOSS","M","?","?","M","?","E","M","R","T","M","$","?","M","?","R","BOSS"],"build_version":"2018-12-20","purchased_purges":2,"victory":true,"max_hp_per_floor":[80,80,80,80,80,80,80,80,80,80,80,80,80,80,80,80,80,80,80,80,80,80,80,80,80,80,80,80,80,80,80,80,80,80,83,83,83,83,83,83,83,83,83,86,86,89,89,89,89,89],"card_choices":[{"not_picked":["Cleave","Metallicize"],"picked":"Inflame","floor":0.0},{"not_picked":["Warcry","Clash"],"picked":"Whirlwind","floor":1.0},{"not_picked":["Body Slam","Thunderclap"],"picked":"Pommel Strike","floor":2.0},{"not_picked":["Clothesline","Entrench"],"picked":"Thunderclap","floor":3.0},{"not_picked":["Cleave","Havoc"],"picked":"Rage","floor":4.0},{"not_picked":["Perfected Strike","Sword Boomerang"],"picked":"Dropkick","floor":5.0},{"not_picked":["Juggernaut","Dual Wield"],"picked":"Flame Barrier","floor":6.0},{"not_picked":["Clothesline","Anger"],"picked":"Battle Trance","floor":8.0},{"not_picked":["Corruption","Hemokinesis","Burning Pact"],"picked":"SKIP","floor":11.0},{"not_picked":["Warcry","Heavy Blade","Clash"],"picked":"SKIP","floor":12.0},{"not_picked":["Clothesline","Armaments"],"picked":"Shrug It Off","floor":14.0},{"not_picked":["Reaper","Double Tap"],"picked":"Limit Break","floor":16},{"not_picked":["Sword Boomerang","Flame Barrier"],"picked":"Headbutt","floor":18},{"not_picked":["Wild Strike+1","Shrug It Off","Headbutt"],"picked":"SKIP","floor":20},{"not_picked":["Power Through","Second Wind"],"picked":"Flex+1","floor":21},{"not_picked":["Thunderclap","Havoc"],"picked":"Inflame","floor":22},{"not_picked":["Wild Strike","Double Tap"],"picked":"Spot Weakness+1","floor":23},{"not_picked":["Body Slam","Havoc","Sever Soul"],"picked":"SKIP","floor":24},{"not_picked":["Entrench","Thunderclap"],"picked":"Fiend Fire","floor":25},{"not_picked":["Anger","Dropkick"],"picked":"Shockwave","floor":27},{"not_picked":["Clash","Bloodletting","Fiend Fire"],"picked":"SKIP","floor":28},{"not_picked":["Infernal Blade","Perfected Strike"],"picked":"Seeing Red","floor":29},{"not_picked":["Anger","Shrug It Off"],"picked":"Clothesline+1","floor":31},{"not_picked":["Exhume","Fiend Fire"],"picked":"Feed","floor":33},{"not_picked":["Searing Blow+1","Clash+1"],"picked":"True Grit+1","floor":35},{"not_picked":["Burning Pact+1","Cleave","Perfected Strike"],"picked":"SKIP","floor":38},{"not_picked":["Second Wind+1","Bloodletting","Pommel Strike+1"],"picked":"SKIP","floor":39},{"not_picked":["Thunderclap","Armaments+1"],"picked":"Limit Break","floor":40},{"not_picked":["Battle Trance+1","Cleave"],"picked":"Armaments+1","floor":41},{"not_picked":["Ghostly Armor","True Grit"],"picked":"Pummel+1","floor":44},{"not_picked":["Second Wind+1","Anger","Havoc+1"],"picked":"SKIP","floor":46},{"not_picked":["Dual Wield","Hemokinesis","Thunderclap+1"],"picked":"SKIP","floor":47}],"player_experience":166691,"relics_obtained":[{"floor":6.0,"key":"Thread and Needle"},{"floor":8.0,"key":"Dream Catcher"},{"floor":9.0,"key":"Shuriken"},{"floor":11.0,"key":"Potion Belt"},{"floor":23,"key":"Peace Pipe"},{"floor":25,"key":"Meat on the Bone"},{"floor":26,"key":"Orichalcum"},{"floor":28,"key":"Tiny Chest"},{"floor":40,"key":"Red Skull"},{"floor":43,"key":"Magic Flower"},{"floor":48,"key":"Gremlin Horn"}],"event_choices":[{"cards_removed":["Strike_R"],"damage_healed":0.0,"max_hp_gain":0.0,"max_hp_loss":0.0,"gold_gain":0.0,"event_name":"Living Wall","player_choice":"Forget","floor":10.0,"gold_loss":0.0,"damage_taken":0.0},{"damage_healed":0,"gold_gain":0,"player_choice":"Upgraded Two","damage_taken":0,"max_hp_gain":0,"max_hp_loss":0,"event_name":"Designer","floor":19,"gold_loss":40,"cards_upgraded":["Dropkick","Pommel Strike"]},{"damage_healed":0,"gold_gain":0,"player_choice":"Opened","damage_taken":0,"relics_obtained":["Gambling Chip"],"max_hp_gain":0,"max_hp_loss":0,"event_name":"The Mausoleum","floor":30,"gold_loss":0,"cards_obtained":["Writhe"]},{"damage_healed":0,"gold_gain":0,"player_choice":"Embrace Madness","damage_taken":10,"max_hp_gain":0,"max_hp_loss":0,"event_name":"Winding Halls","floor":36,"gold_loss":0,"cards_obtained":["Madness","Madness"]},{"damage_healed":0,"gold_gain":0,"player_choice":"Ignored","damage_taken":0,"max_hp_gain":0,"max_hp_loss":0,"event_name":"SecretPortal","floor":37,"gold_loss":0}],"is_beta":false,"boss_relics":[{"not_picked":["Runic Pyramid","Astrolabe"],"picked":"Cursed Key"},{"not_picked":["Philosopher\u0027s Stone","Black Blood"],"picked":"Eternal Feather"}],"items_purged_floors":[13,45],"is_endless":false,"potions_floor_spawned":[2,5,8,11,12,18,22,27,33,39,40,46,47],"ascension_level":7}