{"gold_per_floor":[109,123,123,143,159,159,173,173,198,198,228,242,258,283,283,378,378,396,396,407,427,443,443,457,457],"floor_reached":25,"playtime":1287,"items_purged":[],"score":252,"play_id":"549f9fe0-612d-4af2-9503-1ddeffec9204","local_time":"20180701233903","is_ascension_mode":true,"campfire_choices":[{"data":"Chaos","floor":6,"key":"SMITH"},{"floor":8,"key":"REST"},{"floor":15,"key":"REST"},{"data":"Creative AI","floor":23,"key":"SMITH"}],"neow_cost":"","seed_source_timestamp":427228345962134,"circlet_count":0,"master_deck":["Strike_B","Strike_B","Strike_B","Strike_B","Defend_B","Defend_B","Defend_B","Defend_B","Zap","Dualcast","Hologram","Hologram","Chaos+1","Compile Driver","Defragment","Rainbow","Rebound","Electrodynamics","Creative AI+1","Doom and Gloom","Writhe","BootSequence","Rebound+1","Turbo+1","Beam Cell+1"],"relics":["Cracked Core","Ancient Tea Set","Bronze Scales","Matryoshka","Anchor","Happy Flower","Nuclear Battery","Bird Faced Urn"],"potions_floor_usage":[5,7,13],"damage_taken":[{"damage":1,"enemies":"2 Louse","floor":1,"turns":3},{"damage":0,"enemies":"Small Slimes","floor":2,"turns":3},{"damage":11,"enemies":"Jaw Worm","floor":4,"turns":4},{"damage":11,"enemies":"Lots of Slimes","floor":5,"turns":5},{"damage":22,"enemies":"Exordium Thugs","floor":7,"turns":5},{"damage":17,"enemies":"3 Sentries","floor":11,"turns":4},{"damage":10,"enemies":"Gremlin Gang","floor":12,"turns":4},{"damage":2,"enemies":"Large Slime","floor":13,"turns":4},{"damage":16,"enemies":"Lagavulin","floor":14,"turns":5},{"damage":23,"enemies":"Hexaghost","floor":16,"turns":8},{"damage":0,"enemies":"2 Thieves","floor":18,"turns":2},{"damage":14,"enemies":"Shell Parasite","floor":20,"turns":5},{"damage":38,"enemies":"Snecko","floor":21,"turns":5},{"damage":13,"enemies":"Slaver and Parasite","floor":22,"turns":4},{"damage":15,"enemies":"Snake Plant","floor":24,"turns":2},{"damage":29,"enemies":"Slavers","floor":25,"turns":2}],"seed_played":"-5033449830613364784","potions_obtained":[{"floor":4,"key":"Fire Potion"},{"floor":5,"key":"Poison Potion"},{"floor":12,"key":"Fire Potion"},{"floor":16,"key":"FearPotion"},{"floor":20,"key":"EssenceOfSteel"},{"floor":24,"key":"FearPotion"}],"is_trial":false,"path_per_floor":["M","M","?","M","M","R","M","R","T","T","E","M","M","E","R","B",null,"M","?","M","M","M","R","M"],"character_chosen":"DEFECT","items_purchased":[],"campfire_rested":2,"item_purchase_floors":[],"current_hp_per_floor":[74,74,71,60,49,49,27,49,49,49,32,22,20,4,26,3,75,75,75,71,43,34,34,21,0],"gold":457,"neow_bonus":"","is_prod":false,"is_daily":false,"chose_seed":false,"campfire_upgraded":2,"win_rate":0,"timestamp":1530506343,"path_taken":["M","M","?","?","M","R","M","R","T","?","E","M","?","E","R","BOSS","M","?","M","M","M","R","M","E"],"build_version":"2018-06-29","purchased_purges":0,"victory":false,"max_hp_per_floor":[75,75,75,75,75,75,75,75,75,75,75,75,75,75,75,75,75,75,75,75,75,75,75,75,75],"card_choices":[{"not_picked":["Steam","Cold Snap"],"picked":"Hologram","floor":1},{"not_picked":["Steam","Redo"],"picked":"Hologram","floor":2},{"not_picked":["Gash","Steam Power"],"picked":"Chaos","floor":4},{"not_picked":["Hologram","Streamline","Genetic Algorithm"],"picked":"SKIP","floor":5},{"not_picked":["Recycle","Conserve Battery"],"picked":"Compile Driver","floor":7},{"not_picked":["Cold Snap","Leap"],"picked":"Defragment","floor":11},{"not_picked":["Beam Cell","Glacier"],"picked":"Rainbow","floor":12},{"not_picked":["Cold Snap","Aggregate"],"picked":"Rebound","floor":13},{"not_picked":["Gash","Coolheaded"],"picked":"Electrodynamics","floor":14},{"not_picked":["Reboot","Hyperbeam"],"picked":"Creative AI","floor":16},{"not_picked":["Steam","Undo+1"],"picked":"Doom and Gloom","floor":18},{"not_picked":["Sweeping Beam","Darkness"],"picked":"BootSequence","floor":20},{"not_picked":["Leap","Sweeping Beam"],"picked":"Rebound+1","floor":21},{"not_picked":["Reinforced Body+1","Stack+1"],"picked":"Turbo+1","floor":22},{"not_picked":["Leap","Core Surge"],"picked":"Beam Cell+1","floor":24}],"player_experience":229183,"relics_obtained":[{"floor":9,"key":"Bronze Scales"},{"floor":10,"key":"Matryoshka"},{"floor":11,"key":"Anchor"},{"floor":14,"key":"Happy Flower"}],"event_choices":[{"event_name":"Scrap Ooze","player_choice":"success","floor":3,"damage_taken":3},{"event_name":"The Mausoleum","player_choice":"Yes","floor":19,"damage_taken":0}],"boss_relics":[{"not_picked":["Lizard Tail","Fusion Hammer"],"picked":"Nuclear Battery"}],"items_purged_floors":[],"is_endless":false,"potions_floor_spawned":[4,5,12,16,20,24],"killed_by":"Slavers","ascension_level":3}