{"gold_per_floor":[19,19,33,53,64,64,91,105,128,32,43,58,58,70,70,170,170,189,204,216,131,56,56,85,97,109,153,165,177,114,26,26,26],"floor_reached":33,"playtime":2378,"items_purged":["Strike_B","Defend_B"],"score":301,"play_id":"e03162ca-e1dd-40eb-8327-6edfd2eea3a3","local_time":"20181201002510","is_ascension_mode":true,"campfire_choices":[{"data":"Zap","floor":6,"key":"SMITH"},{"data":"Hologram","floor":13,"key":"SMITH"},{"data":"Dualcast","floor":15,"key":"SMITH"},{"data":"Rainbow","floor":23,"key":"SMITH"},{"floor":25,"key":"REST"},{"floor":29,"key":"REST"},{"floor":32,"key":"REST"}],"neow_cost":"NO_GOLD","seed_source_timestamp":138007309645309,"circlet_count":0,"master_deck":["Strike_B","Strike_B","Defend_B","Defend_B","Defend_B","Zap+1","Dualcast+1","Ball Lightning+1","Rebound+1","Reboot","FTL+1","Flash of Steel+1","Hologram+1","Conserve Battery","Rainbow+1","Reprogram","Chaos","Double Energy","Seek"],"relics":["Cracked Core","Molten Egg 2","Pen Nib","Blood Vial","Nuclear Battery","Potion Belt","MawBank","Matryoshka","Bag of Marbles","Nilry\u0027s Codex"],"potions_floor_usage":[16],"damage_taken":[{"damage":0,"enemies":"Jaw Worm","floor":1,"turns":4},{"damage":0,"enemies":"Cultist","floor":3,"turns":3},{"damage":8,"enemies":"Small Slimes","floor":4,"turns":2},{"damage":4,"enemies":"Blue Slaver","floor":5,"turns":4},{"damage":13,"enemies":"Lagavulin","floor":7,"turns":4},{"damage":4,"enemies":"2 Fungi Beasts","floor":8,"turns":2},{"damage":4,"enemies":"Gremlin Gang","floor":11,"turns":3},{"damage":2,"enemies":"Blue Slaver","floor":12,"turns":2},{"damage":0,"enemies":"2 Fungi Beasts","floor":14,"turns":2},{"damage":26,"enemies":"Hexaghost","floor":16,"turns":7},{"damage":0,"enemies":"Chosen","floor":18,"turns":3},{"damage":10,"enemies":"Shell Parasite","floor":19,"turns":3},{"damage":8,"enemies":"3 Cultists","floor":20,"turns":4},{"damage":35,"enemies":"Book of Stabbing","floor":24,"turns":5},{"damage":33,"enemies":"Gremlin Leader","floor":27,"turns":7},{"damage":88,"enemies":"Champ","floor":33,"turns":9}],"seed_played":"-7715324343848413809","potions_obtained":[{"floor":3,"key":"SkillPotion"},{"floor":4,"key":"LiquidBronze"},{"floor":7,"key":"SmokeBomb"},{"floor":8,"key":"EssenceOfSteel"},{"floor":24,"key":"Poison Potion"}],"is_trial":false,"path_per_floor":["M","?","M","M","M","R","E","M","T","$","M","M","R","M","R","B",null,"M","M","M","?","$","R","E","R","T","E","?","R","?","$","R","B"],"character_chosen":"DEFECT","items_purchased":["Flash of Steel+1"],"campfire_rested":3,"item_purchase_floors":[10],"current_hp_per_floor":[89,89,89,81,77,77,64,60,60,60,58,58,58,60,60,36,89,89,79,73,73,73,73,40,66,66,35,19,45,45,45,71,0],"gold":26,"neow_bonus":"TWENTY_PERCENT_HP_BONUS","is_prod":false,"is_daily":false,"chose_seed":false,"campfire_upgraded":4,"win_rate":0,"timestamp":1543645510,"path_taken":["M","?","M","M","M","R","E","?","T","?","M","M","R","M","R","BOSS","M","M","M","?","$","R","E","R","T","E","?","R","?","?","R","BOSS"],"build_version":"2018-11-15","purchased_purges":2,"victory":false,"max_hp_per_floor":[89,89,89,89,89,89,89,89,89,89,89,89,89,89,89,89,89,89,89,89,89,89,89,89,89,89,89,89,89,89,89,89,89],"card_choices":[{"not_picked":["Go for the Eyes","Sweeping Beam"],"picked":"Skim","floor":1},{"not_picked":["Steam Power","Leap"],"picked":"Ball Lightning+1","floor":3},{"not_picked":["Steam","Streamline+1"],"picked":"Rebound+1","floor":4},{"not_picked":["Turbo","Gash+1"],"picked":"Reboot","floor":5},{"not_picked":["Consume","Genetic Algorithm"],"picked":"FTL+1","floor":7},{"not_picked":["Doom and Gloom+1","Stack","Cold Snap+1"],"picked":"SKIP","floor":8},{"not_picked":["Coolheaded","Streamline+1","Go for the Eyes+1"],"picked":"SKIP","floor":11},{"not_picked":["Doom and Gloom+1","Capacitor"],"picked":"Hologram","floor":12},{"not_picked":["Skim","Cold Snap+1"],"picked":"Conserve Battery","floor":14},{"not_picked":["Hyperbeam+1","Fission"],"picked":"Rainbow","floor":16},{"not_picked":["Doom and Gloom+1","Gash+1"],"picked":"Reprogram","floor":18},{"not_picked":["Gash+1","Auto Shields","Capacitor"],"picked":"SKIP","floor":19},{"not_picked":["Coolheaded+1","Hologram"],"picked":"Chaos","floor":20},{"not_picked":["Tempest","Sweeping Beam+1"],"picked":"Double Energy","floor":24},{"not_picked":["Sweeping Beam+1","Stack"],"picked":"Seek","floor":27}],"player_experience":240881,"relics_obtained":[{"floor":7,"key":"Pen Nib"},{"floor":9,"key":"Blood Vial"},{"floor":24,"key":"MawBank"},{"floor":26,"key":"Matryoshka"},{"floor":27,"key":"Bag of Marbles"},{"floor":28,"key":"Nilry\u0027s Codex"}],"event_choices":[{"cards_removed":["Skim"],"damage_healed":0,"gold_gain":0,"player_choice":"Gave Card","damage_taken":0,"relics_obtained":["Molten Egg 2"],"max_hp_gain":0,"max_hp_loss":0,"event_name":"WeMeetAgain","floor":2,"gold_loss":0},{"damage_healed":0,"gold_gain":0,"player_choice":"Obtained Relic","damage_taken":0,"relics_obtained":["Potion Belt"],"max_hp_gain":0,"max_hp_loss":0,"event_name":"Addict","floor":21,"gold_loss":85},{"damage_healed":0,"gold_gain":0,"player_choice":"Obtained Book","damage_taken":16,"max_hp_gain":0,"max_hp_loss":0,"event_name":"Cursed Tome","floor":28,"gold_loss":0},{"cards_removed":["Strike_B"],"damage_healed":0,"gold_gain":0,"player_choice":"Gave Gold","damage_taken":0,"max_hp_gain":0,"max_hp_loss":0,"event_name":"Beggar","floor":30,"gold_loss":75}],"is_beta":true,"boss_relics":[{"not_picked":["Snecko Eye","Sozu"],"picked":"Nuclear Battery"}],"items_purged_floors":[22,31],"is_endless":false,"potions_floor_spawned":[3,4,7,8,14,24],"killed_by":"Champ","ascension_level":1}