{"gold_per_floor":[364,364,33,183,108,108,8,8,8,22,22,32,57,84,96,184,196,218,230,242,254,282,294,306],"floor_reached":24,"playtime":525,"items_purged":["Strike_R","Strike_R"],"score":484,"play_id":"d8305999-c02e-4ca0-b2c8-07c047faf146","local_time":"20190305164539","is_ascension_mode":true,"campfire_choices":[{"data":"Enlightenment","floor":6.0,"key":"SMITH"},{"data":"Bludgeon","floor":8.0,"key":"SMITH"},{"data":"Evolve","floor":15.0,"key":"SMITH"},{"data":"Dark Embrace","floor":23.0,"key":"SMITH"}],"neow_cost":"PERCENT_DAMAGE","seed_source_timestamp":366148694169400,"circlet_count":0,"master_deck":["AscendersBane","Strike_R","Strike_R","Strike_R","Defend_R","Defend_R","Defend_R","Defend_R","Bash","Feel No Pain","Bludgeon+1","Enlightenment+1","Impervious","Evolve+1","Seeing Red","Second Wind","Dark Embrace+1","Ghostly","Ghostly","Ghostly"],"special_seed":0,"relics":["Burning Blood","Oddly Smooth Stone","Prayer Wheel","MawBank","Sozu","Nilry\u0027s Codex"],"potions_floor_usage":[24],"damage_taken":[{"damage":11.0,"enemies":"Jaw Worm","floor":1.0,"turns":4.0},{"damage":8.0,"enemies":"Gremlin Nob","floor":7.0,"turns":3.0},{"damage":0.0,"enemies":"Small Slimes","floor":10.0,"turns":2.0},{"damage":0.0,"enemies":"2 Louse","floor":12.0,"turns":2.0},{"damage":1.0,"enemies":"3 Sentries","floor":13.0,"turns":6.0},{"damage":0.0,"enemies":"Exordium Wildlife","floor":14.0,"turns":4.0},{"damage":0.0,"enemies":"Slime Boss","floor":16.0,"turns":6.0},{"damage":20.0,"enemies":"Spheric Guardian","floor":18.0,"turns":5.0},{"damage":1.0,"enemies":"Chosen","floor":22.0,"turns":5.0},{"damage":23,"enemies":"Masked Bandits","floor":24,"turns":2}],"seed_played":"7534716779127965190","potions_obtained":[{"floor":1.0,"key":"GamblersBrew"},{"floor":16.0,"key":"Explosive Potion"}],"is_trial":false,"path_per_floor":["M","?","$","?","?","R","?","R","T","M","$","M","E","M","R","B",null,"M","?","$","?","M","R","?"],"character_chosen":"IRONCLAD","items_purchased":["Bludgeon","Enlightenment"],"campfire_rested":0,"item_purchase_floors":[3,3],"current_hp_per_floor":[45,27,27,27,27,27,25,25,25,31,31,37,42,48,48,54,70,56,37,37,16,21,21,0],"gold":306,"neow_bonus":"TWO_FIFTY_GOLD","is_prod":false,"is_daily":false,"chose_seed":false,"campfire_upgraded":4,"win_rate":0,"timestamp":1551775539,"path_taken":["M","?","$","?","?","R","?","R","T","M","?","M","E","M","R","BOSS","M","?","$","?","M","R","?"],"build_version":"2019-01-23","purchased_purges":2,"victory":false,"max_hp_per_floor":[75,75,75,75,75,75,75,75,75,75,75,75,75,75,75,75,75,75,37,37,37,37,37,37],"card_choices":[{"not_picked":["Armaments","Body Slam"],"picked":"Feel No Pain","floor":1.0},{"not_picked":["True Grit","Headbutt"],"picked":"Impervious","floor":10.0},{"not_picked":["Thunderclap","Metallicize","Fire Breathing"],"picked":"SKIP","floor":10.0},{"not_picked":["Combust","Sword Boomerang"],"picked":"Evolve","floor":12.0},{"not_picked":["Flex","Warcry"],"picked":"Seeing Red","floor":12.0},{"not_picked":["Evolve","Dropkick","Wild Strike"],"picked":"SKIP","floor":13.0},{"not_picked":["Iron Wave","Cleave"],"picked":"Second Wind","floor":14.0},{"not_picked":["Iron Wave","Clothesline","Anger"],"picked":"SKIP","floor":14.0},{"not_picked":["Fiend Fire","Reaper"],"picked":"Dark Embrace","floor":16.0},{"not_picked":["Hemokinesis","Rupture+1","Anger"],"picked":"SKIP","floor":18.0},{"not_picked":["Flex","Heavy Blade","Seeing Red"],"picked":"SKIP","floor":18.0},{"not_picked":["Pommel Strike","Combust+1","Intimidate"],"picked":"SKIP","floor":22.0},{"not_picked":["Intimidate","Thunderclap","Perfected Strike"],"picked":"SKIP","floor":22.0}],"player_experience":1162342,"relics_obtained":[{"floor":9.0,"key":"Prayer Wheel"},{"floor":13.0,"key":"MawBank"},{"floor":21.0,"key":"Nilry\u0027s Codex"}],"event_choices":[{"damage_healed":0.0,"max_hp_gain":0.0,"max_hp_loss":0.0,"gold_gain":0.0,"event_name":"Scrap Ooze","player_choice":"Success","floor":2.0,"gold_loss":0.0,"damage_taken":18.0,"relics_obtained":["Oddly Smooth Stone"]},{"damage_healed":0.0,"max_hp_gain":0.0,"max_hp_loss":0.0,"gold_gain":150.0,"event_name":"Liars Game","player_choice":"AGREE","floor":4.0,"gold_loss":0.0,"damage_taken":0.0,"cards_obtained":["Doubt"]},{"cards_removed":["Doubt"],"damage_healed":0.0,"max_hp_gain":0.0,"max_hp_loss":0.0,"gold_gain":0.0,"event_name":"The Cleric","player_choice":"Card Removal","floor":5.0,"gold_loss":75.0,"damage_taken":0.0},{"damage_healed":0.0,"max_hp_gain":0.0,"max_hp_loss":0.0,"gold_gain":0.0,"event_name":"Dead Adventurer","player_choice":"Searched \u00271\u0027 times","floor":7.0,"gold_loss":0.0,"damage_taken":0.0},{"damage_healed":0.0,"max_hp_gain":0.0,"max_hp_loss":38.0,"gold_gain":0.0,"event_name":"Ghosts","player_choice":"Became a Ghost","floor":19.0,"gold_loss":0.0,"damage_taken":0.0,"cards_obtained":["Ghostly","Ghostly","Ghostly"]},{"damage_healed":0.0,"max_hp_gain":0.0,"max_hp_loss":0.0,"gold_gain":0.0,"event_name":"Cursed Tome","player_choice":"Obtained Book","floor":21.0,"gold_loss":0.0,"damage_taken":21.0},{"damage_healed":0,"gold_gain":0,"player_choice":"Fought Bandits","damage_taken":0,"max_hp_gain":0,"max_hp_loss":0,"event_name":"Masked Bandits","floor":24,"gold_loss":0}],"is_beta":false,"boss_relics":[{"not_picked":["Black Blood","Astrolabe"],"picked":"Sozu"}],"items_purged_floors":[3,7],"is_endless":false,"potions_floor_spawned":[1,16,18],"killed_by":"Masked Bandits","ascension_level":20}