{"path_per_floor":["M","M","?","T","M","E","$","M","T","M","M","M","R","E","R","B",null,"M","M","?","M","?","E","?","E","T","R","M","E","M","T","R"],"character_chosen":"IRONCLAD","items_purchased":["Oddly Smooth Stone"],"gold_per_floor":[117,127,202,226,238,265,46,59,59,72,85,104,104,132,132,228,228,240,250,250,267,267,292,217,250,250,250,266,291,302,325,325,325],"floor_reached":33,"campfire_rested":1,"playtime":1399,"current_hp_per_floor":[72,72,61,61,59,39,39,39,39,46,54,61,61,67,67,38,72,72,72,72,72,72,35,35,12,12,33,37,37,36,36,36,0],"items_purged":["Havoc"],"gold":325,"score":335,"play_id":"3ffbb1f4-9334-4cf5-ab4f-6868419c53c5","local_time":"20180420213226","is_prod":false,"is_daily":false,"chose_seed":false,"is_ascension_mode":true,"campfire_upgraded":2,"timestamp":1524277946,"path_taken":["M","M","?","?","M","E","$","M","T","M","?","M","R","E","R","BOSS","M","M","?","M","?","E","?","E","T","R","M","E","M","?","R","BOSS"],"build_version":"2018-04-19","seed_source_timestamp":732394827314377,"purchased_purges":2,"victory":false,"master_deck":["Strike_R+1","Strike_R","Strike_R","Strike_R+1","Defend_R","Defend_R+1","Defend_R+1","Defend_R","Bash","Spot Weakness","Feel No Pain","Whirlwind","Armaments+1","Sever Soul","Offering+1","Thunderclap+1","Warcry","Warcry","Inflame+1","Double Tap","Whirlwind+1","Warcry"],"max_hp_per_floor":[72,72,72,72,72,72,72,72,72,72,72,72,72,72,72,72,72,72,72,72,72,72,72,72,72,72,72,72,86,86,86,86,86],"relics":["Burning Blood","Charon\u0027s Ashes","Blood Vial","Girya","Oddly Smooth Stone","Torii","Bottled Lightning","Sozu","Frozen Egg 2","Calipers","War Paint","Mango","Whetstone"],"card_choices":[{"not_picked":["Pommel Strike","Cleave"],"picked":"Spot Weakness","floor":2},{"not_picked":["Rampage","Sword Boomerang"],"picked":"Havoc","floor":5},{"not_picked":["Flex","Juggernaut"],"picked":"Feel No Pain","floor":6},{"not_picked":["Infernal Blade","Rage"],"picked":"Whirlwind","floor":10},{"not_picked":["Bloodletting","Uppercut"],"picked":"Armaments","floor":12},{"not_picked":["Iron Wave","Fire Breathing"],"picked":"Sever Soul","floor":14},{"not_picked":["Immolate","Juggernaut"],"picked":"Offering","floor":16},{"not_picked":["Anger","Iron Wave"],"picked":"Thunderclap","floor":18},{"not_picked":["True Grit","Sword Boomerang"],"picked":"Warcry","floor":19},{"not_picked":["Cleave","Headbutt"],"picked":"Warcry","floor":21},{"not_picked":["Feel No Pain","Armaments"],"picked":"Inflame","floor":23},{"not_picked":["Flex","Armaments"],"picked":"Double Tap","floor":25},{"not_picked":["Heavy Blade","Iron Wave"],"picked":"Whirlwind","floor":28},{"not_picked":["Limit Break","Flex"],"picked":"Warcry","floor":29}],"player_experience":179084,"potions_floor_usage":[16],"damage_taken":[{"damage":0,"enemies":"Small Slimes","floor":1,"turns":3},{"damage":6,"enemies":"Cultist","floor":2,"turns":3},{"damage":10,"enemies":"Jaw Worm","floor":5,"turns":5},{"damage":28,"enemies":"Gremlin Nob","floor":6,"turns":4},{"damage":8,"enemies":"Exordium Wildlife","floor":8,"turns":5},{"damage":1,"enemies":"Large Slime","floor":10,"turns":6},{"damage":0,"enemies":"3 Louse","floor":11,"turns":2},{"damage":1,"enemies":"Lots of Slimes","floor":12,"turns":3},{"damage":2,"enemies":"3 Sentries","floor":14,"turns":5},{"damage":37,"enemies":"The Guardian","floor":16,"turns":12},{"damage":5,"enemies":"Spheric Guardian","floor":18,"turns":3},{"damage":4,"enemies":"Chosen","floor":19,"turns":4},{"damage":5,"enemies":"Centurion and Healer","floor":21,"turns":3},{"damage":43,"enemies":"Book of Stabbing","floor":23,"turns":4},{"damage":31,"enemies":"Slavers","floor":25,"turns":4},{"damage":4,"enemies":"Snecko","floor":28,"turns":3},{"damage":22,"enemies":"Gremlin Leader","floor":29,"turns":5},{"damage":9,"enemies":"Cultist and Chosen","floor":30,"turns":3},{"damage":47,"enemies":"Collector","floor":33,"turns":5}],"event_choices":[{"event_name":"World of Goop","player_choice":"Gather Gold","floor":3,"damage_taken":0},{"event_name":"Drug Dealer","player_choice":"Ignored","floor":20,"damage_taken":0},{"event_name":"Ghosts","player_choice":"Ignored","floor":22,"damage_taken":0},{"event_name":"Beggar","player_choice":"Gave Gold","floor":24,"damage_taken":0}],"boss_relics":[{"not_picked":["Ectoplasm","Black Star"],"picked":"Sozu"}],"potions_floor_spawned":[2,5,10,12,16,18,25,28,30],"seed_played":"5376689329544676684","killed_by":"Collector","ascension_level":1,"is_trial":false}