{"gold_per_floor":[118,129,146,146,160,160,173,173,227,227,227],"floor_reached":11,"playtime":560,"items_purged":[],"score":130,"play_id":"472631f1-de2f-4b53-b193-613891161948","local_time":"20190509165022","is_ascension_mode":true,"campfire_choices":[{"floor":6,"key":"REST"},{"floor":10,"key":"REST"}],"neow_cost":"NONE","seed_source_timestamp":412620664333700,"circlet_count":0,"master_deck":["AscendersBane","Defend_G","Defend_G","Defend_G","Defend_G","Strike_G","Strike_G","Strike_G","Strike_G","Strike_G","Survivor","Neutralize","PiercingWail","PiercingWail","Acrobatics","Dodge and Roll","Dagger Throw","Quick Slash"],"relics":["Ring of the Snake","Art of War","Golden Idol","Dream Catcher"],"potions_floor_usage":[7,11],"damage_taken":[{"damage":4,"enemies":"Small Slimes","floor":1,"turns":4},{"damage":3,"enemies":"Cultist","floor":2,"turns":4},{"damage":2,"enemies":"2 Louse","floor":3,"turns":4},{"damage":48,"enemies":"Exordium Thugs","floor":5,"turns":10},{"damage":17,"enemies":"Large Slime","floor":7,"turns":8},{"damage":16,"enemies":"3 Sentries","floor":11,"turns":4}],"seed_played":"7091170927248586848","potions_obtained":[{"floor":1,"key":"PowerPotion"},{"floor":7,"key":"SpeedPotion"}],"is_trial":false,"path_per_floor":["M","M","M","?","M","R","M","?","T","R","E"],"character_chosen":"THE_SILENT","items_purchased":[],"campfire_rested":2,"item_purchase_floors":[],"current_hp_per_floor":[55,52,50,50,2,21,4,4,4,22,6],"gold":227,"neow_bonus":"RANDOM_COMMON_RELIC","is_prod":false,"is_daily":false,"chose_seed":false,"campfire_upgraded":0,"win_rate":0,"timestamp":1557417022,"path_taken":["M","M","M","?","?","R","M","?","T","R","E"],"build_version":"2019-01-23","purchased_purges":0,"victory":false,"max_hp_per_floor":[66,66,66,66,66,66,66,60,60,60,60],"card_choices":[{"not_picked":["Calculated Gamble","Prepared"],"picked":"PiercingWail","floor":1},{"not_picked":["Blade Dance","Quick Slash"],"picked":"PiercingWail","floor":2},{"not_picked":["Slice","Backstab"],"picked":"Acrobatics","floor":3},{"not_picked":["Prepared","Quick Slash"],"picked":"Dodge and Roll","floor":5},{"not_picked":["Choke","Underhanded Strike"],"picked":"Dagger Throw","floor":7},{"not_picked":["Heel Hook","Setup"],"picked":"Quick Slash","floor":10}],"player_experience":504965,"relics_obtained":[{"floor":9,"key":"Dream Catcher"}],"event_choices":[{"cards_removed":["Defend_G"],"damage_healed":0,"gold_gain":0,"player_choice":"Purged","damage_taken":0,"max_hp_gain":0,"max_hp_loss":0,"event_name":"Purifier","floor":4,"gold_loss":0},{"damage_healed":0,"gold_gain":0,"player_choice":"Lose Max HP","damage_taken":0,"relics_obtained":["Golden Idol"],"max_hp_gain":0,"max_hp_loss":6,"event_name":"Golden Idol","floor":8,"gold_loss":0}],"is_beta":false,"boss_relics":[],"items_purged_floors":[],"is_endless":false,"potions_floor_spawned":[1,7],"killed_by":"3 Sentries","ascension_level":20}