{"gold_per_floor":[112,112,187,203,103,103,123,136,136,156,166,201,201,228,228,307,307,325,325,136,136,154,154,184,59,85,97,97,97],"floor_reached":29,"playtime":1212,"items_purged":["Strike_R","Strike_R","Strike_R"],"score":506,"play_id":"de831acb-dab3-443b-b938-4b27a94e009b","local_time":"20190226201330","is_ascension_mode":true,"campfire_choices":[{"data":"True Grit","floor":6.0,"key":"SMITH"},{"data":"Flex","floor":13.0,"key":"SMITH"},{"data":"Body Slam","floor":15.0,"key":"SMITH"},{"data":"Entrench","floor":23.0,"key":"SMITH"}],"neow_cost":"NONE","seed_source_timestamp":509478802997819,"circlet_count":0,"master_deck":["AscendersBane","Strike_R","Strike_R+1","Defend_R","Defend_R","Defend_R","Defend_R","Bash+1","Battle Trance+1","Feel No Pain","True Grit+1","Flex+1","Intimidate","Inflame","Offering","Body Slam+1","Juggernaut","Entrench+1","Evolve","Sword Boomerang"],"special_seed":0,"relics":["Burning Blood","Blood Vial","Meat on the Bone","Kunai","Runic Dome","Charon\u0027s Ashes"],"potions_floor_usage":[],"damage_taken":[{"damage":9.0,"enemies":"2 Louse","floor":1.0,"turns":4.0},{"damage":2.0,"enemies":"Jaw Worm","floor":4.0,"turns":4.0},{"damage":1.0,"enemies":"Cultist","floor":7.0,"turns":4.0},{"damage":2.0,"enemies":"Exordium Wildlife","floor":8.0,"turns":4.0},{"damage":1.0,"enemies":"Blue Slaver","floor":10.0,"turns":4.0},{"damage":10.0,"enemies":"2 Fungi Beasts","floor":11.0,"turns":5.0},{"damage":10.0,"enemies":"3 Sentries","floor":12.0,"turns":14.0},{"damage":14.0,"enemies":"Lagavulin","floor":14.0,"turns":6.0},{"damage":46.0,"enemies":"Hexaghost","floor":16.0,"turns":9.0},{"damage":6.0,"enemies":"Spheric Guardian","floor":18.0,"turns":3.0},{"damage":13.0,"enemies":"Chosen","floor":22.0,"turns":4.0},{"damage":49.0,"enemies":"Gremlin Leader","floor":24.0,"turns":7.0},{"damage":19,"enemies":"3 Cultists","floor":27,"turns":3},{"damage":26,"enemies":"Book of Stabbing","floor":29,"turns":4}],"seed_played":"-5526263402905153052","potions_obtained":[{"floor":1.0,"key":"Ancient Potion"},{"floor":4.0,"key":"Energy Potion"}],"is_trial":false,"path_per_floor":["M","?","?","M","$","R","M","M","T","M","M","E","R","E","R","B",null,"M","?","$","?","M","R","E","$","T","M","?","E"],"character_chosen":"IRONCLAD","items_purchased":["True Grit","Evolve"],"campfire_rested":0,"item_purchase_floors":[5,20],"current_hp_per_floor":[65,42,31,35,35,35,40,44,44,51,49,47,47,53,53,27,63,65,44,44,44,51,51,22,22,22,23,23,0],"gold":97,"neow_bonus":"UPGRADE_CARD","is_prod":false,"is_daily":false,"chose_seed":false,"campfire_upgraded":4,"win_rate":0,"timestamp":1551183210,"path_taken":["M","?","?","M","$","R","?","M","T","M","?","E","R","E","R","BOSS","M","?","$","?","M","R","E","$","T","M","?","E"],"build_version":"2019-01-23","purchased_purges":3,"victory":false,"max_hp_per_floor":[75,75,75,75,75,75,75,75,75,75,75,75,75,75,75,75,75,75,80,80,80,80,80,80,80,80,80,80,80],"card_choices":[{"not_picked":["Shrug It Off","Clothesline"],"picked":"Battle Trance","floor":1.0},{"not_picked":["Cleave","Armaments"],"picked":"Feel No Pain","floor":4.0},{"not_picked":["Armaments","Dual Wield"],"picked":"Flex","floor":7.0},{"not_picked":["Perfected Strike","Headbutt"],"picked":"Intimidate","floor":8.0},{"not_picked":["Headbutt","True Grit"],"picked":"Inflame","floor":10.0},{"not_picked":["Anger","Fire Breathing","Iron Wave"],"picked":"SKIP","floor":11.0},{"not_picked":["Immolate","Uppercut"],"picked":"Offering","floor":12.0},{"not_picked":["Reckless Charge","Pommel Strike"],"picked":"Body Slam","floor":14.0},{"not_picked":["Demon Form","Feed"],"picked":"Juggernaut","floor":16.0},{"not_picked":["Armaments","Clash"],"picked":"Entrench","floor":18.0},{"not_picked":["Whirlwind","Body Slam+1","Perfected Strike"],"picked":"SKIP","floor":22.0},{"not_picked":["Cleave","Body Slam","Battle Trance"],"picked":"SKIP","floor":24.0},{"not_picked":["Reckless Charge","Hemokinesis","Sever Soul"],"picked":"SKIP","floor":27}],"player_experience":1071460,"relics_obtained":[{"floor":9.0,"key":"Blood Vial"},{"floor":12.0,"key":"Meat on the Bone"},{"floor":14.0,"key":"Kunai"},{"floor":24.0,"key":"Charon\u0027s Ashes"}],"event_choices":[{"damage_healed":0.0,"max_hp_gain":0.0,"max_hp_loss":0.0,"gold_gain":0.0,"event_name":"Shining Light","player_choice":"Entered Light","floor":2.0,"gold_loss":0.0,"damage_taken":23.0,"cards_upgraded":["Strike_R","Battle Trance"]},{"damage_healed":0.0,"max_hp_gain":0.0,"max_hp_loss":0.0,"gold_gain":75.0,"event_name":"World of Goop","player_choice":"Gather Gold","floor":3.0,"gold_loss":0.0,"damage_taken":11.0},{"damage_healed":0.0,"max_hp_gain":5.0,"max_hp_loss":0.0,"gold_gain":0.0,"event_name":"Forgotten Altar","player_choice":"Shed Blood","floor":19.0,"gold_loss":0.0,"damage_taken":26.0},{"damage_healed":0.0,"max_hp_gain":0.0,"max_hp_loss":0.0,"gold_gain":0.0,"event_name":"The Library","player_choice":"Read","floor":21.0,"gold_loss":0.0,"damage_taken":0.0,"cards_obtained":["Sword Boomerang"]},{"damage_healed":0,"gold_gain":0,"player_choice":"Ignored","damage_taken":0,"max_hp_gain":0,"max_hp_loss":0,"event_name":"Vampires","floor":28,"gold_loss":0}],"is_beta":false,"boss_relics":[{"not_picked":["Busted Crown","Velvet Choker"],"picked":"Runic Dome"}],"items_purged_floors":[5,20,25],"is_endless":false,"potions_floor_spawned":[1,4,11,18],"killed_by":"Book of Stabbing","ascension_level":20}