{"gold_per_floor":[111,26,26,26,26,60,60,76,100,100,114,114],"floor_reached":12,"playtime":254,"items_purged":[],"score":152,"play_id":"adc8cb95-4295-44af-b323-22d138513c20","local_time":"20190502201426","is_ascension_mode":true,"campfire_choices":[{"data":"Zap","floor":7,"key":"SMITH"},{"data":"Strike_B","floor":10,"key":"PURGE"}],"neow_cost":"NONE","seed_source_timestamp":84348710051125,"circlet_count":0,"master_deck":["AscendersBane","Strike_B","Strike_B","Strike_B","Defend_B","Defend_B","Defend_B","Defend_B","Zap+1","Dualcast","Compile Driver","Gash","All For One","Conserve Battery","Ball Lightning"],"relics":["Eternal Feather","Golden Idol","Peace Pipe","Ancient Tea Set"],"potions_floor_usage":[6],"damage_taken":[{"damage":14,"enemies":"Jaw Worm","floor":1,"turns":5},{"damage":40,"enemies":"3 Sentries","floor":6,"turns":9},{"damage":2,"enemies":"2 Louse","floor":8,"turns":2},{"damage":7,"enemies":"Small Slimes","floor":11,"turns":4},{"damage":23,"enemies":"Red Slaver","floor":12,"turns":3}],"seed_played":"1329214647219525681","potions_obtained":[{"floor":5,"key":"Ancient Potion"},{"floor":6,"key":"Dexterity Potion"}],"is_trial":false,"path_per_floor":["M","$","?","?","?","E","R","M","T","R","M","M"],"character_chosen":"DEFECT","items_purchased":["Gash","Explosive Potion"],"campfire_rested":0,"item_purchase_floors":[2,2],"current_hp_per_floor":[50,50,50,50,50,10,16,14,14,23,16,0],"gold":114,"neow_bonus":"BOSS_RELIC","is_prod":false,"is_daily":false,"chose_seed":false,"campfire_upgraded":1,"win_rate":0,"timestamp":1556838866,"path_taken":["M","$","?","?","?","E","R","M","T","R","M","?"],"build_version":"2019-01-23","purchased_purges":0,"victory":false,"max_hp_per_floor":[71,71,71,64,64,64,64,64,64,64,64,64],"card_choices":[{"not_picked":["Hologram","Redo"],"picked":"Compile Driver","floor":1},{"not_picked":["Scrape","Barrage"],"picked":"All For One","floor":6},{"not_picked":["Steam Power","Compile Driver"],"picked":"Conserve Battery","floor":8},{"not_picked":["Steam","Barrage"],"picked":"Ball Lightning","floor":11}],"player_experience":2247006,"relics_obtained":[{"floor":6,"key":"Peace Pipe"},{"floor":9,"key":"Ancient Tea Set"}],"event_choices":[{"damage_healed":0,"gold_gain":0,"player_choice":"Leave","damage_taken":0,"max_hp_gain":0,"max_hp_loss":0,"event_name":"The Cleric","floor":3,"gold_loss":0},{"damage_healed":0,"gold_gain":0,"player_choice":"Lose Max HP","damage_taken":0,"relics_obtained":["Golden Idol"],"max_hp_gain":0,"max_hp_loss":7,"event_name":"Golden Idol","floor":4,"gold_loss":0},{"damage_healed":0,"gold_gain":0,"player_choice":"Got Potions","damage_taken":0,"max_hp_gain":0,"max_hp_loss":0,"event_name":"Lab","floor":5,"gold_loss":0}],"is_beta":false,"boss_relics":[],"items_purged_floors":[],"is_endless":false,"potions_floor_spawned":[6,8,11],"killed_by":"Red Slaver","ascension_level":20}