{"gold_per_floor":[113,123,123,142,152,185,185,32,32,44,56,68],"floor_reached":12,"playtime":520,"items_purged":["Strike_R"],"score":156,"play_id":"44cb5b92-638b-43f6-8a7d-3e8a67959677","local_time":"20190214205242","is_ascension_mode":true,"campfire_choices":[{"data":"Entrench","floor":7.0,"key":"SMITH"},{"data":"Whirlwind","floor":10.0,"key":"SMITH"}],"neow_cost":"NONE","seed_source_timestamp":2611670124201484,"circlet_count":0,"master_deck":["AscendersBane","Strike_R","Strike_R+1","Strike_R+1","Defend_R","Defend_R+1","Defend_R","Defend_R","Bash","True Grit","Impervious+1","Shrug It Off","Shrug It Off","Entrench+1","Whirlwind+1"],"special_seed":0,"relics":["Burning Blood","Bag of Marbles","Whetstone","MawBank"],"potions_floor_usage":[12],"damage_taken":[{"damage":5.0,"enemies":"2 Louse","floor":1.0,"turns":4.0},{"damage":9.0,"enemies":"Jaw Worm","floor":2.0,"turns":5.0},{"damage":6.0,"enemies":"Cultist","floor":4.0,"turns":4.0},{"damage":3.0,"enemies":"Large Slime","floor":5.0,"turns":11.0},{"damage":37.0,"enemies":"3 Sentries","floor":6.0,"turns":13.0},{"damage":35,"enemies":"Gremlin Nob","floor":12,"turns":5}],"seed_played":"-4942784017647333458","potions_obtained":[{"floor":4.0,"key":"Explosive Potion"},{"floor":5.0,"key":"Dexterity Potion"},{"floor":6.0,"key":"Dexterity Potion"}],"is_trial":false,"path_per_floor":["M","M","?","M","M","E","R","$","T","R","?","E"],"character_chosen":"IRONCLAD","items_purchased":["Whirlwind"],"campfire_rested":0,"item_purchase_floors":[8],"current_hp_per_floor":[69,66,43,43,46,15,15,15,15,15,15,0],"gold":68,"neow_bonus":"RANDOM_COMMON_RELIC","is_prod":false,"is_daily":false,"chose_seed":false,"campfire_upgraded":2,"win_rate":0,"timestamp":1550148762,"path_taken":["M","M","?","M","M","E","R","$","T","R","?","E"],"build_version":"2019-01-23","purchased_purges":1,"victory":false,"max_hp_per_floor":[75,75,75,75,75,75,75,75,75,75,75,75],"card_choices":[{"not_picked":["Wild Strike","Flex"],"picked":"True Grit","floor":1.0},{"not_picked":["Clash","Wild Strike"],"picked":"Impervious","floor":2.0},{"not_picked":["Wild Strike","Ghostly Armor"],"picked":"Shrug It Off","floor":4.0},{"not_picked":["Wild Strike","Clash"],"picked":"Shrug It Off","floor":5.0},{"not_picked":["Burning Pact","Clothesline"],"picked":"Entrench","floor":6.0}],"player_experience":897220,"relics_obtained":[{"floor":6.0,"key":"Whetstone"},{"floor":9.0,"key":"MawBank"}],"event_choices":[{"damage_healed":0.0,"max_hp_gain":0.0,"max_hp_loss":0.0,"gold_gain":0.0,"event_name":"Shining Light","player_choice":"Entered Light","floor":3.0,"gold_loss":0.0,"damage_taken":23.0,"cards_upgraded":["Impervious","Defend_R"]},{"cards_removed":["Strike_R"],"damage_healed":0.0,"max_hp_gain":0.0,"max_hp_loss":0.0,"gold_gain":0.0,"event_name":"Bonfire Elementals","player_choice":"Offered Basic","floor":11.0,"gold_loss":0.0,"damage_taken":0.0}],"is_beta":false,"boss_relics":[],"items_purged_floors":[8],"is_endless":false,"potions_floor_spawned":[4,5,6],"killed_by":"Gremlin Nob","ascension_level":20}