{"gold_per_floor":[118,132,145,60,60,60,92,92,146,174,185,150,23,43,43,122,122,137,137,155,14,14,14,14,14,14,14,32,32,0,16,16,87,87,103,117,117,127,140,174,274,308,308,308],"floor_reached":44,"playtime":1832,"items_purged":["Strike_G","Decay"],"score":1152,"play_id":"34c00943-5894-43ab-95b3-ebce478b5c4f","local_time":"20190506112708","is_ascension_mode":true,"campfire_choices":[{"data":"Deadly Poison","floor":6.0,"key":"SMITH"},{"floor":8.0,"key":"REST"},{"data":"Poisoned Stab","floor":15.0,"key":"SMITH"},{"data":"Footwork","floor":23.0,"key":"SMITH"},{"data":"Footwork","floor":25.0,"key":"SMITH"},{"data":"Envenom","floor":29.0,"key":"SMITH"},{"data":"Leg Sweep","floor":32.0,"key":"SMITH"}],"neow_cost":"NONE","seed_source_timestamp":73862854274502,"circlet_count":0,"master_deck":["AscendersBane","Defend_G+1","Defend_G+1","Defend_G+1","Defend_G+1","Defend_G+1","Strike_G+1","Strike_G+1","Strike_G+1","Strike_G+1","Survivor","Neutralize+1","Deadly Poison+1","Flying Knee","Endless Agony","Well Laid Plans","Poisoned Stab+1","Footwork+1","Escape Plan","Backflip","Envenom+1","Crippling Poison","Footwork+1","Leg Sweep+1","Corpse Explosion","Acrobatics+1","Well Laid Plans","Deadly Poison","Wraith Form v2"],"special_seed":0,"relics":["Ring of the Serpent","NeowsBlessing","Ancient Tea Set","Oddly Smooth Stone","Blue Candle","Coffee Dripper","Strawberry","Regal Pillow","Ice Cream","Ornamental Fan"],"potions_floor_usage":[36,38,40,42],"damage_taken":[{"damage":0.0,"enemies":"2 Louse","floor":1.0,"turns":1.0},{"damage":0.0,"enemies":"Small Slimes","floor":2.0,"turns":1.0},{"damage":0.0,"enemies":"Jaw Worm","floor":3.0,"turns":1.0},{"damage":32.0,"enemies":"Lagavulin","floor":7.0,"turns":7.0},{"damage":10.0,"enemies":"3 Sentries","floor":10.0,"turns":12.0},{"damage":19.0,"enemies":"Gremlin Gang","floor":11.0,"turns":5.0},{"damage":5.0,"enemies":"Large Slime","floor":14.0,"turns":7.0},{"damage":0.0,"enemies":"Hexaghost","floor":16.0,"turns":9.0},{"damage":12.0,"enemies":"3 Byrds","floor":18.0,"turns":5.0},{"damage":5.0,"enemies":"Chosen","floor":20.0,"turns":6.0},{"damage":3.0,"enemies":"3 Cultists","floor":28.0,"turns":6.0},{"damage":7.0,"enemies":"Shelled Parasite and Fungi","floor":31.0,"turns":6.0},{"damage":0.0,"enemies":"Automaton","floor":33.0,"turns":13.0},{"damage":7,"enemies":"Orb Walker","floor":35,"turns":5},{"damage":0,"enemies":"3 Shapes","floor":36,"turns":7},{"damage":11,"enemies":"Sphere and 2 Shapes","floor":38,"turns":6},{"damage":3,"enemies":"Maw","floor":39,"turns":9},{"damage":10,"enemies":"Giant Head","floor":40,"turns":12},{"damage":0,"enemies":"Mind Bloom Boss Battle","floor":41,"turns":9},{"damage":51,"enemies":"Nemesis","floor":42,"turns":11},{"damage":14,"enemies":"Reptomancer","floor":44,"turns":6}],"seed_played":"8623296248709495014","potions_obtained":[{"floor":7.0,"key":"Weak Potion"},{"floor":10.0,"key":"PowerPotion"},{"floor":28.0,"key":"Block Potion"},{"floor":33.0,"key":"Regen Potion"},{"floor":35,"key":"PowerPotion"},{"floor":36,"key":"Regen Potion"},{"floor":38,"key":"SkillPotion"}],"is_trial":false,"path_per_floor":["M","M","M","$","?","R","E","R","T","E","M","?","$","M","R","B",null,"M","?","M","$","?","R","?","R","T","?","M","R","?","M","R","B",null,"M","M","?","M","M","E","?","E","T","E"],"character_chosen":"THE_SILENT","items_purchased":["Well Laid Plans","Backflip","Footwork"],"campfire_rested":1,"item_purchase_floors":[4,13,21],"current_hp_per_floor":[59,59,59,59,59,59,27,46,46,36,17,33,33,28,28,28,57,45,45,40,40,40,40,40,40,47,47,44,44,44,37,37,37,64,57,72,72,73,70,60,60,9,9,0],"gold":308,"neow_bonus":"THREE_ENEMY_KILL","is_prod":false,"is_daily":false,"chose_seed":false,"campfire_upgraded":6,"win_rate":0,"timestamp":1557152828,"path_taken":["M","M","M","$","?","R","E","R","T","E","M","?","?","?","R","BOSS","M","?","M","$","?","R","?","R","T","?","?","R","?","M","R","BOSS","M","M","?","M","M","E","?","E","T","E"],"build_version":"2019-01-23","purchased_purges":2,"victory":false,"max_hp_per_floor":[66,66,66,66,66,66,66,66,66,66,66,66,66,66,66,66,66,66,66,66,66,66,66,66,66,73,73,73,73,73,73,73,73,73,73,73,73,73,73,73,73,73,73,73],"card_choices":[{"not_picked":["Slice","Flying Knee"],"picked":"Deadly Poison","floor":1.0},{"not_picked":["Deflect","PiercingWail"],"picked":"Flying Knee","floor":2.0},{"not_picked":["Concentrate","All Out Attack"],"picked":"Endless Agony","floor":3.0},{"not_picked":["Sucker Punch","Endless Agony"],"picked":"Poisoned Stab","floor":7.0},{"not_picked":["Blade Dance","Crippling Poison"],"picked":"Footwork","floor":10.0},{"not_picked":["Sucker Punch","Deadly Poison"],"picked":"Escape Plan","floor":11.0},{"not_picked":["Finisher","Sucker Punch","Unload"],"picked":"SKIP","floor":14.0},{"not_picked":["Unload","Doppelganger"],"picked":"Envenom","floor":16.0},{"not_picked":["Deadly Poison","Quick Slash+1","Dagger Spray"],"picked":"SKIP","floor":18.0},{"not_picked":["Dagger Throw","Sucker Punch+1"],"picked":"Crippling Poison","floor":20.0},{"not_picked":["Dagger Throw+1","Bouncing Flask","Acrobatics"],"picked":"SKIP","floor":28.0},{"not_picked":["Tactician","Sucker Punch","Skewer"],"picked":"SKIP","floor":31.0},{"not_picked":["Grand Finale","Night Terror"],"picked":"Corpse Explosion","floor":33.0},{"not_picked":["Poisoned Stab","Prepared+1","Flying Knee"],"picked":"SKIP","floor":35},{"not_picked":["Poisoned Stab","Prepared+1","Flying Knee"],"picked":"SKIP","floor":35},{"not_picked":["Flying Knee","Dodge and Roll"],"picked":"Acrobatics+1","floor":36},{"not_picked":["Bane","Prepared"],"picked":"Well Laid Plans","floor":38},{"not_picked":["Blade Dance","Deadly Poison","Poisoned Stab"],"picked":"SKIP","floor":39},{"not_picked":["Blade Dance","Poisoned Stab"],"picked":"Deadly Poison","floor":39},{"not_picked":["Underhanded Strike+1","Acrobatics","Heel Hook"],"picked":"SKIP","floor":40},{"not_picked":["Expertise","Quick Slash"],"picked":"Wraith Form v2","floor":41},{"not_picked":["Setup","Outmaneuver+1","Dagger Throw"],"picked":"SKIP","floor":42}],"player_experience":2268225,"relics_obtained":[{"floor":7.0,"key":"Ancient Tea Set"},{"floor":9.0,"key":"Oddly Smooth Stone"},{"floor":10.0,"key":"Blue Candle"},{"floor":26.0,"key":"Strawberry"},{"floor":40,"key":"Regal Pillow"},{"floor":41,"key":"Ice Cream"},{"floor":42,"key":"Ornamental Fan"}],"event_choices":[{"damage_healed":0.0,"max_hp_gain":0.0,"max_hp_loss":0.0,"gold_gain":0.0,"event_name":"Living Wall","player_choice":"Grow","floor":5.0,"gold_loss":0.0,"damage_taken":0.0,"cards_upgraded":["Neutralize"]},{"damage_healed":16.0,"max_hp_gain":0.0,"max_hp_loss":0.0,"gold_gain":0.0,"event_name":"The Cleric","player_choice":"Healed","floor":12.0,"gold_loss":35.0,"damage_taken":0.0},{"damage_healed":0.0,"max_hp_gain":0.0,"max_hp_loss":0.0,"gold_gain":0.0,"event_name":"Forgotten Altar","player_choice":"Smashed Altar","floor":19.0,"gold_loss":0.0,"damage_taken":0.0,"cards_obtained":["Decay"]},{"damage_healed":0.0,"max_hp_gain":0.0,"max_hp_loss":0.0,"gold_gain":0.0,"event_name":"The Library","player_choice":"Read","floor":22.0,"gold_loss":0.0,"damage_taken":0.0,"cards_obtained":["Leg Sweep"]},{"damage_healed":0.0,"max_hp_gain":0.0,"max_hp_loss":0.0,"gold_gain":0.0,"event_name":"Back to Basics","player_choice":"Simplicity","floor":24.0,"gold_loss":0.0,"damage_taken":0.0,"cards_upgraded":["Defend_G","Defend_G","Defend_G","Defend_G","Defend_G","Strike_G","Strike_G","Strike_G","Strike_G"]},{"damage_healed":0.0,"max_hp_gain":0.0,"max_hp_loss":0.0,"gold_gain":0.0,"event_name":"Beggar","player_choice":"Ignored","floor":27.0,"gold_loss":0.0,"damage_taken":0.0},{"damage_healed":0.0,"max_hp_gain":0.0,"max_hp_loss":0.0,"gold_gain":0.0,"event_name":"Masked Bandits","player_choice":"Paid Fearfully","floor":30.0,"gold_loss":32.0,"damage_taken":0.0},{"damage_healed":0,"gold_gain":0,"player_choice":"Memory 1","damage_taken":0,"max_hp_gain":0,"max_hp_loss":0,"event_name":"SensoryStone","floor":37,"gold_loss":0},{"damage_healed":0,"gold_gain":0,"player_choice":"Fight","damage_taken":0,"max_hp_gain":0,"max_hp_loss":0,"event_name":"MindBloom","floor":41,"gold_loss":0}],"is_beta":false,"boss_relics":[{"not_picked":["Eternal Feather","Pandora\u0027s Box"],"picked":"Coffee Dripper"},{"not_picked":["Fusion Hammer","Busted Crown"],"picked":"Ring of the Serpent"}],"items_purged_floors":[13,21],"is_endless":false,"potions_floor_spawned":[7,10,11,14,28,33,35,36,38],"killed_by":"Reptomancer","ascension_level":20}