{"gold_per_floor":[114,114,114,134,59,94,94,126,181,198,212,242,27,45,45,124,124,143,103,12,28,28,28,28],"floor_reached":24,"playtime":411,"items_purged":["Defend_R","Strike_R"],"score":458,"play_id":"434ad814-29b1-42cb-88ca-3bacd2e48923","local_time":"20190513211819","is_ascension_mode":true,"campfire_choices":[{"data":"Carnage","floor":7.0,"key":"SMITH"},{"data":"Flex","floor":15.0,"key":"SMITH"},{"data":"Panacea","floor":23.0,"key":"SMITH"}],"neow_cost":"NONE","seed_source_timestamp":1598059641139057,"circlet_count":0,"master_deck":["AscendersBane","Strike_R+1","Strike_R","Strike_R","Defend_R","Defend_R","Defend_R","Bash+1","Flex+1","Battle Trance","Perfected Strike","Carnage+1","Dark Embrace","Sword Boomerang+1","Fiend Fire+1","Panacea+1","Pommel Strike+1","Reaper+1"],"special_seed":0,"relics":["Burning Blood","NeowsBlessing","Ancient Tea Set","Magic Flower","Regal Pillow","Smiling Mask","Molten Egg 2","Whetstone","Runic Pyramid"],"potions_floor_usage":[24,24],"damage_taken":[{"damage":0.0,"enemies":"Small Slimes","floor":1.0,"turns":1.0},{"damage":0.0,"enemies":"Jaw Worm","floor":4.0,"turns":1.0},{"damage":0.0,"enemies":"Lagavulin","floor":6.0,"turns":1.0},{"damage":8.0,"enemies":"Gremlin Nob","floor":8.0,"turns":3.0},{"damage":2.0,"enemies":"2 Louse","floor":10.0,"turns":2.0},{"damage":21.0,"enemies":"Exordium Wildlife","floor":11.0,"turns":5.0},{"damage":9.0,"enemies":"Red Slaver","floor":14.0,"turns":2.0},{"damage":24.0,"enemies":"The Guardian","floor":16.0,"turns":6.0},{"damage":28.0,"enemies":"2 Thieves","floor":18.0,"turns":3.0},{"damage":20.0,"enemies":"Shell Parasite","floor":21.0,"turns":3.0},{"damage":45,"enemies":"Slavers","floor":24,"turns":2}],"seed_played":"-4524610597165038286","potions_obtained":[{"floor":4.0,"key":"Regen Potion"},{"floor":8.0,"key":"SkillPotion"},{"floor":19.0,"key":"PowerPotion"},{"floor":19.0,"key":"SteroidPotion"}],"is_trial":false,"path_per_floor":["M","?","?","M","$","E","R","E","T","M","M","?","$","M","R","B",null,"M","?","$","M","?","R","E"],"character_chosen":"IRONCLAD","items_purchased":["Whetstone","Panacea"],"campfire_rested":0,"item_purchase_floors":[13,20],"current_hp_per_floor":[74,74,48,54,54,60,60,61,61,68,56,56,56,56,56,65,73,54,54,54,43,43,43,0],"gold":28,"neow_bonus":"THREE_ENEMY_KILL","is_prod":false,"is_daily":false,"chose_seed":false,"campfire_upgraded":3,"win_rate":0,"timestamp":1557753499,"path_taken":["M","?","?","M","?","E","R","E","T","M","M","?","$","M","R","BOSS","M","?","$","?","?","R","E"],"build_version":"2019-01-23","purchased_purges":2,"victory":false,"max_hp_per_floor":[75,75,75,75,75,75,75,75,75,75,75,75,75,75,75,75,75,75,75,75,75,75,75,75],"card_choices":[{"not_picked":["Perfected Strike","Havoc"],"picked":"Flex","floor":1.0},{"not_picked":["Anger","Cleave"],"picked":"Perfected Strike","floor":4.0},{"not_picked":["Whirlwind","Wild Strike"],"picked":"Carnage","floor":6.0},{"not_picked":["Shrug It Off","Clothesline"],"picked":"Dark Embrace","floor":8.0},{"not_picked":["Pummel","Cleave","Flex"],"picked":"SKIP","floor":10.0},{"not_picked":["Twin Strike","Rupture","Pummel"],"picked":"SKIP","floor":11.0},{"not_picked":["Carnage+1","Headbutt+1"],"picked":"Sword Boomerang+1","floor":14.0},{"not_picked":["Bludgeon+1","Immolate+1"],"picked":"Fiend Fire+1","floor":16.0},{"not_picked":["Rampage+1","Thunderclap+1","Cleave+1"],"picked":"SKIP","floor":18.0},{"not_picked":["Armaments","Twin Strike+1"],"picked":"Pommel Strike+1","floor":21.0}],"player_experience":1964098,"relics_obtained":[{"floor":6.0,"key":"Magic Flower"},{"floor":8.0,"key":"Regal Pillow"},{"floor":9.0,"key":"Smiling Mask"}],"event_choices":[{"damage_healed":0.0,"max_hp_gain":0.0,"max_hp_loss":0.0,"gold_gain":0.0,"cards_transformed":["Strike_R"],"event_name":"Living Wall","player_choice":"Change","floor":2.0,"gold_loss":0.0,"damage_taken":0.0,"cards_obtained":["Battle Trance"]},{"damage_healed":0.0,"max_hp_gain":0.0,"max_hp_loss":0.0,"gold_gain":0.0,"event_name":"Scrap Ooze","player_choice":"Success","floor":3.0,"gold_loss":0.0,"damage_taken":26.0,"relics_obtained":["Ancient Tea Set"]},{"damage_healed":0.0,"max_hp_gain":0.0,"max_hp_loss":0.0,"gold_gain":30.0,"event_name":"Dead Adventurer","player_choice":"Searched \u00272\u0027 times","floor":12.0,"gold_loss":0.0,"damage_taken":0.0,"relics_obtained":["Molten Egg 2"]},{"damage_healed":0.0,"max_hp_gain":0.0,"max_hp_loss":0.0,"gold_gain":0.0,"event_name":"The Woman in Blue","player_choice":"Bought 3 Potions","floor":19.0,"gold_loss":0.0,"damage_taken":0.0},{"damage_healed":0.0,"max_hp_gain":0.0,"max_hp_loss":0.0,"gold_gain":0.0,"event_name":"Match and Keep!","player_choice":"1 cards matched","floor":22.0,"gold_loss":0.0,"damage_taken":0.0,"cards_obtained":["Reaper"]}],"is_beta":false,"boss_relics":[{"not_picked":["Sozu","Coffee Dripper"],"picked":"Runic Pyramid"}],"items_purged_floors":[5,13],"is_endless":false,"potions_floor_spawned":[4,8],"killed_by":"Slavers","ascension_level":20}