{"gold_per_floor":[118,118,43,59,59,94,94,120,120,148,148,15,33,58,58,135,135,152,171,71,71,91,120,120,145,145,60,60,78,105,124,124,202,202,220,220,220],"floor_reached":37,"playtime":1225,"items_purged":["Regret","Strike_R"],"score":1036,"play_id":"26e28b99-17b4-48c5-aae5-7b2438ec1869","local_time":"20190307122609","is_ascension_mode":true,"campfire_choices":[{"data":"Whirlwind","floor":7.0,"key":"SMITH"},{"data":"True Grit","floor":11.0,"key":"SMITH"},{"data":"Dual Wield","floor":15.0,"key":"SMITH"},{"floor":28.0,"key":"REST"},{"data":"Corruption","floor":32.0,"key":"SMITH"}],"neow_cost":"NONE","seed_source_timestamp":522421757071891,"circlet_count":0,"master_deck":["AscendersBane","Strike_R","Strike_R","Strike_R","Strike_R","Defend_R","Defend_R","Defend_R","Defend_R","Bash","True Grit+1","Shockwave+1","Whirlwind+1","Double Tap+1","Flash of Steel","Feel No Pain","Dual Wield+1","Fiend Fire","Seeing Red","Corruption+1","Pommel Strike","Madness","Madness"],"special_seed":0,"relics":["Black Blood","NeowsBlessing","Ornamental Fan","Matryoshka","Shuriken","Bag of Marbles","Gremlin Horn","Odd Mushroom","Boot","Runic Dome","Pen Nib","Darkstone Periapt","Smiling Mask","War Paint","Potion Belt","Question Card"],"potions_floor_usage":[],"damage_taken":[{"damage":0.0,"enemies":"Small Slimes","floor":1.0,"turns":2.0},{"damage":0.0,"enemies":"Jaw Worm","floor":4.0,"turns":1.0},{"damage":0.0,"enemies":"Gremlin Nob","floor":6.0,"turns":1.0},{"damage":36.0,"enemies":"Lagavulin","floor":8.0,"turns":8.0},{"damage":0.0,"enemies":"The Mushroom Lair","floor":10.0,"turns":3.0},{"damage":0.0,"enemies":"2 Louse","floor":13.0,"turns":3.0},{"damage":6.0,"enemies":"3 Sentries","floor":14.0,"turns":3.0},{"damage":41.0,"enemies":"Slime Boss","floor":16.0,"turns":10.0},{"damage":21.0,"enemies":"Spheric Guardian","floor":18.0,"turns":5.0},{"damage":0.0,"enemies":"3 Byrds","floor":19.0,"turns":1.0},{"damage":11.0,"enemies":"Snecko","floor":22.0,"turns":4.0},{"damage":6.0,"enemies":"Gremlin Leader","floor":23.0,"turns":4.0},{"damage":37.0,"enemies":"Book of Stabbing","floor":25.0,"turns":6.0},{"damage":13.0,"enemies":"Centurion and Healer","floor":29.0,"turns":5.0},{"damage":26.0,"enemies":"Slavers","floor":30.0,"turns":3.0},{"damage":0.0,"enemies":"3 Cultists","floor":31.0,"turns":2.0},{"damage":0.0,"enemies":"Collector","floor":33.0,"turns":5.0},{"damage":8.0,"enemies":"3 Darklings","floor":35.0,"turns":2.0},{"damage":54,"enemies":"3 Shapes","floor":37,"turns":3}],"seed_played":"-4670740523368657872","potions_obtained":[{"floor":4.0,"key":"SpeedPotion"},{"floor":8.0,"key":"Strength Potion"},{"floor":13.0,"key":"PowerPotion"},{"floor":16.0,"key":"LiquidBronze"},{"floor":23.0,"key":"SpeedPotion"},{"floor":30.0,"key":"Weak Potion"}],"is_trial":false,"path_per_floor":["M","?","$","M","$","E","R","E","T","?","R","$","M","E","R","B",null,"M","M","$","?","M","E","?","E","T","?","R","M","E","M","R","B",null,"M","?","M"],"character_chosen":"IRONCLAD","items_purchased":["Flash of Steel","Feel No Pain"],"campfire_rested":1,"item_purchase_floors":[12,12],"current_hp_per_floor":[74,74,74,75,75,75,75,45,45,51,51,51,57,57,57,22,62,47,53,53,53,48,48,48,17,17,17,39,32,12,18,18,24,62,64,50,0],"gold":220,"neow_bonus":"THREE_ENEMY_KILL","is_prod":false,"is_daily":false,"chose_seed":false,"campfire_upgraded":4,"win_rate":0,"timestamp":1551932769,"path_taken":["M","?","?","M","$","E","R","E","T","?","R","$","M","E","R","BOSS","M","M","$","?","M","E","?","E","T","?","R","?","E","M","R","BOSS","M","?","M"],"build_version":"2019-01-23","purchased_purges":2,"victory":false,"max_hp_per_floor":[75,75,75,75,75,75,75,75,75,75,75,75,75,75,75,75,75,75,75,75,75,75,75,75,75,75,75,75,75,75,75,75,75,75,75,75,75],"card_choices":[{"not_picked":["Armaments","Warcry"],"picked":"True Grit","floor":1.0},{"not_picked":["Headbutt","Clash"],"picked":"Shockwave","floor":4.0},{"not_picked":["Thunderclap","Flex"],"picked":"Whirlwind","floor":6.0},{"not_picked":["Sentinel","Rampage"],"picked":"Double Tap","floor":8.0},{"not_picked":["True Grit","Clash"],"picked":"Dual Wield","floor":13.0},{"not_picked":["Armaments","Heavy Blade","Twin Strike"],"picked":"SKIP","floor":14.0},{"not_picked":["Brutality","Berserk"],"picked":"Fiend Fire","floor":16.0},{"not_picked":["Anger","Reckless Charge"],"picked":"Seeing Red","floor":18.0},{"not_picked":["True Grit","Wild Strike"],"picked":"Corruption","floor":19.0},{"not_picked":["Clothesline","Wild Strike","True Grit"],"picked":"SKIP","floor":22.0},{"not_picked":["Clothesline","Wild Strike","True Grit"],"picked":"SKIP","floor":22.0},{"not_picked":["Intimidate","Perfected Strike","Entrench"],"picked":"SKIP","floor":23.0},{"not_picked":["Intimidate","Perfected Strike","Entrench"],"picked":"SKIP","floor":23.0},{"not_picked":["Intimidate","Perfected Strike","Entrench"],"picked":"SKIP","floor":23.0},{"not_picked":["Power Through","Inflame","Flame Barrier"],"picked":"SKIP","floor":25.0},{"not_picked":["Infernal Blade","Sentinel","Clash"],"picked":"SKIP","floor":29.0},{"not_picked":["Armaments","Fire Breathing","Shockwave"],"picked":"SKIP","floor":30.0},{"not_picked":["Twin Strike","True Grit+1","Berserk","Power Through"],"picked":"SKIP","floor":31.0},{"not_picked":["Sword Boomerang","Twin Strike","Dual Wield+1","Pommel Strike"],"picked":"SKIP","floor":35.0},{"not_picked":["Sword Boomerang","Twin Strike","Dual Wield+1"],"picked":"Pommel Strike","floor":35.0}],"player_experience":1176695,"relics_obtained":[{"floor":6.0,"key":"Matryoshka"},{"floor":8.0,"key":"Shuriken"},{"floor":9.0,"key":"Bag of Marbles"},{"floor":9.0,"key":"Gremlin Horn"},{"floor":10.0,"key":"Odd Mushroom"},{"floor":14.0,"key":"Boot"},{"floor":23.0,"key":"Pen Nib"},{"floor":25.0,"key":"Darkstone Periapt"},{"floor":26.0,"key":"Smiling Mask"},{"floor":26.0,"key":"War Paint"},{"floor":30.0,"key":"Question Card"}],"event_choices":[{"damage_healed":0.0,"max_hp_gain":0.0,"max_hp_loss":0.0,"gold_gain":0.0,"event_name":"Big Fish","player_choice":"Box","floor":2.0,"gold_loss":0.0,"damage_taken":0.0,"relics_obtained":["Ornamental Fan"],"cards_obtained":["Regret"]},{"damage_healed":0.0,"max_hp_gain":0.0,"max_hp_loss":0.0,"gold_gain":0.0,"event_name":"Mushrooms","player_choice":"Fought Mushrooms","floor":10.0,"gold_loss":0.0,"damage_taken":0.0},{"damage_healed":0.0,"max_hp_gain":0.0,"max_hp_loss":0.0,"gold_gain":0.0,"event_name":"Vampires","player_choice":"Ignored","floor":21.0,"gold_loss":0.0,"damage_taken":0.0},{"damage_healed":0.0,"max_hp_gain":0.0,"max_hp_loss":0.0,"gold_gain":0.0,"event_name":"Cursed Tome","player_choice":"Ignored","floor":24.0,"gold_loss":0.0,"damage_taken":0.0},{"damage_healed":0.0,"max_hp_gain":0.0,"max_hp_loss":0.0,"gold_gain":0.0,"event_name":"Addict","player_choice":"Obtained Relic","floor":27.0,"gold_loss":85.0,"damage_taken":0.0,"relics_obtained":["Potion Belt"]},{"damage_healed":0.0,"max_hp_gain":0.0,"max_hp_loss":0.0,"gold_gain":0.0,"event_name":"Winding Halls","player_choice":"Embrace Madness","floor":36.0,"gold_loss":0.0,"damage_taken":14.0,"cards_obtained":["Madness","Madness"]}],"is_beta":false,"boss_relics":[{"not_picked":["Lizard Tail","Cursed Key"],"picked":"Runic Dome"},{"not_picked":["Calling Bell","Eternal Feather"],"picked":"Black Blood"}],"items_purged_floors":[3,20],"is_endless":false,"potions_floor_spawned":[4,8,13,16,18,23,30],"killed_by":"3 Shapes","ascension_level":20}