{"gold_per_floor":[111,111,130,150,75,75,106,31,101,101,101,119,144,163,163,235,235,250,790,810,830,840,840,840,860,884,618,618,636,207,307,307,378,378,395,495,298,315,329,329,359,359,359,391,391,391,407,422,422,422,422,422,422,5,34,34],"floor_reached":57,"playtime":3103,"items_purged":["Strike_R","Bash","Flame Barrier","Rampage+1","Fiend Fire+1"],"score":2694,"play_id":"e8946cfb-8253-42b5-9cd6-03fdc9f9cceb","local_time":"20190402160325","is_ascension_mode":true,"campfire_choices":[{"data":"Rampage","floor":6.0,"key":"SMITH"},{"data":"Havoc","floor":10.0,"key":"SMITH"},{"data":"Pommel Strike","floor":15.0,"key":"SMITH"},{"data":"Armaments","floor":23.0,"key":"SMITH"},{"data":"Battle Trance","floor":28.0,"key":"SMITH"},{"data":"Limit Break","floor":32.0,"key":"SMITH"},{"data":"Deep Breath","floor":40.0,"key":"SMITH"},{"data":"Burning Pact","floor":42.0,"key":"SMITH"},{"floor":45.0,"key":"RECALL"},{"data":"Evolve","floor":49.0,"key":"SMITH"},{"data":"Inflame","floor":53.0,"key":"SMITH"}],"neow_cost":"NONE","seed_source_timestamp":18945313512439,"circlet_count":0,"master_deck":["AscendersBane","Pommel Strike+1","Havoc+1","Body Slam","Bloodletting+1","Feed+1","Shockwave","Armaments+1","Inflame+1","Feed+1","True Grit+1","Ghostly Armor","Feel No Pain+1","Evolve+1","Battle Trance+1","Limit Break+1","Deep Breath+1","Reaper+1","Second Wind+1","Disarm","Burning Pact+1","Warcry+1"],"special_seed":0,"relics":["Coffee Dripper","Orichalcum","Molten Egg 2","Red Skull","Vajra","Pandora\u0027s Box","Lantern","Membership Card","Incense Burner","Pear","Runic Pyramid","Champion Belt","War Paint","Charon\u0027s Ashes","Omamori","Mummified Hand","TheAbacus","Strawberry","Dodecahedron","Mango"],"potions_floor_usage":[],"damage_taken":[{"damage":2.0,"enemies":"2 Louse","floor":1.0,"turns":3.0},{"damage":4.0,"enemies":"Jaw Worm","floor":3.0,"turns":3.0},{"damage":1.0,"enemies":"Cultist","floor":4.0,"turns":3.0},{"damage":31.0,"enemies":"Gremlin Nob","floor":7.0,"turns":4.0},{"damage":0.0,"enemies":"Large Slime","floor":12.0,"turns":4.0},{"damage":10.0,"enemies":"Lagavulin","floor":13.0,"turns":3.0},{"damage":0.0,"enemies":"Lots of Slimes","floor":14.0,"turns":3.0},{"damage":12.0,"enemies":"Slime Boss","floor":16.0,"turns":6.0},{"damage":0.0,"enemies":"Spheric Guardian","floor":18.0,"turns":3.0},{"damage":0.0,"enemies":"Chosen","floor":20.0,"turns":3.0},{"damage":0.0,"enemies":"3 Cultists","floor":21.0,"turns":3.0},{"damage":10.0,"enemies":"Centurion and Healer","floor":22.0,"turns":7.0},{"damage":0.0,"enemies":"Snake Plant","floor":25.0,"turns":1.0},{"damage":0.0,"enemies":"Snecko","floor":29.0,"turns":3.0},{"damage":7.0,"enemies":"Colosseum Slavers","floor":31.0,"turns":3.0},{"damage":0.0,"enemies":"Colosseum Nobs","floor":31.0,"turns":3.0},{"damage":15.0,"enemies":"Automaton","floor":33.0,"turns":4.0},{"damage":20.0,"enemies":"3 Darklings","floor":35.0,"turns":4.0},{"damage":27.0,"enemies":"Mind Bloom Boss Battle","floor":36.0,"turns":5.0},{"damage":9.0,"enemies":"3 Shapes","floor":38.0,"turns":5.0},{"damage":54.0,"enemies":"Transient","floor":39.0,"turns":6.0},{"damage":80.0,"enemies":"Reptomancer","floor":41.0,"turns":4.0},{"damage":39.0,"enemies":"Nemesis","floor":44.0,"turns":5.0},{"damage":25.0,"enemies":"Jaw Worm Horde","floor":47.0,"turns":4.0},{"damage":28.0,"enemies":"Spire Growth","floor":48.0,"turns":4.0},{"damage":19.0,"enemies":"Donu and Deca","floor":50.0,"turns":5.0},{"damage":33.0,"enemies":"Awakened One","floor":51.0,"turns":5.0},{"damage":42,"enemies":"Shield and Spear","floor":55,"turns":4},{"damage":203,"enemies":"The Heart","floor":56,"turns":10}],"seed_played":"-5869493499844100033","potions_obtained":[{"floor":3.0,"key":"Ancient Potion"},{"floor":12.0,"key":"Swift Potion"},{"floor":16.0,"key":"Weak Potion"},{"floor":36.0,"key":"SteroidPotion"},{"floor":39.0,"key":"Weak Potion"}],"is_trial":false,"path_per_floor":["M","$","M","M","?","R","E","$","T","R","?","M","E","M","R","B",null,"M","?","M","M","M","R","?","M","T","$","R","M","$","?","R","B",null,"M","?","$","M","M","R","E","R","T","E","R","?","M","M","R","B","B",null,"R","$","E","B",null],"character_chosen":"IRONCLAD","items_purchased":["Lantern","Membership Card","Limit Break","Deep Breath","War Paint","Disarm","TheAbacus","Strawberry","Dodecahedron"],"campfire_rested":0,"item_purchase_floors":[27,30,30,30,37,37,54,54,54],"current_hp_per_floor":[66,66,62,61,61,61,30,30,30,30,19,19,9,13,13,1,60,64,8,12,20,18,18,18,18,18,18,18,22,22,33,33,22,102,122,137,137,145,146,146,149,149,149,114,114,114,128,161,161,150,177,177,177,184,206,38],"gold":34,"neow_bonus":"BOSS_RELIC","is_prod":false,"is_daily":false,"chose_seed":true,"campfire_upgraded":10,"win_rate":0,"timestamp":1554192205,"path_taken":["M","$","M","M","?","R","E","$","T","R","?","M","E","M","R","BOSS","M","?","?","M","M","R","?","?","T","?","R","M","$","?","R","BOSS","M","?","$","M","M","R","E","R","T","E","R","?","M","?","R","BOSS","BOSS","R","$","E","BOSS"],"build_version":"2019-01-23","purchased_purges":5,"victory":true,"max_hp_per_floor":[75,75,75,75,75,75,75,75,75,75,75,75,75,79,79,79,79,83,83,87,95,103,103,103,103,103,103,103,107,107,125,125,129,129,133,137,137,145,149,149,149,149,149,153,153,153,161,161,161,169,177,177,177,184,206,210],"card_choices":[{"not_picked":["Perfected Strike","Fire Breathing"],"picked":"Pommel Strike","floor":1.0},{"not_picked":["Wild Strike","Havoc","Headbutt"],"picked":"SKIP","floor":3.0},{"not_picked":["Wild Strike","Headbutt"],"picked":"Havoc","floor":3.0},{"not_picked":["Pommel Strike","Headbutt"],"picked":"Rampage","floor":4.0},{"not_picked":["Twin Strike","Metallicize"],"picked":"Body Slam","floor":7.0},{"not_picked":["Sword Boomerang+1","Combust"],"picked":"Bloodletting","floor":12.0},{"not_picked":["Inflame","Iron Wave+1"],"picked":"Feed+1","floor":13.0},{"not_picked":["Intimidate","Iron Wave+1"],"picked":"Shockwave","floor":14.0},{"not_picked":["Exhume","Limit Break"],"picked":"Fiend Fire+1","floor":16.0},{"not_picked":["Shrug It Off","Thunderclap+1"],"picked":"Evolve","floor":18.0},{"not_picked":["Body Slam+1","Blood for Blood+1"],"picked":"Battle Trance","floor":20.0},{"not_picked":["Thunderclap+1","Blood for Blood+1","Heavy Blade+1"],"picked":"SKIP","floor":21.0},{"not_picked":["Perfected Strike+1","Sever Soul+1","Body Slam+1"],"picked":"SKIP","floor":22.0},{"not_picked":["Clash+1","Sword Boomerang+1","Iron Wave+1"],"picked":"SKIP","floor":25.0},{"not_picked":["Searing Blow+1","Warcry","Clothesline+1"],"picked":"SKIP","floor":29.0},{"not_picked":["Feed+1","Demon Form"],"picked":"Reaper+1","floor":33.0},{"not_picked":["Rage","Headbutt+1","Iron Wave+1"],"picked":"SKIP","floor":35.0},{"not_picked":["Shockwave","Sever Soul+1"],"picked":"Second Wind+1","floor":36.0},{"not_picked":["Sentinel+1","Seeing Red","Rage"],"picked":"SKIP","floor":38.0},{"not_picked":["Clash+1","Uppercut+1"],"picked":"Burning Pact","floor":39.0},{"not_picked":["Body Slam+1","Searing Blow+1"],"picked":"Warcry+1","floor":41.0},{"not_picked":["Perfected Strike+1","Anger+1","Armaments+1"],"picked":"SKIP","floor":44.0},{"not_picked":["Thunderclap+1","Twin Strike+1","Body Slam+1"],"picked":"SKIP","floor":47.0},{"not_picked":["Flex+1","Havoc","Body Slam+1"],"picked":"SKIP","floor":48.0},{"not_picked":["Carnage+1","Juggernaut","Clothesline+1"],"picked":"SKIP","floor":55}],"player_experience":1413215,"relics_obtained":[{"floor":7.0,"key":"Orichalcum"},{"floor":9.0,"key":"Molten Egg 2"},{"floor":13.0,"key":"Vajra"},{"floor":31.0,"key":"Incense Burner"},{"floor":31.0,"key":"Pear"},{"floor":36.0,"key":"Champion Belt"},{"floor":41.0,"key":"Charon\u0027s Ashes"},{"floor":43.0,"key":"Omamori"},{"floor":44.0,"key":"Mummified Hand"},{"floor":55,"key":"Mango"}],"event_choices":[{"cards_removed":["Strike_R"],"damage_healed":0.0,"max_hp_gain":0.0,"max_hp_loss":0.0,"gold_gain":0.0,"event_name":"The Cleric","player_choice":"Card Removal","floor":5.0,"gold_loss":75.0,"damage_taken":0.0},{"damage_healed":0.0,"max_hp_gain":0.0,"max_hp_loss":0.0,"gold_gain":0.0,"event_name":"Scrap Ooze","player_choice":"Success","floor":11.0,"gold_loss":0.0,"damage_taken":11.0,"relics_obtained":["Red Skull"]},{"damage_healed":0.0,"max_hp_gain":0.0,"max_hp_loss":0.0,"gold_gain":540.0,"event_name":"Knowing Skull","player_choice":"GOLD GOLD GOLD GOLD GOLD GOLD ","floor":19.0,"potions_obtained":[],"gold_loss":0.0,"damage_taken":56.0,"cards_obtained":[]},{"damage_healed":0.0,"max_hp_gain":0.0,"max_hp_loss":0.0,"gold_gain":0.0,"event_name":"Match and Keep!","player_choice":"0 cards matched","floor":24.0,"gold_loss":0.0,"damage_taken":0.0,"cards_obtained":[]},{"damage_healed":0.0,"max_hp_gain":0.0,"max_hp_loss":0.0,"gold_gain":0.0,"event_name":"Colosseum","player_choice":"Fight","floor":31.0,"gold_loss":0.0,"damage_taken":0.0},{"damage_healed":0.0,"max_hp_gain":0.0,"max_hp_loss":0.0,"gold_gain":0.0,"event_name":"Colosseum","player_choice":"Fought Nobs","floor":31.0,"gold_loss":0.0,"damage_taken":0.0},{"damage_healed":0.0,"max_hp_gain":0.0,"max_hp_loss":0.0,"gold_gain":0.0,"event_name":"MindBloom","player_choice":"Fight","floor":36.0,"gold_loss":0.0,"damage_taken":0.0},{"damage_healed":0.0,"max_hp_gain":0.0,"max_hp_loss":0.0,"gold_gain":0.0,"event_name":"Upgrade Shrine","player_choice":"Upgraded","floor":46.0,"gold_loss":0.0,"damage_taken":0.0,"cards_upgraded":["Feel No Pain"]}],"is_beta":false,"boss_relics":[{"not_picked":["Orrery","Sozu"],"picked":"Pandora\u0027s Box"},{"not_picked":["Mark of Pain","Eternal Feather"],"picked":"Runic Pyramid"}],"items_purged_floors":[8,27,30,37,54],"is_endless":false,"potions_floor_spawned":[3,12,16,25,29,31,31,36,39,41,48],"ascension_level":20}