{"gold_per_floor":[111,111,132,6,6,6,45,65,144,162,186,202,202,215,215,346,346,361,361,186,210,210],"floor_reached":22,"playtime":1832,"items_purged":[],"score":188,"play_id":"c2f4e311-18d2-4754-a347-488e8dc2d844","local_time":"20181126170347","is_ascension_mode":false,"campfire_choices":[{"data":"Offering","floor":13,"key":"SMITH"},{"floor":15,"key":"REST"}],"neow_cost":"NONE","seed_source_timestamp":971886959388510,"circlet_count":0,"master_deck":["Strike_R","Strike_R","Strike_R","Strike_R","Strike_R","Defend_R","Defend_R","Defend_R","Pommel Strike","Iron Wave","Flame Barrier","Flex","Defend_R","Offering+1","Perfected Strike","Armaments+1","Clothesline","Inflame","Armaments+1","Dark Embrace","Inflame+1","Warcry+1","Good Instincts+1","Iron Wave","Heavy Blade"],"relics":["Burning Blood","Golden Idol","Red Skull","Toxic Egg 2","Eternal Feather"],"potions_floor_usage":[],"damage_taken":[{"damage":11,"enemies":"Jaw Worm","floor":1,"turns":5},{"damage":6,"enemies":"Small Slimes","floor":3,"turns":4},{"damage":34,"enemies":"3 Sentries","floor":7,"turns":12},{"damage":1,"enemies":"Cultist","floor":8,"turns":3},{"damage":9,"enemies":"Red Slaver","floor":10,"turns":2},{"damage":15,"enemies":"Lots of Slimes","floor":11,"turns":4},{"damage":15,"enemies":"Large Slime","floor":12,"turns":5},{"damage":7,"enemies":"Gremlin Gang","floor":14,"turns":4},{"damage":29,"enemies":"Slime Boss","floor":16,"turns":7},{"damage":24,"enemies":"3 Byrds","floor":18,"turns":5},{"damage":20,"enemies":"Chosen","floor":21,"turns":7},{"damage":52,"enemies":"Shelled Parasite and Fungi","floor":22,"turns":6}],"seed_played":"-207847265502955884","potions_obtained":[{"floor":7,"key":"SpeedPotion"},{"floor":10,"key":"SpeedPotion"},{"floor":12,"key":"GamblersBrew"},{"floor":16,"key":"Poison Potion"}],"is_trial":false,"path_per_floor":["M","?","M","$","?","?","E","M","T","M","M","M","R","M","R","B",null,"M","?","$","M","M"],"character_chosen":"IRONCLAD","items_purchased":["Flame Barrier","Flex","Warcry+1","Good Instincts+1","Iron Wave"],"campfire_rested":1,"item_purchase_floors":[4,4,20,20,20],"current_hp_per_floor":[83,81,81,81,81,81,53,58,58,55,46,37,37,36,60,37,81,63,63,63,49,0],"gold":210,"neow_bonus":"TEN_PERCENT_HP_BONUS","is_prod":false,"is_daily":false,"chose_seed":false,"campfire_upgraded":1,"win_rate":0.0,"timestamp":1543269827,"path_taken":["M","?","M","$","?","?","E","M","T","?","M","M","R","M","R","BOSS","M","?","$","M","M"],"build_version":"2018-11-15","purchased_purges":0,"victory":false,"max_hp_per_floor":[88,81,81,81,81,81,81,81,81,81,81,81,81,81,81,81,81,81,81,81,81,81],"card_choices":[{"not_picked":["Twin Strike","Ghostly Armor"],"picked":"Pommel Strike","floor":1},{"not_picked":["Second Wind","Disarm"],"picked":"Iron Wave","floor":3},{"not_picked":["Brutality","Spot Weakness"],"picked":"Offering","floor":7},{"not_picked":["Flex","Clash"],"picked":"Perfected Strike","floor":8},{"not_picked":["Power Through+1","Metallicize"],"picked":"Armaments+1","floor":10},{"not_picked":["Warcry+1","Searing Blow"],"picked":"Clothesline","floor":11},{"not_picked":["Warcry+1","True Grit+1"],"picked":"Inflame","floor":12},{"not_picked":["Second Wind+1","Burning Pact+1"],"picked":"Armaments+1","floor":14},{"not_picked":["Barricade","Bludgeon"],"picked":"Dark Embrace","floor":16},{"not_picked":["Armaments+1","Sword Boomerang"],"picked":"Inflame+1","floor":18},{"not_picked":["Twin Strike","Second Wind+1"],"picked":"Heavy Blade","floor":21}],"player_experience":6617,"relics_obtained":[{"floor":7,"key":"Red Skull"},{"floor":9,"key":"Toxic Egg 2"}],"event_choices":[{"damage_healed":0,"gold_gain":0,"player_choice":"Lose Max HP","damage_taken":0,"relics_obtained":["Golden Idol"],"max_hp_gain":0,"max_hp_loss":7,"event_name":"Golden Idol","floor":2,"gold_loss":0},{"damage_healed":0,"gold_gain":0,"player_choice":"Ignored","damage_taken":0,"max_hp_gain":0,"max_hp_loss":0,"event_name":"Liars Game","floor":5,"gold_loss":0},{"cards_removed":["Defend_R"],"damage_healed":0,"gold_gain":0,"player_choice":"Took Card","damage_taken":0,"max_hp_gain":0,"max_hp_loss":0,"event_name":"NoteForYourself","floor":6,"gold_loss":0,"cards_obtained":["Defend_R"]},{"cards_removed":["Bash"],"damage_healed":0,"gold_gain":0,"player_choice":"Purged","damage_taken":0,"max_hp_gain":0,"max_hp_loss":0,"event_name":"Purifier","floor":19,"gold_loss":0}],"is_beta":false,"boss_relics":[{"not_picked":["Tiny House","White Beast Statue"],"picked":"Eternal Feather"}],"items_purged_floors":[],"is_endless":false,"potions_floor_spawned":[7,10,12,16],"killed_by":"Shelled Parasite and Fungi","ascension_level":0}