{"path_per_floor":["M","?","$","$","?","E","R","E","T","R","E","$","M","M","R","B",null,"M","?","M","M","M","E","R","E","T","M"],"character_chosen":"DEFECT","items_purchased":["Apotheosis"],"gold_per_floor":[110,210,2,2,2,42,42,78,78,78,121,46,69,90,90,210,210,224,224,249,274,298,329,329,360,390,403,403],"floor_reached":28,"campfire_rested":1,"playtime":1712,"item_purchase_floors":[3],"current_hp_per_floor":[74,74,74,74,74,32,32,16,16,38,50,50,57,56,56,48,85,84,84,84,66,67,46,46,21,21,4,0],"items_purged":["Injury"],"gold":403,"score":317,"play_id":"6ac5e99e-96da-446a-af7d-fd28d8d92373","local_time":"20180610093759","is_prod":false,"is_daily":false,"chose_seed":false,"is_ascension_mode":true,"campfire_upgraded":3,"win_rate":0,"timestamp":1528641479,"campfire_choices":[{"data":"Apotheosis","floor":7,"key":"SMITH"},{"floor":10,"key":"REST"},{"data":"Reprogram","floor":15,"key":"SMITH"},{"data":"Coolheaded","floor":24,"key":"SMITH"}],"path_taken":["M","?","?","$","?","E","R","E","T","R","E","?","M","M","R","BOSS","M","?","?","M","?","E","R","E","T","M","?"],"build_version":"2018-06-08","seed_source_timestamp":104244563829505,"purchased_purges":1,"victory":false,"master_deck":["Strike_B","Strike_B","Strike_B","Strike_B","Defend_B","Defend_B","Defend_B","Zap","Dualcast","Coolheaded+1","Apotheosis+1","Reprogram+1","Beam Cell","Self Repair","Go for the Eyes","Leap","Electrodynamics","Hologram","Turbo+1","Reprogram","White Noise+1","Glacier","Double Energy+1"],"max_hp_per_floor":[75,75,75,75,75,75,75,75,75,75,85,85,85,85,85,85,85,85,85,85,85,85,85,85,85,85,85,85],"relics":["Cracked Core","Golden Idol","Dream Catcher","Kunai","Bag of Preparation","Pear","Black Star","Potion Belt","Lantern","Ice Cream","Du-Vu Doll","Tiny Chest"],"card_choices":[{"not_picked":["Streamline","Steam"],"picked":"Coolheaded","floor":1},{"not_picked":["Reinforced Body","Leap"],"picked":"Reprogram","floor":6},{"not_picked":["Gash","Core Surge"],"picked":"Beam Cell","floor":8},{"not_picked":["BootSequence","Compile Driver"],"picked":"Self Repair","floor":10},{"not_picked":["Force Field","Rebound","Beam Cell"],"picked":"SKIP","floor":11},{"not_picked":["Sweeping Beam","Leap"],"picked":"Go for the Eyes","floor":13},{"not_picked":["Fusion","Compile Driver"],"picked":"Leap","floor":14},{"not_picked":["Machine Learning","Core Surge"],"picked":"Electrodynamics","floor":16},{"not_picked":["Streamline","Beam Cell"],"picked":"Hologram","floor":18},{"not_picked":["Steam","Sweeping Beam"],"picked":"Turbo+1","floor":20},{"not_picked":["Stack","Coolheaded+1"],"picked":"Reprogram","floor":21},{"not_picked":["Reinforced Body","All For One"],"picked":"White Noise+1","floor":22},{"not_picked":["Hologram","Sunder"],"picked":"Glacier","floor":23},{"not_picked":["Streamline","Hello World","Cold Snap"],"picked":"SKIP","floor":25},{"not_picked":["Doom and Gloom","Recycle"],"picked":"Double Energy+1","floor":27}],"player_experience":214085,"potions_floor_usage":[11,16,16,21,22,23,28],"damage_taken":[{"damage":1,"enemies":"2 Louse","floor":1,"turns":2},{"damage":42,"enemies":"Gremlin Nob","floor":6,"turns":5},{"damage":16,"enemies":"3 Sentries","floor":8,"turns":7},{"damage":8,"enemies":"Lagavulin","floor":11,"turns":5},{"damage":0,"enemies":"Cultist","floor":13,"turns":2},{"damage":1,"enemies":"Jaw Worm","floor":14,"turns":2},{"damage":18,"enemies":"Hexaghost","floor":16,"turns":9},{"damage":1,"enemies":"Spheric Guardian","floor":18,"turns":3},{"damage":10,"enemies":"Chosen","floor":20,"turns":4},{"damage":38,"enemies":"Snake Plant","floor":21,"turns":5},{"damage":9,"enemies":"Centurion and Healer","floor":22,"turns":5},{"damage":31,"enemies":"Gremlin Leader","floor":23,"turns":7},{"damage":25,"enemies":"Book of Stabbing","floor":25,"turns":4},{"damage":17,"enemies":"Chosen and Byrds","floor":27,"turns":5},{"damage":7,"enemies":"Snecko","floor":28,"turns":2}],"relics_obtained":[{"floor":6,"key":"Dream Catcher"},{"floor":8,"key":"Kunai"},{"floor":9,"key":"Bag of Preparation"},{"floor":11,"key":"Pear"},{"floor":23,"key":"Potion Belt"},{"floor":23,"key":"Lantern"},{"floor":25,"key":"Ice Cream"},{"floor":25,"key":"Du-Vu Doll"},{"floor":26,"key":"Tiny Chest"}],"event_choices":[{"event_name":"Golden Shrine","player_choice":"Pray","floor":2,"damage_taken":0},{"event_name":"Golden Idol","player_choice":"Take Wound","floor":5,"damage_taken":0},{"event_name":"Ghosts","player_choice":"Ignored","floor":19,"damage_taken":0}],"boss_relics":[{"not_picked":["Runic Dome","Lizard Tail"],"picked":"Black Star"}],"items_purged_floors":[12],"potions_floor_spawned":[6,8,11,13,18,20,22],"seed_played":"-1372555356495793368","killed_by":"Snecko","ascension_level":3,"potions_obtained":[{"floor":6,"key":"Swift Potion"},{"floor":8,"key":"Block Potion"},{"floor":11,"key":"FearPotion"},{"floor":13,"key":"Block Potion"},{"floor":18,"key":"PowerPotion"},{"floor":20,"key":"Regen Potion"},{"floor":22,"key":"AttackPotion"}],"is_trial":false}