{"gold_per_floor":[119,294,313,328,338,366,366,366,418,418],"floor_reached":10,"playtime":431,"items_purged":[],"score":88,"play_id":"65072004-8731-44b7-8172-df9a74b2af02","local_time":"20181212205926","is_ascension_mode":true,"campfire_choices":[{"data":"Pommel Strike","floor":8,"key":"SMITH"}],"neow_cost":"NONE","seed_source_timestamp":2369973058909865,"circlet_count":0,"master_deck":["Strike_R","Strike_R","Strike_R","Strike_R","Strike_R","Defend_R","Defend_R","Defend_R","Defend_R","Bash+1","Pommel Strike+1","Doubt","True Grit","Spot Weakness","Burning Pact","Ghostly Armor","Bash"],"relics":["Burning Blood","Mummified Hand","Boot"],"potions_floor_usage":[],"damage_taken":[{"damage":0,"enemies":"2 Louse","floor":1,"turns":3},{"damage":1,"enemies":"Cultist","floor":3,"turns":3},{"damage":0,"enemies":"Jaw Worm","floor":4,"turns":8},{"damage":12,"enemies":"Looter","floor":5,"turns":3},{"damage":41,"enemies":"3 Sentries","floor":6,"turns":10},{"damage":43,"enemies":"Lagavulin","floor":10,"turns":6}],"seed_played":"-8965427240227307182","potions_obtained":[{"floor":1,"key":"BloodPotion"},{"floor":4,"key":"Strength Potion"}],"is_trial":false,"path_per_floor":["M","?","M","M","M","E","?","R","T","E"],"character_chosen":"IRONCLAD","items_purchased":[],"campfire_rested":0,"item_purchase_floors":[],"current_hp_per_floor":[78,78,80,80,74,39,39,39,39,0],"gold":418,"neow_bonus":"UPGRADE_CARD","is_prod":false,"is_daily":false,"chose_seed":false,"campfire_upgraded":1,"win_rate":0,"timestamp":1544666366,"path_taken":["M","?","M","M","M","E","?","R","T","E"],"build_version":"2018-12-06","purchased_purges":0,"victory":false,"max_hp_per_floor":[80,80,80,80,80,80,80,80,80,80],"card_choices":[{"not_picked":["Sword Boomerang","Reckless Charge"],"picked":"Pommel Strike","floor":1},{"not_picked":["Perfected Strike","Havoc"],"picked":"True Grit","floor":3},{"not_picked":["Body Slam","Wild Strike"],"picked":"Spot Weakness","floor":4},{"not_picked":["Feel No Pain","Havoc"],"picked":"Burning Pact","floor":5},{"not_picked":["Dark Embrace","Power Through"],"picked":"Ghostly Armor","floor":6}],"player_experience":145531,"relics_obtained":[{"floor":6,"key":"Mummified Hand"},{"floor":9,"key":"Boot"}],"event_choices":[{"damage_healed":0,"gold_gain":175,"player_choice":"AGREE","damage_taken":0,"max_hp_gain":0,"max_hp_loss":0,"event_name":"Liars Game","floor":2,"gold_loss":0,"cards_obtained":["Doubt"]},{"damage_healed":0,"gold_gain":0,"player_choice":"1 cards matched","damage_taken":0,"max_hp_gain":0,"max_hp_loss":0,"event_name":"Match and Keep!","floor":7,"gold_loss":0,"cards_obtained":["Bash"]}],"is_beta":false,"boss_relics":[],"items_purged_floors":[],"is_endless":false,"potions_floor_spawned":[1,4],"killed_by":"Lagavulin","ascension_level":6}