{"gold_per_floor":[111,111,111,131,131,157,157,191,243,24,41,52,52,71,71,170,170,95,95,95,95,95,95,95,95,95,95,15,15,15,15,15,15],"floor_reached":33,"playtime":948,"items_purged":[],"score":509,"play_id":"5ba4f3bb-6e25-4f75-9cad-a4188ab8f7f2","local_time":"20180829142321","is_ascension_mode":true,"campfire_choices":[{"data":"Streamline","floor":7,"key":"SMITH"},{"data":"Zap","floor":13,"key":"SMITH"},{"data":"Hologram","floor":15,"key":"SMITH"},{"floor":24,"key":"REST"},{"floor":27,"key":"REST"},{"data":"Go for the Eyes","floor":32,"key":"SMITH"}],"neow_cost":"NONE","seed_source_timestamp":94559543623400,"circlet_count":0,"master_deck":["Strike_B","Strike_B","Strike_B","Defend_B","Defend_B","Defend_B+1","Defend_B+1","Zap+1","Dualcast","AscendersBane","Conserve Battery","Go for the Eyes+1","Streamline+1","Compile Driver","BootSequence","Hologram+1","Cold Snap","Barrage","Electrodynamics","Stack","Cold Snap","Decay","Conserve Battery","Sunder"],"relics":["Cracked Core","NeowsBlessing","Centennial Puzzle","War Paint","Darkstone Periapt","Oddly Smooth Stone","Bronze Scales","Ectoplasm","Mummified Hand","Thread and Needle","Pantograph","Art of War"],"potions_floor_usage":[8,16,18,30,33],"damage_taken":[{"damage":0,"enemies":"Cultist","floor":1,"turns":1},{"damage":0,"enemies":"Small Slimes","floor":4,"turns":1},{"damage":0,"enemies":"Gremlin Nob","floor":6,"turns":1},{"damage":20,"enemies":"3 Sentries","floor":8,"turns":7},{"damage":0,"enemies":"Jaw Worm","floor":11,"turns":2},{"damage":9,"enemies":"Exordium Thugs","floor":12,"turns":5},{"damage":0,"enemies":"Blue Slaver","floor":14,"turns":3},{"damage":9,"enemies":"Hexaghost","floor":16,"turns":10},{"damage":11,"enemies":"2 Thieves","floor":18,"turns":4},{"damage":1,"enemies":"Chosen","floor":20,"turns":4},{"damage":0,"enemies":"Centurion and Healer","floor":22,"turns":6},{"damage":28,"enemies":"Book of Stabbing","floor":23,"turns":6},{"damage":6,"enemies":"Sentry and Sphere","floor":25,"turns":6},{"damage":28,"enemies":"Slavers","floor":30,"turns":5},{"damage":76,"enemies":"Champ","floor":33,"turns":11}],"seed_played":"810101178393349263","potions_obtained":[{"floor":5,"key":"Regen Potion"},{"floor":5,"key":"PowerPotion"},{"floor":8,"key":"AttackPotion"},{"floor":16,"key":"SpeedPotion"},{"floor":18,"key":"SpeedPotion"},{"floor":22,"key":"Fire Potion"}],"is_trial":false,"path_per_floor":["M","?","?","M","?","E","R","E","T","$","M","M","R","M","R","B",null,"M","T","M","?","M","E","R","M","T","R","$","?","E","?","R"],"character_chosen":"DEFECT","items_purchased":["Bronze Scales","BootSequence","Sunder"],"campfire_rested":2,"item_purchase_floors":[10,10,28],"current_hp_per_floor":[68,61,58,58,58,58,58,53,53,53,53,44,44,44,44,35,65,54,54,53,59,59,31,55,49,49,73,73,73,45,37,37,0],"gold":15,"neow_bonus":"THREE_ENEMY_KILL","is_prod":false,"is_daily":false,"chose_seed":false,"campfire_upgraded":4,"win_rate":0,"timestamp":1535563401,"path_taken":["M","?","?","M","?","E","R","E","T","?","M","M","R","M","R","BOSS","M","?","M","?","M","E","R","?","T","R","$","?","E","?","R","BOSS"],"build_version":"2018-07-12","purchased_purges":0,"victory":false,"max_hp_per_floor":[75,75,75,75,75,75,75,75,75,75,75,75,75,75,75,75,75,75,75,75,81,81,81,81,81,81,81,81,81,81,81,81,81],"card_choices":[{"not_picked":["Rebound","Go for the Eyes"],"picked":"Conserve Battery","floor":1},{"not_picked":["Turbo","Heatsinks"],"picked":"Go for the Eyes","floor":4},{"not_picked":["Genetic Algorithm","Chill"],"picked":"Streamline","floor":6},{"not_picked":["Skim","Fission"],"picked":"Compile Driver","floor":8},{"not_picked":["Turbo","Redo"],"picked":"Hologram","floor":11},{"not_picked":["Compile Driver","Go for the Eyes"],"picked":"Cold Snap","floor":12},{"not_picked":["Aggregate","Scrape"],"picked":"Barrage","floor":14},{"not_picked":["Creative AI","Machine Learning"],"picked":"Electrodynamics","floor":16},{"not_picked":["Lockon","Barrage"],"picked":"Stack","floor":18},{"not_picked":["Barrage","Static Discharge"],"picked":"Cold Snap","floor":20},{"not_picked":["Compile Driver","Rebound","Beam Cell"],"picked":"SKIP","floor":22},{"not_picked":["Amplify","Recycle"],"picked":"Conserve Battery","floor":23},{"not_picked":["Aggregate","Scrape","Beam Cell"],"picked":"SKIP","floor":25},{"not_picked":["Sunder","Darkness","Chaos+1"],"picked":"SKIP","floor":30}],"player_experience":741753,"relics_obtained":[{"floor":6,"key":"War Paint"},{"floor":8,"key":"Darkstone Periapt"},{"floor":9,"key":"Oddly Smooth Stone"},{"floor":19,"key":"Mummified Hand"},{"floor":23,"key":"Thread and Needle"},{"floor":26,"key":"Pantograph"},{"floor":30,"key":"Art of War"}],"event_choices":[{"event_name":"Golden Wing","player_choice":"Card Removal","floor":2,"damage_taken":0},{"event_name":"Scrap Ooze","player_choice":"success","floor":3,"damage_taken":3},{"event_name":"The Lab","player_choice":"Got Potions","floor":5,"damage_taken":0},{"event_name":"Forgotten Altar","player_choice":"Smashed Altar","floor":21,"damage_taken":0},{"event_name":"Ghosts","player_choice":"Ignored","floor":29,"damage_taken":0},{"event_name":"FaceTrader","player_choice":"Touch","floor":31,"damage_taken":0}],"boss_relics":[{"not_picked":["White Beast Statue","Calling Bell"],"picked":"Ectoplasm"}],"items_purged_floors":[],"is_endless":false,"potions_floor_spawned":[6,8,11,16,18,22,25],"killed_by":"Champ","ascension_level":12}