{"gold_per_floor":[118,134,144,75,90,119,194,194,194,194,211,211],"floor_reached":12,"playtime":298,"items_purged":[],"score":160,"play_id":"e027e994-28d6-480e-b13a-62d78be69c97","local_time":"20190516122802","is_ascension_mode":true,"campfire_choices":[{"floor":8,"key":"REST"},{"data":"Dagger Spray","floor":10,"key":"SMITH"}],"neow_cost":"NONE","seed_source_timestamp":10615340303736,"circlet_count":0,"master_deck":["AscendersBane","Defend_G","Defend_G","Defend_G","Defend_G","Defend_G","Strike_G","Strike_G","Strike_G","Strike_G","Strike_G","Survivor","Neutralize","Dagger Spray+1","Backstab","Caltrops","Backflip","Endless Agony","Leg Sweep"],"relics":["Ring of the Snake","Juzu Bracelet","Ornamental Fan","Blood Vial"],"potions_floor_usage":[6],"damage_taken":[{"damage":0,"enemies":"Small Slimes","floor":1,"turns":4},{"damage":6,"enemies":"Cultist","floor":2,"turns":3},{"damage":0,"enemies":"2 Louse","floor":3,"turns":3},{"damage":4,"enemies":"Blue Slaver","floor":5,"turns":5},{"damage":30,"enemies":"Gremlin Nob","floor":6,"turns":4},{"damage":1,"enemies":"Looter","floor":11,"turns":3},{"damage":26,"enemies":"Lagavulin","floor":12,"turns":11}],"seed_played":"2492141165748590649","potions_obtained":[{"floor":0,"key":"Explosive Potion"},{"floor":0,"key":"Strength Potion"}],"is_trial":false,"path_per_floor":["M","M","M","?","M","E","?","R","T","R","M","E"],"character_chosen":"THE_SILENT","items_purchased":[],"campfire_rested":1,"item_purchase_floors":[],"current_hp_per_floor":[59,53,53,53,49,19,8,27,27,27,28,4],"gold":211,"neow_bonus":"THREE_SMALL_POTIONS","is_prod":false,"is_daily":false,"chose_seed":false,"campfire_upgraded":1,"win_rate":0,"timestamp":1558020482,"path_taken":["M","M","M","?","M","E","?","R","T","R","M","E"],"build_version":"2019-01-23","purchased_purges":0,"victory":false,"max_hp_per_floor":[66,66,66,66,66,66,66,66,66,66,66,66],"card_choices":[{"not_picked":["Blade Dance","Deadly Poison"],"picked":"Dagger Spray","floor":1},{"not_picked":["Quick Slash","Concentrate"],"picked":"Backstab","floor":2},{"not_picked":["Tools of the Trade","Acrobatics"],"picked":"Caltrops","floor":3},{"not_picked":["Slice","Tactician"],"picked":"Backflip","floor":5},{"not_picked":["Riddle With Holes","Poisoned Stab"],"picked":"Endless Agony","floor":6},{"not_picked":["Dodge and Roll","Cloak And Dagger"],"picked":"Leg Sweep","floor":11}],"player_experience":2340549,"relics_obtained":[{"floor":6,"key":"Ornamental Fan"},{"floor":9,"key":"Blood Vial"}],"event_choices":[{"damage_healed":0,"gold_gain":0,"player_choice":"Paid Gold","damage_taken":0,"relics_obtained":["Juzu Bracelet"],"max_hp_gain":0,"max_hp_loss":0,"event_name":"WeMeetAgain","floor":4,"gold_loss":69},{"damage_healed":0,"gold_gain":75,"player_choice":"Gather Gold","damage_taken":11,"max_hp_gain":0,"max_hp_loss":0,"event_name":"World of Goop","floor":7,"gold_loss":0}],"is_beta":false,"boss_relics":[],"items_purged_floors":[],"is_endless":false,"potions_floor_spawned":[3],"killed_by":"Lagavulin","ascension_level":20}