{"gold_per_floor":[114,4,20,20,38,73,73,114,160,160,180,180,180,193,193,292,292,317,45,45,68,86,125,125,125],"floor_reached":25,"playtime":747,"items_purged":[],"score":462,"play_id":"6c8ab550-2faf-44c1-b725-764c36e3b4c5","local_time":"20190505151616","is_ascension_mode":true,"campfire_choices":[{"data":"Demon Form","floor":7,"key":"SMITH"},{"data":"Shrug It Off","floor":10,"key":"SMITH"},{"data":"Whirlwind","floor":13,"key":"SMITH"},{"floor":15,"key":"REST"},{"floor":24,"key":"REST"}],"neow_cost":"NONE","seed_source_timestamp":2296789320818,"circlet_count":0,"master_deck":["AscendersBane","Strike_R","Defend_R","Defend_R","Defend_R","Defend_R","Bash+1","Anger","Shrug It Off+1","Demon Form+1","Disarm","Whirlwind+1","Shrug It Off","Immolate","Pommel Strike+1","Bloodletting+1","Searing Blow+1","Armaments+1","Havoc+1","Disarm","Iron Wave","Shrug It Off"],"special_seed":0,"relics":["Burning Blood","Golden Idol","Matryoshka","Dream Catcher","Omamori","Astrolabe","Bottled Tornado","Kunai"],"potions_floor_usage":[6,16,23,25],"damage_taken":[{"damage":4.0,"enemies":"2 Louse","floor":1.0,"turns":3.0},{"damage":6,"enemies":"Cultist","floor":3,"turns":3},{"damage":7,"enemies":"Jaw Worm","floor":5,"turns":3},{"damage":19,"enemies":"3 Sentries","floor":6,"turns":8},{"damage":25,"enemies":"Lagavulin","floor":8,"turns":6},{"damage":2,"enemies":"Exordium Wildlife","floor":11,"turns":3},{"damage":19,"enemies":"Large Slime","floor":14,"turns":7},{"damage":17,"enemies":"Slime Boss","floor":16,"turns":6},{"damage":19,"enemies":"Shell Parasite","floor":18,"turns":6},{"damage":11,"enemies":"Spheric Guardian","floor":21,"turns":5},{"damage":3,"enemies":"3 Cultists","floor":22,"turns":3},{"damage":57,"enemies":"Book of Stabbing","floor":23,"turns":8},{"damage":35,"enemies":"Gremlin Leader","floor":25,"turns":2}],"seed_played":"-8464555023092971759","potions_obtained":[{"floor":3,"key":"Weak Potion"},{"floor":11,"key":"Explosive Potion"},{"floor":22,"key":"Regen Potion"}],"is_trial":false,"path_per_floor":["M","$","M","?","M","E","R","E","T","R","M","?","R","M","R","B",null,"M","$","?","M","M","E","R","E"],"character_chosen":"IRONCLAD","items_purchased":["AttackPotion","Anger","Bottled Tornado"],"campfire_rested":2,"item_purchase_floors":[2,2,19],"current_hp_per_floor":[70,70,70,68,67,54,54,35,35,35,39,39,39,26,46,35,60,47,47,47,42,45,9,29,0],"gold":125,"neow_bonus":"UPGRADE_CARD","is_prod":false,"is_daily":false,"chose_seed":false,"campfire_upgraded":3,"win_rate":0,"timestamp":1557080176,"path_taken":["M","$","M","?","M","E","R","E","T","R","M","?","R","M","R","BOSS","M","$","?","M","M","E","R","E"],"build_version":"2019-01-23","purchased_purges":0,"victory":false,"max_hp_per_floor":[75,75,75,68,68,68,68,68,68,68,68,68,68,68,68,68,68,68,68,68,68,68,68,68,68],"card_choices":[{"not_picked":["Heavy Blade","Warcry","Sentinel"],"picked":"SKIP","floor":1},{"not_picked":["Bloodletting","Fire Breathing","Flex"],"picked":"SKIP","floor":3},{"not_picked":["Infernal Blade","Anger"],"picked":"Shrug It Off","floor":5},{"not_picked":["Evolve","Hemokinesis"],"picked":"Demon Form","floor":6},{"not_picked":["Flex","Wild Strike","Havoc"],"picked":"SKIP","floor":8},{"not_picked":["Wild Strike","Iron Wave"],"picked":"Disarm","floor":11},{"not_picked":["True Grit","Clothesline","Perfected Strike"],"picked":"SKIP","floor":14},{"not_picked":["Perfected Strike","Clothesline"],"picked":"Shrug It Off","floor":15},{"not_picked":["Barricade","Limit Break"],"picked":"Immolate","floor":16},{"not_picked":["Havoc","Carnage"],"picked":"Armaments+1","floor":18},{"not_picked":["Iron Wave","Heavy Blade"],"picked":"Havoc+1","floor":21},{"not_picked":["Iron Wave","Dual Wield"],"picked":"Disarm","floor":22},{"not_picked":["Rupture","Bludgeon"],"picked":"Iron Wave","floor":23},{"not_picked":["Perfected Strike","Cleave"],"picked":"Shrug It Off","floor":24}],"player_experience":2254036,"relics_obtained":[{"floor":6,"key":"Matryoshka"},{"floor":8,"key":"Dream Catcher"},{"floor":9,"key":"Omamori"},{"floor":23,"key":"Kunai"}],"event_choices":[{"damage_healed":0,"gold_gain":0,"player_choice":"Lose Max HP","damage_taken":0,"relics_obtained":["Golden Idol"],"max_hp_gain":0,"max_hp_loss":7,"event_name":"Golden Idol","floor":4,"gold_loss":0},{"damage_healed":0,"gold_gain":0,"cards_transformed":["Strike_R"],"player_choice":"Transformed","damage_taken":0,"max_hp_gain":0,"max_hp_loss":0,"event_name":"Transmorgrifier","floor":12,"gold_loss":0,"cards_obtained":["Whirlwind"]},{"damage_healed":0,"gold_gain":0,"player_choice":"Ignored","damage_taken":0,"max_hp_gain":0,"max_hp_loss":0,"event_name":"N\u0027loth","floor":20,"gold_loss":0}],"is_beta":false,"boss_relics":[{"not_picked":["Empty Cage","Runic Cube"],"picked":"Astrolabe"}],"items_purged_floors":[],"is_endless":false,"potions_floor_spawned":[3,11,14,22],"killed_by":"Gremlin Leader","ascension_level":20}