{"gold_per_floor":[20,40,40,0,0,0,25,25,48,77,77,90,115,128,128,202,202,181,181],"floor_reached":19,"playtime":666,"items_purged":[],"score":370,"play_id":"9ac458d8-9f5e-4ff0-9057-fcdb7e66b287","local_time":"20190307194707","is_ascension_mode":true,"campfire_choices":[{"data":"Carnage","floor":6.0,"key":"SMITH"},{"data":"Disarm","floor":8.0,"key":"SMITH"},{"data":"Body Slam","floor":15.0,"key":"SMITH"}],"neow_cost":"NO_GOLD","seed_source_timestamp":0,"circlet_count":0,"master_deck":["AscendersBane","Strike_R","Defend_R+1","Defend_R+1","Defend_R","Defend_R","Bash","Disarm+1","Carnage+1","Feel No Pain","Ghostly Armor","Body Slam+1","Entrench","Evolve","Metallicize","Dark Embrace"],"special_seed":0,"relics":["Burning Blood","Oddly Smooth Stone","PreservedInsect","War Paint","Matryoshka","Runic Pyramid"],"potions_floor_usage":[16,16],"damage_taken":[{"damage":8.0,"enemies":"Cultist","floor":1.0,"turns":5.0},{"damage":6.0,"enemies":"Jaw Worm","floor":2.0,"turns":6.0},{"damage":32.0,"enemies":"Gremlin Nob","floor":7.0,"turns":4.0},{"damage":11.0,"enemies":"Lagavulin","floor":10.0,"turns":5.0},{"damage":0.0,"enemies":"2 Louse","floor":12.0,"turns":3.0},{"damage":19.0,"enemies":"Gremlin Nob","floor":13.0,"turns":4.0},{"damage":0.0,"enemies":"Exordium Wildlife","floor":14.0,"turns":6.0},{"damage":13,"enemies":"Hexaghost","floor":16,"turns":11},{"damage":21,"enemies":"2 Thieves","floor":18,"turns":4},{"damage":26,"enemies":"Masked Bandits","floor":19,"turns":3}],"seed_played":"5094247281360156594","potions_obtained":[{"floor":1.0,"key":"Explosive Potion"},{"floor":2.0,"key":"SpeedPotion"},{"floor":14.0,"key":"Swift Potion"}],"is_trial":false,"path_per_floor":["M","M","?","$","T","R","E","R","T","E","?","M","E","M","R","B",null,"M","?"],"character_chosen":"IRONCLAD","items_purchased":["Feel No Pain"],"campfire_rested":0,"item_purchase_floors":[4],"current_hp_per_floor":[66,66,66,66,66,66,40,40,40,35,28,34,21,27,27,20,61,46,20],"gold":181,"neow_bonus":"REMOVE_TWO","is_prod":false,"is_daily":false,"chose_seed":false,"campfire_upgraded":3,"win_rate":0,"timestamp":1551959227,"path_taken":["M","M","?","$","?","R","E","R","T","E","?","M","E","M","R","BOSS","M","?"],"build_version":"2019-01-23","purchased_purges":0,"victory":false,"max_hp_per_floor":[75,75,75,75,75,75,75,75,75,75,75,75,75,75,75,75,75,75,75],"card_choices":[{"not_picked":["Havoc","Anger","Wild Strike"],"picked":"SKIP","floor":1.0},{"not_picked":["Clash","Havoc"],"picked":"Disarm","floor":2.0},{"not_picked":["Dropkick","Bludgeon"],"picked":"Ghostly Armor","floor":7.0},{"not_picked":["Thunderclap","Armaments"],"picked":"Body Slam","floor":10.0},{"not_picked":["Sword Boomerang","Iron Wave"],"picked":"Entrench","floor":12.0},{"not_picked":["Sword Boomerang","Flex"],"picked":"Evolve","floor":13.0},{"not_picked":["Pummel","Cleave"],"picked":"Metallicize","floor":14.0},{"not_picked":["Reaper","Feed"],"picked":"Dark Embrace","floor":16},{"not_picked":["Thunderclap","Evolve","Anger"],"picked":"SKIP","floor":18}],"player_experience":1179790,"relics_obtained":[{"floor":7.0,"key":"Oddly Smooth Stone"},{"floor":9.0,"key":"PreservedInsect"},{"floor":10.0,"key":"War Paint"},{"floor":13.0,"key":"Matryoshka"}],"event_choices":[{"damage_healed":0.0,"max_hp_gain":0.0,"max_hp_loss":0.0,"gold_gain":0.0,"cards_transformed":["Strike_R"],"event_name":"Living Wall","player_choice":"Change","floor":3.0,"gold_loss":0.0,"damage_taken":0.0,"cards_obtained":["Carnage"]},{"cards_removed":["Strike_R"],"damage_healed":0.0,"max_hp_gain":0.0,"max_hp_loss":0.0,"gold_gain":0.0,"event_name":"Golden Wing","player_choice":"Card Removal","floor":11.0,"gold_loss":0.0,"damage_taken":7.0},{"damage_healed":0,"gold_gain":0,"player_choice":"Fought Bandits","damage_taken":0,"max_hp_gain":0,"max_hp_loss":0,"event_name":"Masked Bandits","floor":19,"gold_loss":0}],"is_beta":false,"boss_relics":[{"not_picked":["Velvet Choker","Fusion Hammer"],"picked":"Runic Pyramid"}],"items_purged_floors":[],"is_endless":false,"potions_floor_spawned":[1,2,14],"killed_by":"Masked Bandits","ascension_level":20}