{"gold_per_floor":[112,129,129,129,144,177,188,188,188,188,188,188,200,233,233,329,329,349,274,374,182,196,196,225,243,314,332,332,332,332,346,346,451,451,464,513,529,576,589,589],"floor_reached":40,"playtime":2173,"items_purged":[],"score":649,"play_id":"ec94ed78-f6ac-40f0-a6b3-3d81cbc4fe1e","local_time":"20190513114854","is_ascension_mode":true,"campfire_choices":[{"floor":8,"key":"REST"},{"data":"Zap","floor":10,"key":"SMITH"},{"floor":15,"key":"REST"},{"floor":23,"key":"REST"},{"floor":32,"key":"REST"}],"neow_cost":"NONE","seed_source_timestamp":738527085345000,"circlet_count":0,"master_deck":["AscendersBane","Strike_B","Strike_B+1","Strike_B","Defend_B","Defend_B","Defend_B","Defend_B","Zap+1","Dualcast","Skim","Turbo","Coolheaded","Conserve Battery","Coolheaded","Ball Lightning","Hyperbeam","Hyperbeam","Beam Cell+1","Self Repair+1","Leap+1","Self Repair+1","Decay","Conserve Battery","Creative AI+1","Core Surge","Sunder+1","Decay"],"relics":["Cracked Core","Dream Catcher","Bronze Scales","Bottled Lightning","Bag of Marbles","Centennial Puzzle","Pocketwatch","Cursed Key","Emotion Chip","Frozen Egg 2","Whetstone","Boot","Blue Candle","Velvet Choker","Bird Faced Urn","Orichalcum"],"potions_floor_usage":[2,6,20,33,33,33,39,39,40],"damage_taken":[{"damage":7,"enemies":"Jaw Worm","floor":1,"turns":4},{"damage":9,"enemies":"2 Louse","floor":2,"turns":3},{"damage":0,"enemies":"Cultist","floor":5,"turns":3},{"damage":24,"enemies":"Lagavulin","floor":6,"turns":7},{"damage":0,"enemies":"2 Fungi Beasts","floor":7,"turns":3},{"damage":8,"enemies":"Gremlin Gang","floor":13,"turns":5},{"damage":38,"enemies":"Gremlin Nob","floor":14,"turns":4},{"damage":26,"enemies":"Slime Boss","floor":16,"turns":7},{"damage":0,"enemies":"3 Byrds","floor":18,"turns":1},{"damage":18,"enemies":"Colosseum Slavers","floor":20,"turns":3},{"damage":18,"enemies":"Colosseum Nobs","floor":20,"turns":3},{"damage":11,"enemies":"2 Thieves","floor":22,"turns":2},{"damage":25,"enemies":"Gremlin Leader","floor":24,"turns":3},{"damage":7,"enemies":"Centurion and Healer","floor":25,"turns":2},{"damage":18,"enemies":"Snake Plant","floor":27,"turns":2},{"damage":27,"enemies":"Snecko","floor":31,"turns":4},{"damage":60,"enemies":"Automaton","floor":33,"turns":10},{"damage":10,"enemies":"3 Shapes","floor":35,"turns":5},{"damage":32,"enemies":"2 Orb Walkers","floor":36,"turns":4},{"damage":26,"enemies":"Orb Walker","floor":37,"turns":4},{"damage":18,"enemies":"Maw","floor":39,"turns":8},{"damage":104,"enemies":"Giant Head","floor":40,"turns":8}],"seed_played":"-9179932313679398350","potions_obtained":[{"floor":1,"key":"Fire Potion"},{"floor":2,"key":"Fruit Juice"},{"floor":5,"key":"FocusPotion"},{"floor":14,"key":"Fire Potion"},{"floor":16,"key":"Dexterity Potion"},{"floor":25,"key":"Poison Potion"},{"floor":27,"key":"Poison Potion"},{"floor":33,"key":"EssenceOfSteel"},{"floor":36,"key":"Block Potion"},{"floor":37,"key":"SpeedPotion"}],"is_trial":false,"path_per_floor":["M","M","?","?","M","E","M","R","T","R","?","?","M","E","R","B",null,"M","?","?","$","M","R","E","M","T","M","?","?","?","M","R","B",null,"M","?","M","T","M","E"],"character_chosen":"DEFECT","items_purchased":["Self Repair+1","Whetstone"],"campfire_rested":4,"item_purchase_floors":[21,21],"current_hp_per_floor":[61,57,54,54,54,30,30,54,54,54,54,54,46,8,32,6,62,62,62,26,26,15,39,24,37,37,29,55,55,55,38,62,12,63,73,61,59,59,69,0],"gold":589,"neow_bonus":"RANDOM_COMMON_RELIC","is_prod":false,"is_daily":false,"chose_seed":false,"campfire_upgraded":1,"win_rate":0,"timestamp":1557744534,"path_taken":["M","M","?","?","?","E","M","R","T","R","?","?","?","E","R","BOSS","M","?","?","?","?","R","E","M","T","M","?","?","?","M","R","BOSS","M","?","M","?","M","E"],"build_version":"2019-01-23","purchased_purges":0,"victory":false,"max_hp_per_floor":[75,80,80,80,80,80,80,80,80,80,80,80,80,80,80,80,80,80,80,80,80,80,80,80,80,80,80,80,80,80,80,80,80,80,80,80,80,80,80,80],"card_choices":[{"not_picked":["Heatsinks","Streamline"],"picked":"Skim","floor":1},{"not_picked":["Reprogram","Steam"],"picked":"Turbo","floor":2},{"not_picked":["Beam Cell","Stack"],"picked":"Coolheaded","floor":5},{"not_picked":["Storm","Aggregate"],"picked":"Conserve Battery","floor":6},{"not_picked":["Hello World","Sweeping Beam"],"picked":"Coolheaded","floor":7},{"not_picked":["Streamline","Barrage"],"picked":"Ball Lightning","floor":8},{"not_picked":["Barrage","Stack"],"picked":"Loop","floor":13},{"not_picked":["Streamline","Compile Driver","Gash"],"picked":"SKIP","floor":14},{"not_picked":["Conserve Battery","Cold Snap"],"picked":"Hyperbeam","floor":15},{"not_picked":["Thunder Strike","Multi-Cast"],"picked":"Hyperbeam","floor":16},{"not_picked":["Streamline","Leap"],"picked":"Beam Cell","floor":18},{"not_picked":["Stack","Storm+1"],"picked":"Leap+1","floor":22},{"not_picked":["Force Field","Fusion"],"picked":"Self Repair+1","floor":24},{"not_picked":["Sweeping Beam+1","Redo","Darkness+1"],"picked":"SKIP","floor":25},{"not_picked":["Rip and Tear","Barrage","Redo"],"picked":"SKIP","floor":27},{"not_picked":["Reprogram","Auto Shields"],"picked":"Conserve Battery","floor":31},{"not_picked":["Leap+1","Barrage"],"picked":"Creative AI+1","floor":32},{"not_picked":["Machine Learning+1","Thunder Strike"],"picked":"Core Surge","floor":33},{"not_picked":["Heatsinks+1","Compile Driver"],"picked":"Sunder+1","floor":35},{"not_picked":["Coolheaded+1","Chill+1","Leap+1"],"picked":"SKIP","floor":37},{"not_picked":["Leap","Sweeping Beam+1","Streamline+1"],"picked":"SKIP","floor":39}],"player_experience":542633,"relics_obtained":[{"floor":6,"key":"Bottled Lightning"},{"floor":9,"key":"Bag of Marbles"},{"floor":14,"key":"Pocketwatch"},{"floor":20,"key":"Emotion Chip"},{"floor":20,"key":"Frozen Egg 2"},{"floor":24,"key":"Boot"},{"floor":26,"key":"Blue Candle"},{"floor":36,"key":"Bird Faced Urn"},{"floor":38,"key":"Orichalcum"}],"event_choices":[{"damage_healed":0,"gold_gain":0,"player_choice":"Success","damage_taken":3,"relics_obtained":["Bronze Scales"],"max_hp_gain":0,"max_hp_loss":0,"event_name":"Scrap Ooze","floor":3,"gold_loss":0},{"cards_removed":["Strike_B"],"damage_healed":0,"gold_gain":0,"player_choice":"Offered Basic","damage_taken":0,"max_hp_gain":0,"max_hp_loss":0,"event_name":"Bonfire Elementals","floor":4,"gold_loss":0},{"damage_healed":0,"gold_gain":0,"player_choice":"Ignored","damage_taken":0,"max_hp_gain":0,"max_hp_loss":0,"event_name":"Golden Wing","floor":11,"gold_loss":0},{"damage_healed":0,"gold_gain":0,"player_choice":"Gave Potion","damage_taken":0,"relics_obtained":["Centennial Puzzle"],"max_hp_gain":0,"max_hp_loss":0,"event_name":"WeMeetAgain","floor":12,"gold_loss":0},{"cards_removed":["Loop"],"damage_healed":0,"gold_gain":0,"player_choice":"Gave Gold","damage_taken":0,"max_hp_gain":0,"max_hp_loss":0,"event_name":"Beggar","floor":19,"gold_loss":75},{"damage_healed":0,"gold_gain":0,"player_choice":"Fight","damage_taken":0,"max_hp_gain":0,"max_hp_loss":0,"event_name":"Colosseum","floor":20,"gold_loss":0},{"damage_healed":0,"gold_gain":0,"player_choice":"Fought Nobs","damage_taken":0,"max_hp_gain":0,"max_hp_loss":0,"event_name":"Colosseum","floor":20,"gold_loss":0},{"damage_healed":26,"gold_gain":0,"player_choice":"Heal","damage_taken":0,"max_hp_gain":0,"max_hp_loss":0,"event_name":"The Library","floor":28,"gold_loss":0},{"damage_healed":0,"gold_gain":0,"player_choice":"Smashed Altar","damage_taken":0,"max_hp_gain":0,"max_hp_loss":0,"event_name":"Forgotten Altar","floor":29,"gold_loss":0,"cards_obtained":["Decay"]},{"cards_removed":["Normality"],"damage_healed":0,"gold_gain":0,"player_choice":"Elegance","damage_taken":0,"max_hp_gain":0,"max_hp_loss":0,"event_name":"Back to Basics","floor":30,"gold_loss":0},{"damage_healed":0,"gold_gain":0,"player_choice":"Fight","damage_taken":0,"max_hp_gain":0,"max_hp_loss":0,"event_name":"Mysterious Sphere","floor":36,"gold_loss":0}],"is_beta":false,"boss_relics":[{"not_picked":["Calling Bell","Black Star"],"picked":"Cursed Key"},{"not_picked":["Tiny House","White Beast Statue"],"picked":"Velvet Choker"}],"items_purged_floors":[],"is_endless":false,"potions_floor_spawned":[1,2,5,14,16,20,25,27,33,36,37],"killed_by":"Giant Head","ascension_level":10}