{"gold_per_floor":[165,165,184,184,195,227,247,247,247,247,522,174,174,193,193,193],"floor_reached":16,"playtime":330,"items_purged":["Regret"],"score":200,"play_id":"58015a31-50cf-4da1-a810-9eceaa712541","local_time":"20190505190934","is_ascension_mode":true,"campfire_choices":[{"floor":8.0,"key":"REST"},{"data":"Zap","floor":10.0,"key":"SMITH"},{"data":"Loop","floor":13.0,"key":"SMITH"},{"data":"Coolheaded","floor":15.0,"key":"SMITH"}],"neow_cost":"NONE","seed_source_timestamp":16716776192793,"circlet_count":0,"master_deck":["AscendersBane","Strike_B","Strike_B+1","Strike_B+1","Strike_B","Defend_B","Defend_B","Defend_B","Defend_B","Zap+1","Dualcast+1","BootSequence","Ball Lightning","Genetic Algorithm","Sweeping Beam","Coolheaded+1","Glacier","White Noise","Loop+1","Leap","Compile Driver"],"special_seed":0,"relics":["Tiny House","Bag of Marbles","Symbiotic Virus"],"potions_floor_usage":[16],"damage_taken":[{"damage":0.0,"enemies":"2 Louse","floor":1.0,"turns":3.0},{"damage":1.0,"enemies":"Cultist","floor":3.0,"turns":3.0},{"damage":11.0,"enemies":"Jaw Worm","floor":5.0,"turns":4.0},{"damage":32.0,"enemies":"Gremlin Nob","floor":6.0,"turns":4.0},{"damage":0.0,"enemies":"Looter","floor":7.0,"turns":5.0},{"damage":0.0,"enemies":"2 Fungi Beasts","floor":14.0,"turns":4.0},{"damage":26,"enemies":"The Guardian","floor":16,"turns":6}],"seed_played":"758564504000029748","potions_obtained":[{"floor":0.0,"key":"Poison Potion"},{"floor":3.0,"key":"PowerPotion"},{"floor":6.0,"key":"GamblersBrew"},{"floor":7.0,"key":"Ancient Potion"}],"is_trial":false,"path_per_floor":["M","?","M","?","M","E","M","R","T","R","?","$","R","M","R","B"],"character_chosen":"DEFECT","items_purchased":["White Noise","Loop","PowerPotion","Leap"],"campfire_rested":1,"item_purchase_floors":[12,12,12,12],"current_hp_per_floor":[69,46,45,45,34,2,2,24,24,24,24,24,24,24,24,0],"gold":193,"neow_bonus":"BOSS_RELIC","is_prod":false,"is_daily":false,"chose_seed":false,"campfire_upgraded":3,"win_rate":0,"timestamp":1557094174,"path_taken":["M","?","M","?","M","E","M","R","T","R","?","$","R","M","R","BOSS"],"build_version":"2019-01-23","purchased_purges":1,"victory":false,"max_hp_per_floor":[76,76,76,76,76,76,76,76,76,76,76,76,76,76,76,76],"card_choices":[{"not_picked":["Leap","Beam Cell"],"picked":"BootSequence","floor":0.0},{"not_picked":["Turbo","Streamline"],"picked":"Ball Lightning","floor":1.0},{"not_picked":["Beam Cell","Skim"],"picked":"Genetic Algorithm","floor":3.0},{"not_picked":["Darkness","Melter"],"picked":"Sweeping Beam","floor":5.0},{"not_picked":["Rebound","Darkness"],"picked":"Coolheaded","floor":6.0},{"not_picked":["Barrage","Cold Snap"],"picked":"Glacier","floor":7.0},{"not_picked":["Thunder Strike","Recycle","Compile Driver"],"picked":"SKIP","floor":14.0},{"not_picked":["Thunder Strike","Recycle"],"picked":"Compile Driver","floor":14.0}],"player_experience":2261487,"relics_obtained":[{"floor":6.0,"key":"Bag of Marbles"},{"floor":9.0,"key":"Symbiotic Virus"}],"event_choices":[{"damage_healed":0.0,"max_hp_gain":0.0,"max_hp_loss":0.0,"gold_gain":0.0,"event_name":"Shining Light","player_choice":"Entered Light","floor":2.0,"gold_loss":0.0,"damage_taken":23.0,"cards_upgraded":["Strike_B","Strike_B"]},{"damage_healed":0.0,"max_hp_gain":0.0,"max_hp_loss":0.0,"gold_gain":0.0,"event_name":"Scrap Ooze","player_choice":"Fled","floor":4.0,"gold_loss":0.0,"damage_taken":0.0},{"damage_healed":0.0,"max_hp_gain":0.0,"max_hp_loss":0.0,"gold_gain":275.0,"event_name":"Golden Shrine","player_choice":"Desecrate","floor":11.0,"gold_loss":0.0,"damage_taken":0.0,"cards_obtained":["Regret"]}],"is_beta":false,"boss_relics":[],"items_purged_floors":[12],"is_endless":false,"potions_floor_spawned":[3,6,7],"killed_by":"The Guardian","ascension_level":20}