{"gold_per_floor":[366,385,385,560,560,560,510,510,587,607,607,638,658,733,733,838,838,857,464,480,580,580,605,605,617,617,617,617,633,651,681,681,781,781,792,804,858,858,872,872,872,567,567,586,599,599,609,345,345,345,345,345,75,109,109],"floor_reached":56,"playtime":3237,"items_purged":["Doubt","Defend_G","Defend_G"],"score":1235,"play_id":"e3a08f7b-60df-4488-b0f7-04bb5f865dfc","local_time":"20190512124247","is_ascension_mode":false,"campfire_choices":[{"data":"Cloak And Dagger","floor":6.0,"key":"SMITH"},{"floor":11.0,"key":"REST"},{"data":"Noxious Fumes","floor":15.0,"key":"SMITH"},{"data":"Doppelganger","floor":24.0,"key":"SMITH"},{"data":"Footwork","floor":28.0,"key":"SMITH"},{"data":"Noxious Fumes","floor":32.0,"key":"SMITH"},{"data":"Bullet Time","floor":40.0,"key":"SMITH"},{"floor":46.0,"key":"RECALL"},{"data":"Blade Dance","floor":49.0,"key":"SMITH"},{"data":"Envenom","floor":52.0,"key":"SMITH"}],"neow_cost":"CURSE","seed_source_timestamp":0,"circlet_count":0,"master_deck":["Defend_G","Defend_G","Defend_G+1","Strike_G","Strike_G","Strike_G+1","Strike_G","Survivor+1","Neutralize+1","Cloak And Dagger+1","Deadly Poison","Escape Plan","Noxious Fumes+1","Backstab","Doppelganger+1","Prepared","Footwork+1","Dash+1","Backflip","Bouncing Flask+1","Blade Dance+1","Bullet Time+1","Noxious Fumes+1","Envenom+1","PiercingWail+1","Backstab","Discovery","Poisoned Stab","Adrenaline","Well Laid Plans","Escape Plan"],"special_seed":0,"relics":["Ring of the Snake","Strawberry","Shuriken","Mercury Hourglass","Bottled Lightning","Busted Crown","Gremlin Horn","Dead Branch","Letter Opener","War Paint","Bag of Preparation","Omamori","Pantograph","Black Star","WingedGreaves","Snake Skull","Bronze Scales","Ornamental Fan","Unceasing Top"],"potions_floor_usage":[55,55],"damage_taken":[{"damage":12.0,"enemies":"Jaw Worm","floor":1.0,"turns":9.0},{"damage":0.0,"enemies":"Small Slimes","floor":2.0,"turns":4.0},{"damage":0.0,"enemies":"2 Louse","floor":10.0,"turns":2.0},{"damage":8.0,"enemies":"3 Sentries","floor":12.0,"turns":7.0},{"damage":10.0,"enemies":"Large Slime","floor":13.0,"turns":5.0},{"damage":23.0,"enemies":"The Guardian","floor":16.0,"turns":10.0},{"damage":5.0,"enemies":"Shell Parasite","floor":18.0,"turns":5.0},{"damage":5.0,"enemies":"3 Byrds","floor":20.0,"turns":4.0},{"damage":0.0,"enemies":"Colosseum Slavers","floor":21.0,"turns":4.0},{"damage":18.0,"enemies":"Colosseum Nobs","floor":21.0,"turns":5.0},{"damage":0.0,"enemies":"Book of Stabbing","floor":23.0,"turns":4.0},{"damage":1.0,"enemies":"Shelled Parasite and Fungi","floor":25.0,"turns":3.0},{"damage":14.0,"enemies":"Sentry and Sphere","floor":29.0,"turns":4.0},{"damage":0.0,"enemies":"Centurion and Healer","floor":30.0,"turns":3.0},{"damage":0.0,"enemies":"Slavers","floor":31.0,"turns":4.0},{"damage":1.0,"enemies":"Automaton","floor":33.0,"turns":6.0},{"damage":0.0,"enemies":"3 Shapes","floor":35.0,"turns":3.0},{"damage":3.0,"enemies":"3 Darklings","floor":36.0,"turns":4.0},{"damage":0.0,"enemies":"2 Orb Walkers","floor":37.0,"turns":1.0},{"damage":0.0,"enemies":"4 Shapes","floor":39.0,"turns":1.0},{"damage":14.0,"enemies":"Transient","floor":44.0,"turns":5.0},{"damage":0.0,"enemies":"Spire Growth","floor":45.0,"turns":4.0},{"damage":0.0,"enemies":"Maw","floor":47.0,"turns":6.0},{"damage":52.0,"enemies":"Donu and Deca","floor":50.0,"turns":7.0},{"damage":25.0,"enemies":"Shield and Spear","floor":54.0,"turns":4.0},{"damage":69,"enemies":"The Heart","floor":55,"turns":8}],"seed_played":"-4062961930046423538","potions_obtained":[{"floor":10.0,"key":"EssenceOfSteel"},{"floor":12.0,"key":"Poison Potion"},{"floor":23.0,"key":"AttackPotion"},{"floor":25.0,"key":"SkillPotion"},{"floor":37.0,"key":"Strength Potion"},{"floor":44.0,"key":"Strength Potion"}],"is_trial":false,"path_per_floor":["M","M","?","?","?","R","?","T","T","M","R","E","M","?","R","B",null,"M","$","M","?","?","E","R","M","T","?","R","M","M","E","R","B",null,"M","M","?","?","M","R","?","$","T","M","M","R","M","$","R","B",null,"R","$","E","B",null],"character_chosen":"THE_SILENT","items_purchased":["Footwork","Gremlin Horn","Snake Skull","Bronze Scales","Adrenaline","Well Laid Plans","Escape Plan"],"campfire_rested":1,"item_purchase_floors":[19,19,42,42,48,53,53],"current_hp_per_floor":[58,58,44,44,44,44,44,44,44,44,67,59,49,38,38,15,77,72,72,67,49,49,49,49,48,48,73,73,59,59,59,59,76,77,77,74,74,74,74,74,74,74,74,60,60,60,60,60,60,25,77,77,77,52,8],"gold":109,"neow_bonus":"TWO_FIFTY_GOLD","is_prod":false,"is_daily":false,"chose_seed":false,"campfire_upgraded":8,"win_rate":0,"timestamp":1557661367,"path_taken":["M","M","?","?","?","R","?","?","T","M","R","E","M","?","R","BOSS","M","$","M","?","?","E","R","M","T","?","R","M","M","E","R","BOSS","M","M","?","?","?","R","?","$","T","?","M","R","M","$","R","BOSS","R","$","E","BOSS"],"build_version":"2019-01-23","purchased_purges":3,"victory":true,"max_hp_per_floor":[70,70,70,70,77,77,77,77,77,77,77,77,77,77,77,77,77,77,77,77,77,77,77,77,77,77,77,77,77,77,77,77,77,77,77,77,77,77,77,77,77,77,77,77,77,77,77,77,77,77,77,77,77,77,77],"card_choices":[{"not_picked":["Deflect","Deadly Poison"],"picked":"Cloak And Dagger","floor":1.0},{"not_picked":["Dagger Spray","Distraction"],"picked":"Deadly Poison","floor":2.0},{"not_picked":["Expertise","PiercingWail"],"picked":"Escape Plan","floor":10.0},{"not_picked":["Flying Knee","Leg Sweep"],"picked":"Noxious Fumes","floor":12.0},{"not_picked":["Prepared","Reflex"],"picked":"Backstab","floor":13.0},{"not_picked":["A Thousand Cuts","Grand Finale"],"picked":"Doppelganger","floor":16.0},{"not_picked":[],"picked":"Prepared","floor":18.0},{"not_picked":[],"picked":"Dash+1","floor":20.0},{"not_picked":[],"picked":"Backflip","floor":21.0},{"not_picked":[],"picked":"Bouncing Flask+1","floor":23.0},{"not_picked":[],"picked":"Blade Dance","floor":25.0},{"not_picked":["Heel Hook"],"picked":"SKIP","floor":29.0},{"not_picked":[],"picked":"Bullet Time","floor":30.0},{"not_picked":[],"picked":"Noxious Fumes","floor":31.0},{"not_picked":[],"picked":"Envenom","floor":33.0},{"not_picked":[],"picked":"PiercingWail+1","floor":35.0},{"not_picked":[],"picked":"Backstab","floor":36.0},{"not_picked":["PiercingWail"],"picked":"SKIP","floor":39.0},{"not_picked":["Bane"],"picked":"SKIP","floor":44.0},{"not_picked":["Dagger Throw"],"picked":"SKIP","floor":45.0},{"not_picked":["Dagger Throw+1"],"picked":"SKIP","floor":47.0},{"not_picked":["Bouncing Flask"],"picked":"SKIP","floor":54}],"player_experience":529189,"relics_obtained":[{"floor":8.0,"key":"Shuriken"},{"floor":9.0,"key":"Mercury Hourglass"},{"floor":12.0,"key":"Bottled Lightning"},{"floor":21.0,"key":"Dead Branch"},{"floor":21.0,"key":"Letter Opener"},{"floor":23.0,"key":"Bag of Preparation"},{"floor":26.0,"key":"Omamori"},{"floor":31.0,"key":"Pantograph"},{"floor":37.0,"key":"WingedGreaves"},{"floor":54,"key":"Ornamental Fan"},{"floor":54,"key":"Unceasing Top"}],"event_choices":[{"damage_healed":0.0,"max_hp_gain":0.0,"max_hp_loss":0.0,"gold_gain":0.0,"event_name":"Shining Light","player_choice":"Entered Light","floor":3.0,"gold_loss":0.0,"damage_taken":14.0,"cards_upgraded":["Neutralize","Strike_G"]},{"damage_healed":0.0,"max_hp_gain":0.0,"max_hp_loss":0.0,"gold_gain":175.0,"event_name":"Liars Game","player_choice":"AGREE","floor":4.0,"gold_loss":0.0,"damage_taken":0.0,"cards_obtained":["Doubt"]},{"damage_healed":0.0,"max_hp_gain":0.0,"max_hp_loss":0.0,"gold_gain":0.0,"event_name":"Scrap Ooze","player_choice":"Success","floor":5.0,"gold_loss":0.0,"damage_taken":7.0,"relics_obtained":["Strawberry"]},{"cards_removed":["Regret"],"damage_healed":0.0,"max_hp_gain":0.0,"max_hp_loss":0.0,"gold_gain":0.0,"event_name":"The Cleric","player_choice":"Card Removal","floor":7.0,"gold_loss":50.0,"damage_taken":0.0},{"damage_healed":0.0,"max_hp_gain":0.0,"max_hp_loss":0.0,"gold_gain":75.0,"event_name":"World of Goop","player_choice":"Gather Gold","floor":14.0,"gold_loss":0.0,"damage_taken":11.0},{"damage_healed":0.0,"max_hp_gain":0.0,"max_hp_loss":0.0,"gold_gain":0.0,"event_name":"Colosseum","player_choice":"Fight","floor":21.0,"gold_loss":0.0,"damage_taken":0.0},{"damage_healed":0.0,"max_hp_gain":0.0,"max_hp_loss":0.0,"gold_gain":0.0,"event_name":"Colosseum","player_choice":"Fought Nobs","floor":21.0,"gold_loss":0.0,"damage_taken":0.0},{"damage_healed":0.0,"max_hp_gain":0.0,"max_hp_loss":0.0,"gold_gain":0.0,"event_name":"The Mausoleum","player_choice":"Opened","floor":22.0,"gold_loss":0.0,"damage_taken":0.0,"relics_obtained":["War Paint"]},{"damage_healed":25.0,"max_hp_gain":0.0,"max_hp_loss":0.0,"gold_gain":0.0,"event_name":"The Library","player_choice":"Heal","floor":27.0,"gold_loss":0.0,"damage_taken":0.0},{"damage_healed":0.0,"max_hp_gain":0.0,"max_hp_loss":0.0,"gold_gain":0.0,"event_name":"Mysterious Sphere","player_choice":"Fight","floor":37.0,"gold_loss":0.0,"damage_taken":0.0},{"damage_healed":0.0,"max_hp_gain":0.0,"max_hp_loss":0.0,"gold_gain":0.0,"event_name":"Match and Keep!","player_choice":"1 cards matched","floor":38.0,"gold_loss":0.0,"damage_taken":0.0,"cards_obtained":["Discovery"]},{"damage_healed":0.0,"max_hp_gain":0.0,"max_hp_loss":0.0,"gold_gain":0.0,"cards_transformed":["Strike_G"],"event_name":"Transmorgrifier","player_choice":"Transformed","floor":41.0,"gold_loss":0.0,"damage_taken":0.0,"cards_obtained":["Poisoned Stab"]}],"is_beta":false,"boss_relics":[{"not_picked":["WristBlade","Calling Bell"],"picked":"Busted Crown"},{"not_picked":["Runic Dome","Snecko Eye"],"picked":"Black Star"}],"items_purged_floors":[19,48,53],"is_endless":false,"potions_floor_spawned":[10,12,21,23,25,31,37,44,45],"ascension_level":0}