{"gold_per_floor":[116,127,127,10,10,10,10,21,102,122,42,71,71,87,87,166,166,178,40,58,58,70,70,100,100,125,125],"floor_reached":27,"playtime":1461,"items_purged":["Strike_R","Defend_R"],"score":462,"play_id":"aee65862-cf72-4fe5-b4e7-908e88b1c5f4","local_time":"20190225232654","is_ascension_mode":true,"campfire_choices":[{"data":"True Grit","floor":7.0,"key":"SMITH"},{"data":"Flex","floor":15.0,"key":"SMITH"},{"data":"Entrench","floor":23.0,"key":"SMITH"},{"floor":25,"key":"REST"}],"neow_cost":"NONE","seed_source_timestamp":434135194114386,"circlet_count":0,"master_deck":["AscendersBane","Strike_R","Strike_R","Strike_R","Defend_R","Defend_R","Defend_R","Bash","True Grit+1","Burning Pact","Impervious","Shockwave","Second Wind","Shrug It Off+1","Wild Strike","Flex+1","Exhume+1","Entrench+1"],"special_seed":0,"relics":["Burning Blood","Blood Vial","The Courier","Charon\u0027s Ashes","Cursed Key","Omamori","Gremlin Horn","War Paint"],"potions_floor_usage":[],"damage_taken":[{"damage":6.0,"enemies":"Small Slimes","floor":1.0,"turns":5.0},{"damage":4.0,"enemies":"Cultist","floor":2.0,"turns":4.0},{"damage":0.0,"enemies":"2 Louse","floor":8.0,"turns":5.0},{"damage":33.0,"enemies":"Exordium Thugs","floor":10.0,"turns":9.0},{"damage":50.0,"enemies":"Lagavulin","floor":12.0,"turns":13.0},{"damage":0.0,"enemies":"2 Fungi Beasts","floor":14.0,"turns":5.0},{"damage":37.0,"enemies":"The Guardian","floor":16.0,"turns":17.0},{"damage":2.0,"enemies":"3 Byrds","floor":18.0,"turns":4.0},{"damage":13.0,"enemies":"Spheric Guardian","floor":20.0,"turns":6.0},{"damage":47.0,"enemies":"Centurion and Healer","floor":22.0,"turns":10.0},{"damage":30.0,"enemies":"Slavers","floor":24.0,"turns":8.0},{"damage":39,"enemies":"Book of Stabbing","floor":27,"turns":5}],"seed_played":"-5653999456441088047","potions_obtained":[{"floor":1.0,"key":"FearPotion"},{"floor":2.0,"key":"LiquidBronze"},{"floor":10.0,"key":"Fruit Juice"},{"floor":20.0,"key":"Fire Potion"},{"floor":22.0,"key":"GamblersBrew"}],"is_trial":false,"path_per_floor":["M","M","?","$","$","?","R","M","T","M","$","E","?","M","R","B",null,"M","$","M","?","M","R","E","R","T","E"],"character_chosen":"IRONCLAD","items_purchased":["Shockwave","Omamori"],"campfire_rested":1,"item_purchase_floors":[4,19],"current_hp_per_floor":[70,74,74,74,74,74,74,75,75,53,53,11,80,80,80,49,72,78,78,73,73,34,34,12,36,36,0],"gold":125,"neow_bonus":"RANDOM_COMMON_RELIC","is_prod":false,"is_daily":false,"chose_seed":false,"campfire_upgraded":3,"win_rate":0,"timestamp":1551108414,"path_taken":["M","M","?","$","?","?","R","M","T","M","$","E","?","?","R","BOSS","M","$","M","?","M","R","E","R","T","E"],"build_version":"2019-01-23","purchased_purges":2,"victory":false,"max_hp_per_floor":[75,75,75,75,75,75,75,75,75,80,80,80,80,80,80,80,80,80,80,80,80,80,80,80,80,80,80],"card_choices":[{"not_picked":["Intimidate","Hemokinesis"],"picked":"Disarm","floor":1.0},{"not_picked":["Corruption","Dual Wield"],"picked":"True Grit","floor":2.0},{"not_picked":["Iron Wave","Flex"],"picked":"Second Wind","floor":8.0},{"not_picked":["Armaments","Sword Boomerang"],"picked":"Shrug It Off","floor":10.0},{"not_picked":["Ghostly Armor","Sword Boomerang"],"picked":"Wild Strike","floor":12.0},{"not_picked":["Sword Boomerang","Clash"],"picked":"Flex","floor":14.0},{"not_picked":["Berserk","Bludgeon"],"picked":"Exhume","floor":16.0},{"not_picked":["True Grit","Warcry","Thunderclap+1"],"picked":"SKIP","floor":18.0},{"not_picked":["Twin Strike","Armaments"],"picked":"Entrench","floor":20.0},{"not_picked":["Second Wind","Twin Strike","Anger"],"picked":"SKIP","floor":22.0},{"not_picked":["True Grit","Searing Blow","Hemokinesis"],"picked":"SKIP","floor":24}],"player_experience":1059792,"relics_obtained":[{"floor":9.0,"key":"The Courier"},{"floor":12.0,"key":"Charon\u0027s Ashes"},{"floor":24,"key":"War Paint"}],"event_choices":[{"damage_healed":0.0,"max_hp_gain":0.0,"max_hp_loss":0.0,"gold_gain":0.0,"event_name":"Match and Keep!","player_choice":"2 cards matched","floor":3.0,"gold_loss":0.0,"damage_taken":0.0,"cards_obtained":["Burning Pact","Impervious"]},{"cards_removed":["Strike_R"],"damage_healed":0.0,"max_hp_gain":0.0,"max_hp_loss":0.0,"gold_gain":0.0,"event_name":"Living Wall","player_choice":"Forget","floor":6.0,"gold_loss":0.0,"damage_taken":0.0},{"cards_removed":["Disarm"],"damage_healed":69.0,"max_hp_gain":0.0,"max_hp_loss":0.0,"gold_gain":0.0,"event_name":"Bonfire Elementals","player_choice":"Offered Uncommon","floor":13.0,"gold_loss":0.0,"damage_taken":0.0},{"damage_healed":0.0,"max_hp_gain":0.0,"max_hp_loss":0.0,"gold_gain":0.0,"event_name":"Addict","player_choice":"Stole Relic","floor":21.0,"gold_loss":0.0,"damage_taken":0.0,"relics_obtained":["Gremlin Horn"],"cards_obtained":["Shame"]}],"is_beta":false,"boss_relics":[{"not_picked":["Ectoplasm","Mark of Pain"],"picked":"Cursed Key"}],"items_purged_floors":[4,11],"is_endless":false,"potions_floor_spawned":[1,2,10,20,22],"killed_by":"Book of Stabbing","ascension_level":20}