{"gold_per_floor":[109,109,140,171,204,204,236,236,236,236,275,317,392,392,392,492,492,506,525,567,193,193,220,290,290,290,334,44,82,82,82,82,82],"floor_reached":33,"playtime":2542,"items_purged":["Strike_B","Defend_B"],"score":307,"play_id":"c6cd9794-dd49-403b-8654-30d2185225a2","local_time":"20190505005717","is_ascension_mode":true,"campfire_choices":[{"data":"Self Repair","floor":6,"key":"SMITH"},{"data":"HandOfGreed","floor":8,"key":"SMITH"},{"data":"Zap","floor":10,"key":"SMITH"},{"data":"Chaos","floor":15,"key":"SMITH"},{"data":"Redo","floor":25,"key":"SMITH"},{"floor":32,"key":"REST"}],"neow_cost":"TEN_PERCENT_HP_LOSS","seed_source_timestamp":4417165424998400,"circlet_count":0,"master_deck":["Strike_B+1","Defend_B","Defend_B","Defend_B","Zap+1","Dualcast","Dramatic Entrance","Self Repair+1","HandOfGreed+1","Cold Snap","Rebound+1","White Noise","Chaos+1","Compile Driver","Echo Form","Consume+1","Steam Power+1","Tempest+1","Stack","Conserve Battery","Beam Cell+1","Aggregate","Ghostly","Ghostly","Ghostly","Ghostly","Ghostly","Machine Learning+1","Redo+1","Steam+1","Conserve Battery","Necronomicurse"],"relics":["Cracked Core","Smiling Mask","Ancient Tea Set","Astrolabe","Oddly Smooth Stone","Frozen Egg 2","Whetstone","Bottled Lightning","Necronomicon"],"potions_floor_usage":[7,7,16,16,33,33],"damage_taken":[{"damage":5,"enemies":"Small Slimes","floor":1,"turns":2},{"damage":1,"enemies":"Jaw Worm","floor":3,"turns":2},{"damage":6,"enemies":"2 Louse","floor":4,"turns":2},{"damage":5,"enemies":"Lots of Slimes","floor":5,"turns":2},{"damage":21,"enemies":"Lagavulin","floor":7,"turns":4},{"damage":0,"enemies":"3 Louse","floor":11,"turns":2},{"damage":8,"enemies":"Red Slaver","floor":12,"turns":2},{"damage":41,"enemies":"Hexaghost","floor":16,"turns":7},{"damage":15,"enemies":"Chosen","floor":18,"turns":4},{"damage":17,"enemies":"Shell Parasite","floor":19,"turns":5},{"damage":34,"enemies":"Snecko","floor":20,"turns":5},{"damage":23,"enemies":"Book of Stabbing","floor":23,"turns":7},{"damage":4,"enemies":"3 Cultists","floor":24,"turns":6},{"damage":3,"enemies":"Snake Plant","floor":27,"turns":3},{"damage":6,"enemies":"Shelled Parasite and Fungi","floor":29,"turns":5},{"damage":21,"enemies":"Collector","floor":33,"turns":2}],"seed_played":"8522241186407902657","potions_obtained":[{"floor":1,"key":"Strength Potion"},{"floor":4,"key":"PowerPotion"},{"floor":5,"key":"FearPotion"},{"floor":12,"key":"Poison Potion"},{"floor":24,"key":"Poison Potion"},{"floor":29,"key":"LiquidBronze"}],"is_trial":false,"path_per_floor":["M","?","M","M","M","R","E","R","T","R","M","M","?","?","R","B",null,"M","M","M","$","?","E","M","R","T","M","$","M","?","?","R","B"],"character_chosen":"DEFECT","items_purchased":["Oddly Smooth Stone","FairyPotion","Aggregate","Bottled Lightning"],"campfire_rested":1,"item_purchase_floors":[21,21,21,28],"current_hp_per_floor":[63,63,62,63,58,58,47,47,47,47,57,59,48,48,48,7,68,53,56,32,32,32,19,15,15,15,12,12,16,12,3,14,0],"gold":82,"neow_bonus":"RANDOM_COLORLESS_2","is_prod":false,"is_daily":false,"chose_seed":false,"campfire_upgraded":5,"win_rate":0,"timestamp":1557032237,"path_taken":["M","?","M","M","M","R","E","R","T","R","M","M","?","?","R","BOSS","M","M","M","$","?","E","M","R","T","M","$","M","?","?","R","BOSS"],"build_version":"2019-01-23","purchased_purges":2,"victory":false,"max_hp_per_floor":[68,68,68,68,68,68,68,68,68,68,68,68,68,68,68,68,68,68,68,68,68,34,34,34,34,34,34,34,34,39,39,39,39],"card_choices":[{"not_picked":["Beam Cell","Streamline"],"picked":"Self Repair","floor":1},{"not_picked":["Conserve Battery","Steam"],"picked":"Ball Lightning","floor":3},{"not_picked":["Stack","Hello World"],"picked":"Cold Snap","floor":4},{"not_picked":["Leap","Hologram"],"picked":"Rebound","floor":5},{"not_picked":["Undo","Compile Driver"],"picked":"White Noise","floor":7},{"not_picked":["Turbo","Gash"],"picked":"Chaos","floor":11},{"not_picked":["Turbo","Buffer"],"picked":"Compile Driver","floor":12},{"not_picked":["Fission","Machine Learning"],"picked":"Echo Form","floor":16},{"not_picked":["Leap","Cold Snap"],"picked":"Stack","floor":18},{"not_picked":["Go for the Eyes","Barrage"],"picked":"Conserve Battery","floor":19},{"not_picked":["Hello World","Capacitor"],"picked":"Beam Cell+1","floor":20},{"not_picked":["Hologram","Reinforced Body"],"picked":"Machine Learning","floor":23},{"not_picked":["Gash","Steam"],"picked":"Redo","floor":24},{"not_picked":["Rebound","Hologram"],"picked":"Steam+1","floor":27},{"not_picked":["Double Energy","Stack"],"picked":"Conserve Battery","floor":29}],"player_experience":92895,"relics_obtained":[{"floor":7,"key":"Smiling Mask"},{"floor":9,"key":"Ancient Tea Set"},{"floor":23,"key":"Frozen Egg 2"},{"floor":26,"key":"Whetstone"},{"floor":31,"key":"Necronomicon"}],"event_choices":[{"damage_healed":0,"gold_gain":0,"cards_transformed":["Purity"],"player_choice":"Change","damage_taken":0,"max_hp_gain":0,"max_hp_loss":0,"event_name":"Living Wall","floor":2,"gold_loss":0,"cards_obtained":["HandOfGreed"]},{"damage_healed":0,"gold_gain":75,"player_choice":"Gather Gold","damage_taken":11,"max_hp_gain":0,"max_hp_loss":0,"event_name":"World of Goop","floor":13,"gold_loss":0},{"damage_healed":0,"gold_gain":0,"player_choice":"Ignored","damage_taken":0,"max_hp_gain":0,"max_hp_loss":0,"event_name":"Liars Game","floor":14,"gold_loss":0},{"damage_healed":0,"gold_gain":0,"player_choice":"Became a Ghost","damage_taken":0,"max_hp_gain":0,"max_hp_loss":34,"event_name":"Ghosts","floor":22,"gold_loss":0,"cards_obtained":["Ghostly","Ghostly","Ghostly","Ghostly","Ghostly"]},{"damage_healed":0,"gold_gain":0,"player_choice":"Shed Blood","damage_taken":9,"max_hp_gain":5,"max_hp_loss":0,"event_name":"Forgotten Altar","floor":30,"gold_loss":0},{"damage_healed":0,"gold_gain":0,"player_choice":"Obtained Book","damage_taken":16,"max_hp_gain":0,"max_hp_loss":0,"event_name":"Cursed Tome","floor":31,"gold_loss":0}],"is_beta":false,"boss_relics":[{"not_picked":["Busted Crown","Nuclear Battery"],"picked":"Astrolabe"}],"items_purged_floors":[21,28],"is_endless":false,"potions_floor_spawned":[1,4,5,12,24,29],"killed_by":"Collector","ascension_level":1}