{"gold_per_floor":[111,41,41,54,73,100,100,112,112,140,156,189,189,206,206,306,306,321,321,420,440,440,467,467,467],"floor_reached":25,"playtime":1475,"items_purged":[],"score":302,"play_id":"89b4320c-fc40-4d49-bcef-5a3028fd108f","local_time":"20190118102130","is_ascension_mode":true,"campfire_choices":[{"data":"Chaos","floor":7,"key":"SMITH"},{"data":"Creative AI","floor":13,"key":"SMITH"},{"data":"Zap","floor":15,"key":"SMITH"},{"data":"Consume","floor":24,"key":"SMITH"}],"neow_cost":"NONE","seed_source_timestamp":1539784678886,"circlet_count":0,"master_deck":["Strike_B","Strike_B","Strike_B","Defend_B","Defend_B","Defend_B","Defend_B","Zap+1","Dualcast","Consume+1","Self Repair","Go for the Eyes","Cold Snap","Skim","Chaos+1","Creative AI+1","Echo Form","Ghostly","Ghostly","Ghostly","Ghostly","Ghostly"],"relics":["Cracked Core","NeowsBlessing","Du-Vu Doll","Bird Faced Urn","WingedGreaves","Vajra","Inserter","Gremlin Horn"],"potions_floor_usage":[10,12,16,16,16,18,21],"damage_taken":[{"damage":0,"enemies":"Cultist","floor":1,"turns":1},{"damage":0,"enemies":"Jaw Worm","floor":4,"turns":1},{"damage":0,"enemies":"2 Louse","floor":5,"turns":1},{"damage":3,"enemies":"Lagavulin","floor":6,"turns":9},{"damage":12,"enemies":"2 Fungi Beasts","floor":8,"turns":3},{"damage":29,"enemies":"Gremlin Nob","floor":10,"turns":5},{"damage":35,"enemies":"Exordium Thugs","floor":11,"turns":5},{"damage":24,"enemies":"3 Sentries","floor":12,"turns":5},{"damage":9,"enemies":"Looter","floor":14,"turns":4},{"damage":31,"enemies":"The Guardian","floor":16,"turns":9},{"damage":43,"enemies":"2 Thieves","floor":18,"turns":5},{"damage":21,"enemies":"Shell Parasite","floor":21,"turns":8},{"damage":44,"enemies":"Slavers","floor":23,"turns":7},{"damage":37,"enemies":"Book of Stabbing","floor":25,"turns":7}],"seed_played":"-5418661794379790891","potions_obtained":[{"floor":1,"key":"PowerPotion"},{"floor":5,"key":"Poison Potion"},{"floor":8,"key":"Energy Potion"},{"floor":12,"key":"EntropicBrew"},{"floor":23,"key":"Dexterity Potion"}],"is_trial":false,"path_per_floor":["M","$","?","M","M","E","R","M","T","E","M","E","R","M","R","B",null,"M","?","?","M","?","E","R","E"],"character_chosen":"DEFECT","items_purchased":["Self Repair"],"campfire_rested":0,"item_purchase_floors":[2],"current_hp_per_floor":[75,75,75,75,75,75,75,70,70,50,30,25,25,25,25,31,75,41,27,27,35,35,27,27,0],"gold":467,"neow_bonus":"THREE_ENEMY_KILL","is_prod":false,"is_daily":false,"chose_seed":false,"campfire_upgraded":4,"win_rate":0,"timestamp":1547828490,"path_taken":["M","?","?","?","?","E","R","M","T","E","M","E","R","M","R","BOSS","M","?","?","M","?","E","R","E"],"build_version":"2019-01-16","purchased_purges":0,"victory":false,"max_hp_per_floor":[75,75,75,75,75,75,75,75,75,75,75,75,75,75,75,75,75,75,80,80,80,40,40,40,40],"card_choices":[{"not_picked":["Storm","Genetic Algorithm"],"picked":"Consume","floor":1},{"not_picked":["Turbo","Streamline"],"picked":"Cold Snap","floor":4},{"not_picked":["Streamline","Recycle"],"picked":"Skim","floor":5},{"not_picked":["Conserve Battery","Steam"],"picked":"Chaos","floor":6},{"not_picked":["Redo","Gash","Leap"],"picked":"SKIP","floor":8},{"not_picked":["Double Energy","Turbo"],"picked":"Creative AI","floor":10},{"not_picked":["Ball Lightning","Doom and Gloom","Reprogram"],"picked":"SKIP","floor":11},{"not_picked":["Chill","Sweeping Beam","Rebound"],"picked":"SKIP","floor":12},{"not_picked":["Conserve Battery","Stack","Compile Driver"],"picked":"SKIP","floor":14},{"not_picked":["Meteor Strike","Thunder Strike"],"picked":"Echo Form","floor":16},{"not_picked":["Go for the Eyes","Conserve Battery","Turbo"],"picked":"SKIP","floor":18},{"not_picked":["Heatsinks+1","BootSequence","Darkness"],"picked":"SKIP","floor":21},{"not_picked":["Beam Cell","Coolheaded","Fusion"],"picked":"SKIP","floor":23}],"player_experience":247896,"relics_obtained":[{"floor":6,"key":"Du-Vu Doll"},{"floor":9,"key":"Bird Faced Urn"},{"floor":10,"key":"WingedGreaves"},{"floor":12,"key":"Vajra"},{"floor":23,"key":"Gremlin Horn"}],"event_choices":[{"damage_healed":0,"gold_gain":0,"cards_transformed":["Strike_B"],"player_choice":"Transformed","damage_taken":0,"max_hp_gain":0,"max_hp_loss":0,"event_name":"Transmorgrifier","floor":3,"gold_loss":0,"cards_obtained":["Go for the Eyes"]},{"damage_healed":0,"gold_gain":0,"player_choice":"Shed Blood","damage_taken":19,"max_hp_gain":5,"max_hp_loss":0,"event_name":"Forgotten Altar","floor":19,"gold_loss":0},{"damage_healed":0,"gold_gain":99,"player_choice":"Stole From Cult","damage_taken":0,"max_hp_gain":0,"max_hp_loss":0,"event_name":"Nest","floor":20,"gold_loss":0},{"damage_healed":0,"gold_gain":0,"player_choice":"Became a Ghost","damage_taken":0,"max_hp_gain":0,"max_hp_loss":40,"event_name":"Ghosts","floor":22,"gold_loss":0,"cards_obtained":["Ghostly","Ghostly","Ghostly","Ghostly","Ghostly"]}],"is_beta":true,"boss_relics":[{"not_picked":["Empty Cage","Pandora\u0027s Box"],"picked":"Inserter"}],"items_purged_floors":[],"is_endless":false,"potions_floor_spawned":[1,5,8,12,23],"killed_by":"Book of Stabbing","ascension_level":3}