{"gold_per_floor":[117,131,56,56,67,95,168,195,195,207,224,224,224,238,238,336,336,353,371,383,383,308,336,348,367,367,36,36,36,51,64,64,165,165,185,198,212,212,212,212,247,247,270,270,283,60,73,73,73,73],"floor_reached":51,"playtime":3786,"items_purged":["Strike_R","Strike_R"],"score":859,"play_id":"c28c2fef-06b7-44f6-9f11-0b9ac3b26e3e","local_time":"20181220215906","is_ascension_mode":true,"campfire_choices":[{"floor":12.0,"key":"REST"},{"floor":15.0,"key":"REST"},{"floor":28.0,"key":"REST"},{"data":"Iron Wave","floor":32.0,"key":"SMITH"},{"data":"Demon Form","floor":40.0,"key":"SMITH"},{"data":"Dual Wield","floor":42,"key":"SMITH"},{"data":"Defend_R","floor":49,"key":"SMITH"}],"neow_cost":"NONE","seed_source_timestamp":638172265757745,"circlet_count":0,"master_deck":["Strike_R","Defend_R+1","Defend_R","Defend_R","Defend_R","Bash+1","Dual Wield+1","Iron Wave+1","Headbutt","Flex+1","Spot Weakness+1","Battle Trance+1","Offering+1","Limit Break+1","Pommel Strike+1","Rage+1","Thunderclap+1","Shrug It Off+1","Offering+1","Uppercut+1","Master of Strategy+1","Intimidate+1","Sword Boomerang+1","Demon Form+1","Shrug It Off+1","Reaper+1","Madness+1","Madness+1","Dropkick+1","True Grit+1","Heavy Blade+1","Metamorphosis+1"],"special_seed":0,"relics":["Burning Blood","NeowsBlessing","Bag of Preparation","Toxic Egg 2","Molten Egg 2","Eternal Feather","Pen Nib","Happy Flower","StoneCalendar","Blood Vial","Nloth\u0027s Gift","Busted Crown","Du-Vu Doll","Orichalcum"],"potions_floor_usage":[50,50,50],"damage_taken":[{"damage":0.0,"enemies":"Cultist","floor":1.0,"turns":1.0},{"damage":0.0,"enemies":"Small Slimes","floor":2.0,"turns":1.0},{"damage":0.0,"enemies":"Jaw Worm","floor":5.0,"turns":1.0},{"damage":35.0,"enemies":"Gremlin Nob","floor":6.0,"turns":5.0},{"damage":40.0,"enemies":"3 Sentries","floor":8.0,"turns":10.0},{"damage":5.0,"enemies":"3 Louse","floor":10.0,"turns":2.0},{"damage":4.0,"enemies":"Lots of Slimes","floor":11.0,"turns":3.0},{"damage":19.0,"enemies":"Exordium Wildlife","floor":14.0,"turns":2.0},{"damage":32.0,"enemies":"Slime Boss","floor":16.0,"turns":9.0},{"damage":24.0,"enemies":"3 Byrds","floor":18.0,"turns":3.0},{"damage":23.0,"enemies":"2 Thieves","floor":19.0,"turns":4.0},{"damage":16.0,"enemies":"Snecko","floor":20.0,"turns":5.0},{"damage":12.0,"enemies":"Gremlin Leader","floor":23.0,"turns":5.0},{"damage":12.0,"enemies":"Shelled Parasite and Fungi","floor":24.0,"turns":5.0},{"damage":0.0,"enemies":"Centurion and Healer","floor":25.0,"turns":3.0},{"damage":0.0,"enemies":"Snecko","floor":30.0,"turns":3.0},{"damage":0.0,"enemies":"Cultist and Chosen","floor":31.0,"turns":4.0},{"damage":68.0,"enemies":"Champ","floor":33.0,"turns":10.0},{"damage":25.0,"enemies":"3 Shapes","floor":35.0,"turns":3.0},{"damage":12.0,"enemies":"3 Darklings","floor":36.0,"turns":2.0},{"damage":7.0,"enemies":"Transient","floor":37.0,"turns":5.0},{"damage":13,"enemies":"Reptomancer","floor":41,"turns":2},{"damage":16,"enemies":"Sphere and 2 Shapes","floor":45,"turns":3},{"damage":0,"enemies":"Maw","floor":47,"turns":4},{"damage":74,"enemies":"Donu and Deca","floor":50,"turns":6}],"seed_played":"6099762451087463372","potions_obtained":[{"floor":1.0,"key":"BloodPotion"},{"floor":2.0,"key":"SteroidPotion"},{"floor":5.0,"key":"SkillPotion"},{"floor":11.0,"key":"LiquidBronze"},{"floor":16.0,"key":"SkillPotion"},{"floor":19.0,"key":"Ancient Potion"},{"floor":23.0,"key":"Fire Potion"},{"floor":24.0,"key":"Dexterity Potion"},{"floor":25.0,"key":"SkillPotion"},{"floor":33.0,"key":"FearPotion"}],"is_trial":false,"path_per_floor":["M","M","$","?","M","E","T","E","T","M","M","R","?","M","R","B",null,"M","M","M","?","?","E","M","M","T","$","R","?","M","M","R","B",null,"M","M","M","?","?","R","E","R","T","?","M","$","M","?","R","B",null],"character_chosen":"IRONCLAD","items_purchased":["Master of Strategy+1","Blood Vial","Dropkick+1","True Grit+1"],"campfire_rested":3,"item_purchase_floors":[27,27,46,46],"current_hp_per_floor":[78,80,80,73,79,50,50,16,16,25,27,51,51,38,62,36,69,51,34,24,24,24,18,12,18,18,18,54,54,62,70,80,18,65,48,44,45,45,45,60,55,70,70,60,52,52,79,79,80,49],"gold":73,"neow_bonus":"THREE_ENEMY_KILL","is_prod":false,"is_daily":false,"chose_seed":false,"campfire_upgraded":4,"win_rate":0,"timestamp":1545361146,"path_taken":["M","?","?","?","M","E","?","E","T","M","M","R","?","M","R","BOSS","M","?","M","?","?","E","M","M","T","$","R","?","M","M","R","BOSS","M","?","M","?","?","R","E","R","T","?","M","$","M","?","R","BOSS"],"build_version":"2018-12-20","purchased_purges":2,"victory":true,"max_hp_per_floor":[80,80,80,80,80,80,80,80,80,80,80,80,80,80,80,80,80,80,80,80,80,80,80,80,80,80,80,80,80,80,80,80,80,80,80,80,80,80,80,80,80,80,80,80,80,80,80,80,80,80],"card_choices":[{"not_picked":["Wild Strike","Perfected Strike"],"picked":"Dual Wield","floor":1.0},{"not_picked":["Flex","Warcry"],"picked":"Iron Wave","floor":2.0},{"not_picked":["Heavy Blade","Twin Strike"],"picked":"Thunderclap","floor":5.0},{"not_picked":["Bloodletting","Searing Blow"],"picked":"Headbutt","floor":6.0},{"not_picked":["Wild Strike","Thunderclap"],"picked":"Flex+1","floor":8.0},{"not_picked":["Cleave+1","Pummel+1"],"picked":"Spot Weakness+1","floor":10.0},{"not_picked":["Warcry+1","Iron Wave+1"],"picked":"Battle Trance+1","floor":11.0},{"not_picked":["Heavy Blade+1","Anger+1"],"picked":"Offering+1","floor":14.0},{"not_picked":["Impervious+1","Double Tap+1"],"picked":"Limit Break+1","floor":16.0},{"not_picked":["Iron Wave+1","Body Slam+1"],"picked":"Pommel Strike+1","floor":18.0},{"not_picked":["Feel No Pain+1","Armaments+1"],"picked":"Rage+1","floor":19.0},{"not_picked":["Cleave+1","Warcry+1"],"picked":"Thunderclap+1","floor":20.0},{"not_picked":["Iron Wave+1","Uppercut+1"],"picked":"Shrug It Off+1","floor":23.0},{"not_picked":["Twin Strike+1","Pommel Strike+1"],"picked":"Offering+1","floor":24.0},{"not_picked":["Corruption","Rampage+1"],"picked":"Uppercut+1","floor":25.0},{"not_picked":["Iron Wave+1","Second Wind+1"],"picked":"Intimidate+1","floor":30.0},{"not_picked":["Twin Strike+1","Evolve+1"],"picked":"Sword Boomerang+1","floor":31.0},{"not_picked":["Dark Embrace","Impervious+1"],"picked":"Demon Form","floor":33.0},{"not_picked":["Thunderclap+1"],"picked":"SKIP","floor":35.0},{"not_picked":["Cleave+1"],"picked":"SKIP","floor":36.0},{"not_picked":[],"picked":"Shrug It Off+1","floor":37.0},{"not_picked":[],"picked":"Reaper+1","floor":41},{"not_picked":["Warcry+1"],"picked":"SKIP","floor":45},{"not_picked":[],"picked":"Heavy Blade+1","floor":47},{"not_picked":[],"picked":"Metamorphosis+1","floor":48}],"player_experience":162905,"relics_obtained":[{"floor":6.0,"key":"Bag of Preparation"},{"floor":7.0,"key":"Toxic Egg 2"},{"floor":8.0,"key":"Bronze Scales"},{"floor":9.0,"key":"Molten Egg 2"},{"floor":23.0,"key":"Happy Flower"},{"floor":26.0,"key":"StoneCalendar"},{"floor":41,"key":"Du-Vu Doll"},{"floor":43,"key":"Orichalcum"}],"event_choices":[{"cards_removed":["Strike_R"],"damage_healed":0.0,"max_hp_gain":0.0,"max_hp_loss":0.0,"gold_gain":0.0,"event_name":"Golden Wing","player_choice":"Card Removal","floor":4.0,"gold_loss":0.0,"damage_taken":7.0},{"damage_healed":0.0,"max_hp_gain":0.0,"max_hp_loss":0.0,"gold_gain":0.0,"event_name":"Accursed Blacksmith","player_choice":"Forge","floor":13.0,"gold_loss":0.0,"damage_taken":0.0,"cards_upgraded":["Bash"]},{"damage_healed":0.0,"max_hp_gain":0.0,"max_hp_loss":0.0,"gold_gain":0.0,"event_name":"The Mausoleum","player_choice":"Opened","floor":21.0,"gold_loss":0.0,"damage_taken":0.0,"relics_obtained":["Pen Nib"]},{"cards_removed":["Strike_R"],"damage_healed":0.0,"max_hp_gain":0.0,"max_hp_loss":0.0,"gold_gain":0.0,"event_name":"Beggar","player_choice":"Gave Gold","floor":22.0,"gold_loss":75.0,"damage_taken":0.0},{"damage_healed":0.0,"max_hp_gain":0.0,"max_hp_loss":0.0,"gold_gain":0.0,"event_name":"N\u0027loth","player_choice":"Traded Relic","floor":29.0,"relics_lost":["Bronze Scales"],"gold_loss":0.0,"damage_taken":0.0,"relics_obtained":["Nloth\u0027s Gift"]},{"cards_removed":["Thunderclap"],"damage_healed":0.0,"max_hp_gain":0.0,"max_hp_loss":0.0,"gold_gain":0.0,"event_name":"Falling","player_choice":"Removed Attack","floor":38.0,"gold_loss":0.0,"damage_taken":0.0},{"damage_healed":0.0,"max_hp_gain":0.0,"max_hp_loss":0.0,"gold_gain":0.0,"event_name":"Tomb of Lord Red Mask","player_choice":"Ignored","floor":39.0,"gold_loss":0.0,"damage_taken":0.0},{"damage_healed":0,"gold_gain":0,"player_choice":"Embrace Madness","damage_taken":10,"max_hp_gain":0,"max_hp_loss":0,"event_name":"Winding Halls","floor":44,"gold_loss":0,"cards_obtained":["Madness","Madness"]},{"damage_healed":0,"gold_gain":0,"player_choice":"Memory 1","damage_taken":0,"max_hp_gain":0,"max_hp_loss":0,"event_name":"SensoryStone","floor":48,"gold_loss":0}],"is_beta":false,"boss_relics":[{"not_picked":["Lizard Tail","Ectoplasm"],"picked":"Eternal Feather"},{"not_picked":["Runic Pyramid","Velvet Choker"],"picked":"Busted Crown"}],"items_purged_floors":[3,46],"is_endless":false,"potions_floor_spawned":[1,2,5,11,16,19,23,24,25,33,35,36,41,45],"ascension_level":6}