{"gold_per_floor":[117,117,137,21,21,47,47,72,72,72,89,89,115,130,130,203,203,220,135,135,60,60,60,77,77,103,103,3,3,20,33,33,106,106,118,118,118,118,129,164,175,204,230,264,264,313,313,99,99,99,99,99,99,14,40,40],"floor_reached":57,"playtime":3053,"items_purged":["Strike_R","Intimidate","Entrench+1"],"score":3429,"play_id":"93ebf994-4ef5-43aa-9b94-90aa24172024","local_time":"20190228141648","is_ascension_mode":true,"campfire_choices":[{"data":"Carnage","floor":7.0,"key":"SMITH"},{"data":"Double Tap","floor":10.0,"key":"SMITH"},{"data":"True Grit","floor":15.0,"key":"SMITH"},{"data":"Entrench","floor":23.0,"key":"SMITH"},{"data":"Bloodletting","floor":27.0,"key":"SMITH"},{"data":"Burning Pact","floor":29.0,"key":"SMITH"},{"data":"Pommel Strike","floor":32.0,"key":"SMITH"},{"data":"Shrug It Off","floor":45.0,"key":"SMITH"},{"floor":47.0,"key":"RECALL"},{"data":"Battle Trance","floor":49.0,"key":"SMITH"},{"data":"Second Wind","floor":53.0,"key":"SMITH"}],"neow_cost":"NONE","seed_source_timestamp":657808704875665,"circlet_count":0,"master_deck":["AscendersBane","Bash+1","Bloodletting+1","Double Tap+1","True Grit+1","Fiend Fire","Feel No Pain","Second Wind+1","Battle Trance+1","Burning Pact+1","Shrug It Off+1","Pommel Strike+1"],"special_seed":0,"relics":["Burning Blood","NeowsBlessing","Self Forming Clay","Dream Catcher","Sundial","Omamori","Pandora\u0027s Box","Gremlin Horn","Bag of Preparation","Potion Belt","Empty Cage","Happy Flower","Vajra","Smiling Mask","Calipers","Centennial Puzzle","Anchor"],"potions_floor_usage":[56,56,56,56],"damage_taken":[{"damage":0.0,"enemies":"2 Louse","floor":1.0,"turns":1.0},{"damage":0.0,"enemies":"Small Slimes","floor":3.0,"turns":1.0},{"damage":0.0,"enemies":"3 Sentries","floor":6.0,"turns":2.0},{"damage":17.0,"enemies":"Lagavulin","floor":8.0,"turns":5.0},{"damage":7.0,"enemies":"Jaw Worm","floor":11.0,"turns":2.0},{"damage":31.0,"enemies":"3 Sentries","floor":13.0,"turns":9.0},{"damage":11.0,"enemies":"Exordium Thugs","floor":14.0,"turns":6.0},{"damage":16.0,"enemies":"Hexaghost","floor":16.0,"turns":6.0},{"damage":20.0,"enemies":"2 Thieves","floor":18.0,"turns":4.0},{"damage":7.0,"enemies":"Chosen","floor":24.0,"turns":4.0},{"damage":18.0,"enemies":"Shelled Parasite and Fungi","floor":30.0,"turns":4.0},{"damage":3.0,"enemies":"Sentry and Sphere","floor":31.0,"turns":5.0},{"damage":14.0,"enemies":"Champ","floor":33.0,"turns":4.0},{"damage":6.0,"enemies":"Orb Walker","floor":35.0,"turns":2.0},{"damage":3.0,"enemies":"3 Darklings","floor":39.0,"turns":3.0},{"damage":3.0,"enemies":"Reptomancer","floor":40.0,"turns":1.0},{"damage":6.0,"enemies":"Sphere and 2 Shapes","floor":41.0,"turns":1.0},{"damage":3.0,"enemies":"Nemesis","floor":42.0,"turns":3.0},{"damage":0.0,"enemies":"Reptomancer","floor":44.0,"turns":2.0},{"damage":6.0,"enemies":"2 Orb Walkers","floor":46.0,"turns":1.0},{"damage":6.0,"enemies":"Awakened One","floor":50.0,"turns":2.0},{"damage":6.0,"enemies":"Time Eater","floor":51.0,"turns":11.0},{"damage":3.0,"enemies":"Shield and Spear","floor":55.0,"turns":1.0},{"damage":3,"enemies":"The Heart","floor":56,"turns":4}],"seed_played":"5516435229955866936","potions_obtained":[{"floor":1.0,"key":"Fire Potion"},{"floor":6.0,"key":"Fire Potion"},{"floor":8.0,"key":"FearPotion"},{"floor":13.0,"key":"SkillPotion"},{"floor":14.0,"key":"Explosive Potion"},{"floor":30.0,"key":"Explosive Potion"},{"floor":31.0,"key":"Swift Potion"},{"floor":40.0,"key":"Block Potion"},{"floor":42.0,"key":"SteroidPotion"},{"floor":44.0,"key":"Swift Potion"}],"is_trial":false,"path_per_floor":["M","?","M","$","?","E","R","E","T","R","M","?","E","M","R","B",null,"M","?","?","?","$","R","M","?","T","R","$","R","M","M","R","B",null,"M","?","$","?","M","E","M","E","T","E","R","?","R","$","R","B","B",null,"R","$","E","B",null],"character_chosen":"IRONCLAD","items_purchased":["Evolve","Centennial Puzzle","LiquidBronze"],"campfire_rested":0,"item_purchase_floors":[4,48,54],"current_hp_per_floor":[74,51,57,57,62,68,68,57,57,57,56,49,24,19,19,9,62,48,48,48,48,48,48,47,47,47,47,47,47,35,38,38,30,68,68,68,68,68,71,74,74,77,77,80,80,80,80,80,80,80,80,80,80,80,80,80],"gold":40,"neow_bonus":"THREE_ENEMY_KILL","is_prod":false,"is_daily":false,"chose_seed":false,"campfire_upgraded":10,"win_rate":0,"timestamp":1551334608,"path_taken":["M","?","M","$","?","E","R","E","T","R","M","?","E","M","R","BOSS","M","?","?","?","$","R","M","?","T","R","$","R","M","?","R","BOSS","M","?","$","?","M","E","M","E","T","E","R","?","R","$","R","BOSS","BOSS","R","$","E","BOSS"],"build_version":"2019-01-23","purchased_purges":3,"victory":true,"max_hp_per_floor":[75,75,75,75,80,80,80,80,80,80,80,80,80,80,80,80,80,80,80,80,80,80,80,80,80,80,80,80,80,80,80,80,80,80,80,80,80,80,80,80,80,80,80,80,80,80,80,80,80,80,80,80,80,80,80,80],"card_choices":[{"not_picked":["Anger","Clothesline"],"picked":"Carnage","floor":1.0},{"not_picked":["Blood for Blood","Rampage"],"picked":"Bloodletting","floor":3.0},{"not_picked":["Heavy Blade","Rupture","Sever Soul"],"picked":"SKIP","floor":6.0},{"not_picked":["Clash","Uppercut"],"picked":"Double Tap","floor":8.0},{"not_picked":["Flame Barrier","Seeing Red"],"picked":"True Grit","floor":11.0},{"not_picked":["Body Slam","Metallicize","True Grit"],"picked":"SKIP","floor":13.0},{"not_picked":["Clash","Heavy Blade","Thunderclap"],"picked":"SKIP","floor":14.0},{"not_picked":["Feed","Reaper"],"picked":"Fiend Fire","floor":16.0},{"not_picked":["Intimidate","Iron Wave+1","Thunderclap"],"picked":"SKIP","floor":18.0},{"not_picked":["Infernal Blade","Perfected Strike"],"picked":"Burning Pact","floor":24.0},{"not_picked":["Fire Breathing+1","Cleave+1"],"picked":"Shrug It Off","floor":30.0},{"not_picked":["Exhume","Havoc"],"picked":"Pommel Strike","floor":31.0},{"not_picked":["Blood for Blood","Sentinel+1","Shrug It Off"],"picked":"SKIP","floor":35.0},{"not_picked":["Rage","Armaments","Clothesline"],"picked":"SKIP","floor":39.0},{"not_picked":["Reaper","Pommel Strike","Rupture"],"picked":"SKIP","floor":40.0},{"not_picked":["Thunderclap","Perfected Strike","Disarm+1"],"picked":"SKIP","floor":41.0},{"not_picked":["Juggernaut","Sword Boomerang+1","Hemokinesis"],"picked":"SKIP","floor":42.0},{"not_picked":["True Grit","Cleave","Juggernaut"],"picked":"SKIP","floor":44.0},{"not_picked":["Shrug It Off","Fire Breathing+1","Inflame"],"picked":"SKIP","floor":55.0}],"player_experience":1096468,"relics_obtained":[{"floor":6.0,"key":"Self Forming Clay"},{"floor":8.0,"key":"Dream Catcher"},{"floor":9.0,"key":"Sundial"},{"floor":13.0,"key":"Omamori"},{"floor":26.0,"key":"Potion Belt"},{"floor":40.0,"key":"Happy Flower"},{"floor":42.0,"key":"Vajra"},{"floor":44.0,"key":"Smiling Mask"},{"floor":46.0,"key":"Calipers"},{"floor":55.0,"key":"Anchor"}],"event_choices":[{"damage_healed":0.0,"max_hp_gain":0.0,"max_hp_loss":0.0,"gold_gain":0.0,"event_name":"Shining Light","player_choice":"Entered Light","floor":2.0,"gold_loss":0.0,"damage_taken":23.0,"cards_upgraded":["Defend_R","Bash"]},{"damage_healed":0.0,"max_hp_gain":5.0,"max_hp_loss":0.0,"gold_gain":0.0,"event_name":"Big Fish","player_choice":"Donut","floor":5.0,"gold_loss":0.0,"damage_taken":0.0},{"cards_removed":["Strike_R"],"damage_healed":0.0,"max_hp_gain":0.0,"max_hp_loss":0.0,"gold_gain":0.0,"event_name":"Golden Wing","player_choice":"Card Removal","floor":12.0,"gold_loss":0.0,"damage_taken":7.0},{"damage_healed":0.0,"max_hp_gain":0.0,"max_hp_loss":0.0,"gold_gain":0.0,"event_name":"Addict","player_choice":"Obtained Relic","floor":19.0,"gold_loss":85.0,"damage_taken":0.0,"relics_obtained":["Gremlin Horn"]},{"damage_healed":0.0,"max_hp_gain":0.0,"max_hp_loss":0.0,"gold_gain":0.0,"cards_transformed":["Anger","Armaments"],"event_name":"Drug Dealer","player_choice":"Became Test Subject","floor":20.0,"gold_loss":0.0,"damage_taken":0.0,"cards_obtained":["Double Tap","Battle Trance"]},{"cards_removed":["Double Tap"],"damage_healed":0.0,"max_hp_gain":0.0,"max_hp_loss":0.0,"gold_gain":0.0,"event_name":"Beggar","player_choice":"Gave Gold","floor":21.0,"gold_loss":75.0,"damage_taken":0.0},{"damage_healed":0.0,"max_hp_gain":0.0,"max_hp_loss":0.0,"gold_gain":0.0,"event_name":"The Mausoleum","player_choice":"Opened","floor":25.0,"gold_loss":0.0,"damage_taken":0.0,"relics_obtained":["Bag of Preparation"],"cards_obtained":["Writhe"]},{"damage_healed":0.0,"max_hp_gain":0.0,"max_hp_loss":0.0,"gold_gain":0.0,"event_name":"Tomb of Lord Red Mask","player_choice":"Ignored","floor":36.0,"gold_loss":0.0,"damage_taken":0.0},{"cards_removed":["Evolve"],"damage_healed":0.0,"max_hp_gain":0.0,"max_hp_loss":0.0,"gold_gain":0.0,"event_name":"Falling","player_choice":"Removed Power","floor":38.0,"gold_loss":0.0,"damage_taken":0.0},{"damage_healed":0.0,"max_hp_gain":0.0,"max_hp_loss":0.0,"gold_gain":0.0,"event_name":"Mysterious Sphere","player_choice":"Fight","floor":46.0,"gold_loss":0.0,"damage_taken":0.0}],"is_beta":false,"boss_relics":[{"not_picked":["Snecko Eye","Runic Cube"],"picked":"Pandora\u0027s Box"},{"not_picked":["Black Blood","Astrolabe"],"picked":"Empty Cage"}],"items_purged_floors":[4,28,48],"is_endless":false,"potions_floor_spawned":[1,6,8,13,14,30,31,40,42,44],"ascension_level":20}