{"gold_per_floor":[113,128,53,33,48,48,64,94,170,202,202,202,212,227,227,298,298,309,43,43],"floor_reached":20,"playtime":731,"items_purged":["Strike_R","Strike_R"],"score":368,"play_id":"dd55f483-03db-4ba8-89cd-be92062e289f","local_time":"20190215191522","is_ascension_mode":true,"campfire_choices":[{"data":"Whirlwind","floor":6.0,"key":"SMITH"},{"data":"Rampage","floor":12.0,"key":"SMITH"},{"data":"Shrug It Off","floor":15.0,"key":"SMITH"}],"neow_cost":"PERCENT_DAMAGE","seed_source_timestamp":2691800872615126,"circlet_count":0,"master_deck":["AscendersBane","Strike_R","Defend_R","Defend_R","Defend_R","Defend_R","Bash","Shrug It Off+1","Intimidate","Sword Boomerang","Rampage+1","Whirlwind+1","Limit Break","Flex"],"special_seed":0,"relics":["Burning Blood","Thread and Needle","Ornamental Fan","Art of War","Dodecahedron","Runic Pyramid","Happy Flower"],"potions_floor_usage":[],"damage_taken":[{"damage":4.0,"enemies":"Jaw Worm","floor":1.0,"turns":5.0},{"damage":0.0,"enemies":"Cultist","floor":2.0,"turns":3.0},{"damage":0.0,"enemies":"Small Slimes","floor":5.0,"turns":4.0},{"damage":9.0,"enemies":"Blue Slaver","floor":7.0,"turns":4.0},{"damage":27.0,"enemies":"Gremlin Nob","floor":8.0,"turns":4.0},{"damage":6.0,"enemies":"3 Sentries","floor":10.0,"turns":5.0},{"damage":3.0,"enemies":"Exordium Wildlife","floor":13.0,"turns":6.0},{"damage":0.0,"enemies":"Looter","floor":14.0,"turns":4.0},{"damage":44.0,"enemies":"The Guardian","floor":16.0,"turns":10.0},{"damage":0.0,"enemies":"3 Byrds","floor":18.0,"turns":4.0},{"damage":13,"enemies":"Colosseum Slavers","floor":20,"turns":4}],"seed_played":"-7386567478284070473","potions_obtained":[{"floor":1.0,"key":"SkillPotion"},{"floor":4.0,"key":"LiquidBronze"},{"floor":7.0,"key":"GamblersBrew"},{"floor":8.0,"key":"AttackPotion"},{"floor":10.0,"key":"SkillPotion"},{"floor":14.0,"key":"Strength Potion"}],"is_trial":false,"path_per_floor":["M","M","$","?","M","R","M","E","T","E","?","R","M","M","R","B",null,"M","$","?"],"character_chosen":"IRONCLAD","items_purchased":["Happy Flower"],"campfire_rested":0,"item_purchase_floors":[19],"current_hp_per_floor":[52,58,58,58,64,64,61,40,40,40,40,40,43,49,49,11,59,65,65,52],"gold":43,"neow_bonus":"TRANSFORM_TWO_CARDS","is_prod":false,"is_daily":false,"chose_seed":false,"campfire_upgraded":3,"win_rate":0,"timestamp":1550229322,"path_taken":["M","M","$","?","?","R","M","E","T","E","?","R","?","M","R","BOSS","M","$","?"],"build_version":"2019-01-23","purchased_purges":2,"victory":false,"max_hp_per_floor":[75,75,75,75,75,75,75,75,75,75,75,75,75,75,75,75,75,75,75,75],"card_choices":[{"not_picked":["Bloodletting","Intimidate"],"picked":"Sword Boomerang","floor":1.0},{"not_picked":["Flex","Cleave"],"picked":"Rampage","floor":2.0},{"not_picked":["Wild Strike","Sword Boomerang"],"picked":"Whirlwind","floor":5.0},{"not_picked":["Cleave","Sword Boomerang","Twin Strike"],"picked":"SKIP","floor":7.0},{"not_picked":["Metallicize","Sentinel","Headbutt"],"picked":"SKIP","floor":8.0},{"not_picked":["Sword Boomerang","Thunderclap","Bloodletting"],"picked":"SKIP","floor":10.0},{"not_picked":["Wild Strike","Headbutt","Anger"],"picked":"SKIP","floor":13.0},{"not_picked":["Inflame","Armaments","Ghostly Armor"],"picked":"SKIP","floor":14.0},{"not_picked":["Double Tap","Dark Embrace"],"picked":"Limit Break","floor":16.0},{"not_picked":["Metallicize+1","Iron Wave"],"picked":"Flex","floor":18.0}],"player_experience":903907,"relics_obtained":[{"floor":8.0,"key":"Thread and Needle"},{"floor":9.0,"key":"Ornamental Fan"},{"floor":10.0,"key":"Art of War"},{"floor":11.0,"key":"Dodecahedron"}],"event_choices":[{"damage_healed":0.0,"max_hp_gain":0.0,"max_hp_loss":0.0,"gold_gain":0.0,"event_name":"The Woman in Blue","player_choice":"Bought 1 Potion","floor":4.0,"gold_loss":0.0,"damage_taken":0.0},{"damage_healed":0.0,"max_hp_gain":0.0,"max_hp_loss":0.0,"gold_gain":0.0,"event_name":"Wheel of Change","player_choice":"Relic","floor":11.0,"gold_loss":0.0,"damage_taken":0.0},{"damage_healed":0,"gold_gain":0,"player_choice":"Fight","damage_taken":0,"max_hp_gain":0,"max_hp_loss":0,"event_name":"Colosseum","floor":20,"gold_loss":0}],"is_beta":false,"boss_relics":[{"not_picked":["Mark of Pain","Lizard Tail"],"picked":"Runic Pyramid"}],"items_purged_floors":[3,19],"is_endless":false,"potions_floor_spawned":[1,7,8,10,14],"killed_by":"Colosseum Slavers","ascension_level":20}