{"gold_per_floor":[117,42,42,42,54,54,70,70],"floor_reached":8,"playtime":361,"items_purged":["Heavy Blade"],"score":92,"play_id":"383e7025-45c9-49b1-bcff-6cd4281b0612","local_time":"20190326084127","is_ascension_mode":true,"campfire_choices":[],"neow_cost":"NONE","seed_source_timestamp":0,"circlet_count":0,"master_deck":["AscendersBane","Bash","Sentinel","Shrug It Off+1","Power Through","Intimidate","Searing Blow","Shockwave+1","Burning Pact","Power Through","True Grit+1","Dropkick"],"special_seed":0,"relics":["Pandora\u0027s Box"],"potions_floor_usage":[],"damage_taken":[{"damage":2.0,"enemies":"2 Louse","floor":1.0,"turns":3.0},{"damage":0.0,"enemies":"Small Slimes","floor":5.0,"turns":7.0},{"damage":0.0,"enemies":"Cultist","floor":7.0,"turns":4.0},{"damage":0,"enemies":"Lagavulin","floor":8,"turns":7}],"seed_played":"-9215820392131323027","potions_obtained":[{"floor":7.0,"key":"SpeedPotion"}],"is_trial":false,"path_per_floor":["M","$","?","?","M","?","M","E"],"character_chosen":"IRONCLAD","items_purchased":[],"campfire_rested":0,"item_purchase_floors":[],"current_hp_per_floor":[66,66,43,43,43,68,68,68],"gold":70,"neow_bonus":"BOSS_RELIC","is_prod":false,"is_daily":false,"chose_seed":false,"campfire_upgraded":0,"win_rate":0,"timestamp":1553560887,"path_taken":["M","$","?","?","?","?","M","E"],"build_version":"2019-01-23","purchased_purges":1,"victory":false,"max_hp_per_floor":[75,75,75,75,75,75,75,75],"card_choices":[{"not_picked":["Hemokinesis","Wild Strike"],"picked":"True Grit","floor":1.0},{"not_picked":["Anger","Heavy Blade"],"picked":"Dropkick","floor":5.0},{"not_picked":["Heavy Blade","Inflame","Armaments"],"picked":"SKIP","floor":7.0}],"player_experience":1384796,"relics_obtained":[],"event_choices":[{"damage_healed":0.0,"max_hp_gain":0.0,"max_hp_loss":0.0,"gold_gain":0.0,"event_name":"Shining Light","player_choice":"Entered Light","floor":3.0,"gold_loss":0.0,"damage_taken":23.0,"cards_upgraded":["Shockwave","Shrug It Off"]},{"damage_healed":0.0,"max_hp_gain":0.0,"max_hp_loss":0.0,"gold_gain":0.0,"event_name":"Accursed Blacksmith","player_choice":"Forge","floor":4.0,"gold_loss":0.0,"damage_taken":0.0,"cards_upgraded":["True Grit"]},{"damage_healed":25.0,"max_hp_gain":0.0,"max_hp_loss":0.0,"gold_gain":0.0,"event_name":"Big Fish","player_choice":"Banana","floor":6.0,"gold_loss":0.0,"damage_taken":0.0}],"is_beta":false,"boss_relics":[],"items_purged_floors":[2],"is_endless":false,"potions_floor_spawned":[7],"killed_by":"Lagavulin","ascension_level":20}