{"gold_per_floor":[115,115,125,50,50,50,83,100,100,100,128,128,128,148,148,221,221,241,241,272,286,15,15,32,32,32,45,63,63,63,94,94,165,165,175,275,275,292,306,337,355,383,436,469,469,469,479,348,348,348,348,348,348,75,100,100],"floor_reached":57,"playtime":2735,"items_purged":["Strike_R","Strike_R","Strike_R","Dropkick"],"score":3211,"play_id":"95b0d929-0d3c-4556-88d9-3ec2034aab33","local_time":"20190513131528","is_ascension_mode":true,"campfire_choices":[{"data":"True Grit","floor":6.0,"key":"SMITH"},{"data":"Immolate","floor":10.0,"key":"SMITH"},{"data":"Bash","floor":12.0,"key":"SMITH"},{"data":"Shockwave","floor":15.0,"key":"SMITH"},{"data":"Body Slam","floor":23.0,"key":"SMITH"},{"data":"Entrench","floor":25.0,"key":"SMITH"},{"data":"Exhume","floor":32.0,"key":"SMITH"},{"data":"Burning Pact","floor":45.0,"key":"SMITH"},{"floor":49.0,"key":"RECALL"},{"data":"Bash+1","floor":53.0,"key":"PURGE"}],"neow_cost":"NONE","seed_source_timestamp":1566200813115617,"circlet_count":0,"master_deck":["AscendersBane","Defend_R","Defend_R","Defend_R+1","True Grit+1","Dropkick","Shockwave+1","Offering","Entrench+1","Power Through","Body Slam+1","Shrug It Off","Exhume+1","Second Wind+1","Ghostly","Ghostly","Ghostly","Feed","Dark Embrace","Clash","Burning Pact+1"],"special_seed":0,"relics":["Burning Blood","NeowsBlessing","Nunchaku","Strawberry","Singing Bowl","Happy Flower","Mark of Pain","Red Mask","Centennial Puzzle","Mango","Meat on the Bone","Busted Crown","Pocketwatch","Peace Pipe","Smiling Mask","Mummified Hand","Bag of Preparation","Thread and Needle"],"potions_floor_usage":[56,56],"damage_taken":[{"damage":0.0,"enemies":"2 Louse","floor":1.0,"turns":1.0},{"damage":0.0,"enemies":"Cultist","floor":3.0,"turns":1.0},{"damage":0.0,"enemies":"3 Sentries","floor":7.0,"turns":2.0},{"damage":7.0,"enemies":"Jaw Worm","floor":8.0,"turns":4.0},{"damage":15.0,"enemies":"Lagavulin","floor":11.0,"turns":5.0},{"damage":0.0,"enemies":"Blue Slaver","floor":14.0,"turns":3.0},{"damage":7.0,"enemies":"Slime Boss","floor":16.0,"turns":7.0},{"damage":14.0,"enemies":"2 Thieves","floor":18.0,"turns":4.0},{"damage":8.0,"enemies":"Masked Bandits","floor":20.0,"turns":2.0},{"damage":19.0,"enemies":"3 Byrds","floor":21.0,"turns":7.0},{"damage":6.0,"enemies":"3 Cultists","floor":24.0,"turns":3.0},{"damage":6.0,"enemies":"Shelled Parasite and Fungi","floor":27.0,"turns":1.0},{"damage":1.0,"enemies":"Centurion and Healer","floor":28.0,"turns":3.0},{"damage":14.0,"enemies":"Slavers","floor":31.0,"turns":4.0},{"damage":21.0,"enemies":"Collector","floor":33.0,"turns":12.0},{"damage":4.0,"enemies":"3 Darklings","floor":35.0,"turns":4.0},{"damage":6.0,"enemies":"Mind Bloom Boss Battle","floor":36.0,"turns":8.0},{"damage":1.0,"enemies":"3 Shapes","floor":38.0,"turns":2.0},{"damage":2.0,"enemies":"Sphere and 2 Shapes","floor":39.0,"turns":3.0},{"damage":2.0,"enemies":"Reptomancer","floor":40.0,"turns":4.0},{"damage":4.0,"enemies":"Maw","floor":41.0,"turns":9.0},{"damage":2.0,"enemies":"Nemesis","floor":42.0,"turns":7.0},{"damage":1.0,"enemies":"Reptomancer","floor":44.0,"turns":5.0},{"damage":2.0,"enemies":"3 Darklings","floor":47.0,"turns":4.0},{"damage":2.0,"enemies":"Time Eater","floor":50.0,"turns":3.0},{"damage":2.0,"enemies":"Donu and Deca","floor":51.0,"turns":9.0},{"damage":2,"enemies":"Shield and Spear","floor":55,"turns":8},{"damage":36,"enemies":"The Heart","floor":56,"turns":11}],"seed_played":"1700175883913747282","potions_obtained":[{"floor":2.0,"key":"LiquidBronze"},{"floor":2.0,"key":"Energy Potion"},{"floor":7.0,"key":"SkillPotion"},{"floor":16.0,"key":"SneckoOil"},{"floor":18.0,"key":"SneckoOil"},{"floor":21.0,"key":"Regen Potion"},{"floor":27.0,"key":"SmokeBomb"},{"floor":28.0,"key":"GamblersBrew"},{"floor":33.0,"key":"Poison Potion"},{"floor":35.0,"key":"SteroidPotion"},{"floor":40.0,"key":"Fire Potion"},{"floor":47.0,"key":"Block Potion"}],"is_trial":false,"path_per_floor":["M","?","M","$","?","R","E","M","T","R","E","R","?","M","R","B",null,"M","?","?","M","$","R","M","R","T","M","M","?","?","E","R","B",null,"M","?","?","M","M","E","M","E","T","E","R","?","M","$","R","B","B",null,"R","$","E","B",null],"character_chosen":"IRONCLAD","items_purchased":["Centennial Puzzle","Ancient Potion","Bag of Preparation","Swift Potion"],"campfire_rested":0,"item_purchase_floors":[22,48,54,54],"current_hp_per_floor":[74,74,75,75,40,40,53,52,52,52,45,45,45,51,51,50,76,68,68,66,53,53,53,53,53,67,67,72,49,49,46,46,43,51,58,63,74,79,82,82,87,92,92,97,97,97,102,102,102,105,108,108,108,108,110,80],"gold":100,"neow_bonus":"THREE_ENEMY_KILL","is_prod":false,"is_daily":false,"chose_seed":false,"campfire_upgraded":8,"win_rate":0,"timestamp":1557724528,"path_taken":["M","?","M","?","?","R","E","M","T","R","E","R","?","?","R","BOSS","M","?","?","M","$","R","M","R","T","M","?","?","?","E","R","BOSS","M","?","?","?","M","E","M","E","T","E","R","?","M","$","R","BOSS","BOSS","R","$","E","BOSS"],"build_version":"2019-01-23","purchased_purges":4,"victory":true,"max_hp_per_floor":[75,75,75,75,75,75,82,82,82,82,84,84,84,84,84,84,84,84,84,84,84,84,84,84,84,98,98,98,49,49,54,54,54,54,59,64,74,79,82,82,87,92,92,97,97,97,102,102,102,105,108,108,108,108,110,110],"card_choices":[{"not_picked":["Warcry","Corruption"],"picked":"True Grit","floor":1.0},{"not_picked":["Havoc","Twin Strike"],"picked":"Dropkick","floor":3.0},{"not_picked":["Rupture","Seeing Red"],"picked":"Immolate","floor":7.0},{"not_picked":["Intimidate","Clothesline","Sword Boomerang"],"picked":"SKIP","floor":8.0},{"not_picked":["Armaments","Cleave","Twin Strike"],"picked":"Singing Bowl","floor":11.0},{"not_picked":["Headbutt","True Grit"],"picked":"Shockwave","floor":14.0},{"not_picked":["Immolate","Fiend Fire"],"picked":"Offering","floor":16.0},{"not_picked":["Clothesline","Flame Barrier"],"picked":"Entrench","floor":18.0},{"not_picked":["Sentinel+1","Pommel Strike"],"picked":"Power Through","floor":20.0},{"not_picked":["Flex","True Grit"],"picked":"Body Slam","floor":21.0},{"not_picked":["Clash","Blood for Blood"],"picked":"Shrug It Off","floor":24.0},{"not_picked":["True Grit","Rage"],"picked":"Exhume","floor":27.0},{"not_picked":["Clothesline","Reckless Charge"],"picked":"Second Wind+1","floor":28.0},{"not_picked":["Carnage","Headbutt","Infernal Blade"],"picked":"Singing Bowl","floor":31.0},{"not_picked":["Impervious","Fiend Fire"],"picked":"Dark Embrace","floor":33.0},{"not_picked":["Cleave"],"picked":"Singing Bowl","floor":35.0},{"not_picked":["Armaments+1"],"picked":"Singing Bowl","floor":36.0},{"not_picked":["Thunderclap"],"picked":"Singing Bowl","floor":38.0},{"not_picked":[],"picked":"Clash","floor":39.0},{"not_picked":[],"picked":"Burning Pact","floor":40.0},{"not_picked":["Heavy Blade"],"picked":"Singing Bowl","floor":41.0},{"not_picked":["Cleave"],"picked":"Singing Bowl","floor":42.0},{"not_picked":["Wild Strike+1"],"picked":"Singing Bowl","floor":44.0},{"not_picked":["Wild Strike"],"picked":"Singing Bowl","floor":47.0},{"not_picked":["Perfected Strike"],"picked":"Singing Bowl","floor":55}],"player_experience":1951747,"relics_obtained":[{"floor":7.0,"key":"Strawberry"},{"floor":9.0,"key":"Singing Bowl"},{"floor":11.0,"key":"Happy Flower"},{"floor":20.0,"key":"Red Mask"},{"floor":26.0,"key":"Mango"},{"floor":31.0,"key":"Meat on the Bone"},{"floor":36.0,"key":"Pocketwatch"},{"floor":40.0,"key":"Peace Pipe"},{"floor":42.0,"key":"Smiling Mask"},{"floor":44.0,"key":"Mummified Hand"},{"floor":55,"key":"Thread and Needle"}],"event_choices":[{"damage_healed":0.0,"max_hp_gain":0.0,"max_hp_loss":0.0,"gold_gain":0.0,"event_name":"Lab","player_choice":"Got Potions","floor":2.0,"gold_loss":0.0,"damage_taken":0.0},{"damage_healed":0.0,"max_hp_gain":0.0,"max_hp_loss":0.0,"gold_gain":0.0,"event_name":"Scrap Ooze","player_choice":"Success","floor":5.0,"gold_loss":0.0,"damage_taken":35.0,"relics_obtained":["Nunchaku"]},{"damage_healed":0.0,"max_hp_gain":0.0,"max_hp_loss":0.0,"gold_gain":0.0,"event_name":"Accursed Blacksmith","player_choice":"Forge","floor":13.0,"gold_loss":0.0,"damage_taken":0.0,"cards_upgraded":["Defend_R"]},{"damage_healed":0.0,"max_hp_gain":0.0,"max_hp_loss":0.0,"gold_gain":0.0,"event_name":"Vampires","player_choice":"Ignored","floor":19.0,"gold_loss":0.0,"damage_taken":0.0},{"damage_healed":0.0,"max_hp_gain":0.0,"max_hp_loss":0.0,"gold_gain":0.0,"event_name":"Masked Bandits","player_choice":"Fought Bandits","floor":20.0,"gold_loss":0.0,"damage_taken":0.0},{"damage_healed":0.0,"max_hp_gain":0.0,"max_hp_loss":49.0,"gold_gain":0.0,"event_name":"Ghosts","player_choice":"Became a Ghost","floor":29.0,"gold_loss":0.0,"damage_taken":0.0,"cards_obtained":["Ghostly","Ghostly","Ghostly"]},{"damage_healed":0.0,"max_hp_gain":0.0,"max_hp_loss":0.0,"gold_gain":0.0,"cards_transformed":["Strike_R","Strike_R"],"event_name":"Drug Dealer","player_choice":"Became Test Subject","floor":30.0,"gold_loss":0.0,"damage_taken":0.0,"cards_obtained":["Dropkick","Feed"]},{"damage_healed":0.0,"max_hp_gain":0.0,"max_hp_loss":0.0,"gold_gain":0.0,"event_name":"MindBloom","player_choice":"Fight","floor":36.0,"gold_loss":0.0,"damage_taken":0.0},{"cards_removed":["Immolate"],"damage_healed":1.0,"max_hp_gain":10.0,"max_hp_loss":0.0,"gold_gain":0.0,"event_name":"Bonfire Elementals","player_choice":"Offered Rare","floor":37.0,"gold_loss":0.0,"damage_taken":0.0},{"cards_removed":["Defend_R"],"damage_healed":0.0,"max_hp_gain":0.0,"max_hp_loss":0.0,"gold_gain":0.0,"event_name":"Falling","player_choice":"Removed Skill","floor":46.0,"gold_loss":0.0,"damage_taken":0.0}],"is_beta":false,"boss_relics":[{"not_picked":["Black Blood","Tiny House"],"picked":"Mark of Pain"},{"not_picked":["Eternal Feather","Snecko Eye"],"picked":"Busted Crown"}],"items_purged_floors":[4,22,48,54],"is_endless":false,"potions_floor_spawned":[7,8,14,16,18,21,27,28,33,35,40,41,47],"ascension_level":20}