{"gold_per_floor":[113,126,201,278,33,33,33,33,56,71,71,71,81,100,100,199,199,215,315,315,328,346,346,380,392,392,402,413,413,413,428,428,531,531,551,568,580,802,47,47,57,57,57,57,57,74,101,101,101,101,101,101,26,58,58],"floor_reached":55,"playtime":3299,"items_purged":["Strike_G"],"score":753,"play_id":"ce9c6753-4c91-4cf6-866d-a1154c9876c1","local_time":"20190515060924","is_ascension_mode":true,"campfire_choices":[{"data":"Caltrops","floor":6,"key":"SMITH"},{"floor":15,"key":"REST"},{"floor":23,"key":"REST"},{"floor":29,"key":"REST"},{"floor":32,"key":"REST"},{"data":"Crippling Poison","floor":40,"key":"SMITH"},{"floor":45,"key":"RECALL"},{"floor":49,"key":"REST"},{"data":"Bouncing Flask","floor":52,"key":"SMITH"}],"neow_cost":"NONE","seed_source_timestamp":232019874761387,"circlet_count":0,"master_deck":["Defend_G","Defend_G","Defend_G+1","Defend_G","Defend_G","Survivor","Neutralize","Caltrops+1","Bouncing Flask+1","Backstab","Dagger Spray","Skewer","Backflip+1","Leg Sweep","Doppelganger","Burst+1","Wraith Form v2+1","Footwork+1","Deflect+1","Cloak And Dagger","Necronomicurse","All Out Attack","Deflect","Noxious Fumes+1","Crippling Poison+1","Footwork+1","Backflip+1","Dash+1","Escape Plan","Well Laid Plans"],"relics":["Ring of the Snake","Mummified Hand","Orichalcum","Vajra","Blood Vial","Astrolabe","Ginger","Gremlin Horn","Necronomicon","Red Mask","Bottled Tornado","Busted Crown","PreservedInsect","Bottled Lightning","HandDrill","War Paint","Lantern"],"potions_floor_usage":[19,22,33,33,33,50,54,55,55],"damage_taken":[{"damage":8,"enemies":"2 Louse","floor":1,"turns":5},{"damage":4,"enemies":"Jaw Worm","floor":2,"turns":6},{"damage":1,"enemies":"Small Slimes","floor":10,"turns":3},{"damage":20,"enemies":"Exordium Wildlife","floor":13,"turns":4},{"damage":1,"enemies":"Red Slaver","floor":14,"turns":3},{"damage":26,"enemies":"Hexaghost","floor":16,"turns":9},{"damage":4,"enemies":"Shell Parasite","floor":18,"turns":11},{"damage":31,"enemies":"Colosseum Slavers","floor":19,"turns":8},{"damage":17,"enemies":"Colosseum Nobs","floor":19,"turns":7},{"damage":2,"enemies":"Chosen","floor":21,"turns":5},{"damage":2,"enemies":"Snecko","floor":22,"turns":6},{"damage":16,"enemies":"Masked Bandits","floor":24,"turns":4},{"damage":8,"enemies":"Cultist and Chosen","floor":25,"turns":9},{"damage":0,"enemies":"Snake Plant","floor":27,"turns":5},{"damage":2,"enemies":"Sentry and Sphere","floor":28,"turns":6},{"damage":0,"enemies":"Snecko","floor":31,"turns":6},{"damage":21,"enemies":"Champ","floor":33,"turns":14},{"damage":0,"enemies":"3 Darklings","floor":35,"turns":5},{"damage":0,"enemies":"Orb Walker","floor":36,"turns":5},{"damage":13,"enemies":"Spire Growth","floor":37,"turns":6},{"damage":4,"enemies":"Sphere and 2 Shapes","floor":41,"turns":5},{"damage":0,"enemies":"Maw","floor":46,"turns":8},{"damage":19,"enemies":"Nemesis","floor":47,"turns":13},{"damage":23,"enemies":"Time Eater","floor":50,"turns":16},{"damage":24,"enemies":"Shield and Spear","floor":54,"turns":6},{"damage":52,"enemies":"The Heart","floor":55,"turns":5}],"seed_played":"-5468593230876928482","potions_obtained":[{"floor":10,"key":"Energy Potion"},{"floor":13,"key":"AttackPotion"},{"floor":16,"key":"SpeedPotion"},{"floor":19,"key":"LiquidBronze"},{"floor":21,"key":"Ancient Potion"},{"floor":24,"key":"EssenceOfSteel"},{"floor":33,"key":"Poison Potion"},{"floor":35,"key":"LiquidBronze"},{"floor":46,"key":"PowerPotion"},{"floor":54,"key":"GamblersBrew"}],"is_trial":false,"path_per_floor":["M","M","?","T","$","R","?","?","T","M","$","?","M","M","R","B",null,"M","?","?","M","M","R","?","M","T","M","M","R","?","M","R","B",null,"M","M","M","?","$","R","M","?","T","?","R","M","E","?","R","B",null,"R","$","E","B"],"character_chosen":"THE_SILENT","items_purchased":["Orichalcum","Backstab","Dagger Spray","PreservedInsect","Bottled Lightning","HandDrill","Escape Plan","Well Laid Plans"],"campfire_rested":5,"item_purchase_floors":[5,5,5,39,39,39,39,53],"current_hp_per_floor":[69,65,54,54,54,54,47,47,47,48,48,48,30,31,54,30,77,73,29,13,13,13,36,22,16,16,18,18,41,41,43,66,47,77,77,77,64,64,64,64,62,62,62,62,62,64,47,47,68,47,73,73,73,49,0],"gold":58,"neow_bonus":"TEN_PERCENT_HP_BONUS","is_prod":false,"is_daily":false,"chose_seed":false,"campfire_upgraded":3,"win_rate":0,"timestamp":1557914964,"path_taken":["M","M","?","?","?","R","?","?","T","M","$","?","M","?","R","BOSS","M","?","?","M","M","R","?","M","T","M","?","R","?","M","R","BOSS","M","?","M","?","$","R","M","?","T","?","R","M","E","?","R","BOSS","R","$","E","BOSS"],"build_version":"2019-01-23","purchased_purges":1,"victory":false,"max_hp_per_floor":[77,77,77,77,77,77,77,77,77,77,77,77,77,77,77,77,77,77,77,77,77,77,77,77,77,77,77,77,77,77,77,77,77,77,77,77,77,77,77,77,77,77,77,73,73,73,73,73,73,73,73,73,73,73,73],"card_choices":[{"not_picked":["Bane","Dagger Throw"],"picked":"Caltrops","floor":1},{"not_picked":["Flying Knee","Prepared"],"picked":"Bouncing Flask","floor":2},{"not_picked":["Flying Knee","Dagger Spray","Expertise"],"picked":"SKIP","floor":10},{"not_picked":["Flying Knee","Underhanded Strike"],"picked":"Backflip","floor":13},{"not_picked":["Calculated Gamble","Heel Hook"],"picked":"Leg Sweep","floor":14},{"not_picked":["Bullet Time","Envenom"],"picked":"Doppelganger","floor":16},{"not_picked":["Poisoned Stab+1","Choke"],"picked":"Deflect+1","floor":18},{"not_picked":["Sucker Punch","Flying Knee+1"],"picked":"Cloak And Dagger","floor":19},{"not_picked":["Accuracy","Expertise","Poisoned Stab"],"picked":"SKIP","floor":21},{"not_picked":["Quick Slash","Dagger Throw"],"picked":"All Out Attack","floor":22},{"not_picked":["Dagger Spray+1","Prepared"],"picked":"Deflect","floor":25},{"not_picked":["Sucker Punch","Footwork"],"picked":"Noxious Fumes+1","floor":27},{"not_picked":["Slice","Dodge and Roll+1"],"picked":"Crippling Poison","floor":28},{"not_picked":["Glass Knife","Deadly Poison"],"picked":"Backflip+1","floor":31},{"not_picked":["Venomology","Burst"],"picked":"Tools of the Trade","floor":33},{"not_picked":[],"picked":"Dash+1","floor":35},{"not_picked":["Reflex+1"],"picked":"SKIP","floor":36},{"not_picked":["Dodge and Roll"],"picked":"SKIP","floor":37},{"not_picked":["Bouncing Flask"],"picked":"SKIP","floor":41},{"not_picked":["Slice+1"],"picked":"SKIP","floor":46},{"not_picked":["Crippling Poison+1"],"picked":"SKIP","floor":47},{"not_picked":["Outmaneuver"],"picked":"SKIP","floor":54}],"player_experience":122324,"relics_obtained":[{"floor":4,"key":"Mummified Hand"},{"floor":9,"key":"Blood Vial"},{"floor":19,"key":"Ginger"},{"floor":19,"key":"Gremlin Horn"},{"floor":20,"key":"Necronomicon"},{"floor":24,"key":"Red Mask"},{"floor":26,"key":"Bottled Tornado"},{"floor":47,"key":"War Paint"},{"floor":54,"key":"Lantern"}],"event_choices":[{"damage_healed":0,"gold_gain":75,"player_choice":"Gather Gold","damage_taken":11,"max_hp_gain":0,"max_hp_loss":0,"event_name":"World of Goop","floor":3,"gold_loss":0},{"damage_healed":0,"gold_gain":0,"player_choice":"Success","damage_taken":7,"relics_obtained":["Vajra"],"max_hp_gain":0,"max_hp_loss":0,"event_name":"Scrap Ooze","floor":7,"gold_loss":0},{"damage_healed":0,"gold_gain":0,"player_choice":"Leave","damage_taken":0,"max_hp_gain":0,"max_hp_loss":0,"event_name":"The Cleric","floor":8,"gold_loss":0},{"damage_healed":0,"gold_gain":0,"cards_transformed":["Strike_G"],"player_choice":"Change","damage_taken":0,"max_hp_gain":0,"max_hp_loss":0,"event_name":"Living Wall","floor":12,"gold_loss":0,"cards_obtained":["Skewer"]},{"damage_healed":0,"gold_gain":0,"player_choice":"Fight","damage_taken":0,"max_hp_gain":0,"max_hp_loss":0,"event_name":"Colosseum","floor":19,"gold_loss":0},{"damage_healed":0,"gold_gain":0,"player_choice":"Fought Nobs","damage_taken":0,"max_hp_gain":0,"max_hp_loss":0,"event_name":"Colosseum","floor":19,"gold_loss":0},{"damage_healed":0,"gold_gain":0,"player_choice":"Obtained Book","damage_taken":16,"max_hp_gain":0,"max_hp_loss":0,"event_name":"Cursed Tome","floor":20,"gold_loss":0},{"damage_healed":0,"gold_gain":0,"player_choice":"Fought Bandits","damage_taken":0,"max_hp_gain":0,"max_hp_loss":0,"event_name":"Masked Bandits","floor":24,"gold_loss":0},{"damage_healed":0,"gold_gain":0,"player_choice":"Copied","damage_taken":0,"max_hp_gain":0,"max_hp_loss":0,"event_name":"Duplicator","floor":30,"gold_loss":0,"cards_obtained":["Footwork"]},{"damage_healed":0,"gold_gain":222,"player_choice":"Wore Mask","damage_taken":0,"max_hp_gain":0,"max_hp_loss":0,"event_name":"Tomb of Lord Red Mask","floor":38,"gold_loss":0},{"cards_removed":["Tools of the Trade"],"damage_healed":0,"gold_gain":0,"player_choice":"Removed Power","damage_taken":0,"max_hp_gain":0,"max_hp_loss":0,"event_name":"Falling","floor":42,"gold_loss":0},{"damage_healed":0,"gold_gain":0,"player_choice":"Max HP","damage_taken":0,"max_hp_gain":0,"max_hp_loss":4,"event_name":"Winding Halls","floor":44,"gold_loss":0},{"damage_healed":0,"gold_gain":0,"player_choice":"Ignored","damage_taken":0,"max_hp_gain":0,"max_hp_loss":0,"event_name":"Mysterious Sphere","floor":48,"gold_loss":0}],"is_beta":false,"boss_relics":[{"not_picked":["HoveringKite","Eternal Feather"],"picked":"Astrolabe"},{"not_picked":["Runic Dome","Empty Cage"],"picked":"Busted Crown"}],"items_purged_floors":[39],"is_endless":false,"potions_floor_spawned":[10,13,16,19,19,21,24,27,33,35,46,54],"killed_by":"The Heart","ascension_level":2}