{"gold_per_floor":[118,131,20,33,108,108,138,138,191,191,161,261,271,306,306,306],"floor_reached":16,"playtime":309,"items_purged":[],"score":162,"play_id":"111c7aa7-0010-4af7-9f41-f033e8604384","local_time":"20180807224845","is_ascension_mode":true,"campfire_choices":[{"data":"Sunder","floor":6,"key":"SMITH"},{"data":"Zap","floor":8,"key":"SMITH"},{"data":"Defragment","floor":10,"key":"SMITH"},{"data":"Go for the Eyes","floor":15,"key":"SMITH"}],"neow_cost":"","seed_source_timestamp":22595343321275,"circlet_count":0,"master_deck":["Strike_B","Strike_B","Strike_B","Strike_B","Defend_B","Defend_B","Defend_B","Defend_B","Zap+1","Dualcast","AscendersBane","Sunder+1","Conserve Battery","Defragment+1","White Noise","Go for the Eyes+1","BootSequence","Seek"],"relics":["Cracked Core","Pen Nib","Dream Catcher","Lantern"],"potions_floor_usage":[7,16,16],"damage_taken":[{"damage":0,"enemies":"Small Slimes","floor":1,"turns":3},{"damage":5,"enemies":"2 Louse","floor":2,"turns":2},{"damage":1,"enemies":"Cultist","floor":4,"turns":3},{"damage":10,"enemies":"Lagavulin","floor":7,"turns":6},{"damage":0,"enemies":"Large Slime","floor":13,"turns":4},{"damage":9,"enemies":"3 Sentries","floor":14,"turns":6},{"damage":32,"enemies":"The Guardian","floor":16,"turns":2}],"seed_played":"-3378665400756348310","potions_obtained":[{"floor":1,"key":"Swift Potion"},{"floor":7,"key":"EssenceOfSteel"},{"floor":11,"key":"SpeedPotion"},{"floor":11,"key":"PowerPotion"},{"floor":14,"key":"EssenceOfSteel"}],"is_trial":false,"path_per_floor":["M","M","$","M","?","R","E","R","T","R","?","?","M","E","R"],"character_chosen":"DEFECT","items_purchased":["Defragment","White Noise"],"campfire_rested":0,"item_purchase_floors":[3,3],"current_hp_per_floor":[68,63,63,62,51,51,41,41,41,41,41,41,41,32,32,0],"gold":306,"neow_bonus":"","is_prod":false,"is_daily":false,"chose_seed":false,"campfire_upgraded":4,"win_rate":0,"timestamp":1533692925,"path_taken":["M","M","$","M","?","R","E","R","T","R","?","?","M","E","R","BOSS"],"build_version":"2018-07-12","purchased_purges":0,"victory":false,"max_hp_per_floor":[75,75,75,75,75,75,75,75,75,75,75,75,75,75,75,75],"card_choices":[{"not_picked":["Skim","Steam"],"picked":"Sunder","floor":1},{"not_picked":["Redo","Stack"],"picked":"Conserve Battery","floor":2},{"not_picked":["Hologram","Chaos"],"picked":"Go for the Eyes","floor":4},{"not_picked":["Double Energy","Compile Driver"],"picked":"BootSequence","floor":7},{"not_picked":["Turbo","Heatsinks","Stack"],"picked":"SKIP","floor":13},{"not_picked":["Sunder","Rebound"],"picked":"Seek","floor":14}],"player_experience":490693,"relics_obtained":[{"floor":7,"key":"Pen Nib"},{"floor":9,"key":"Dream Catcher"},{"floor":14,"key":"Lantern"}],"event_choices":[{"event_name":"World of Goop","player_choice":"Gather Gold","floor":5,"damage_taken":0},{"event_name":"The Woman in Blue","player_choice":"Bought 2 Potions","floor":11,"damage_taken":0},{"event_name":"Golden Shrine","player_choice":"Pray","floor":12,"damage_taken":0}],"boss_relics":[],"items_purged_floors":[],"is_endless":false,"potions_floor_spawned":[1,7,14],"killed_by":"The Guardian","ascension_level":10}