{"gold_per_floor":[113,38,48,48,65,65,99,99,99,99,120,138,38,52,52,142,142,162,37,53,53,53,53,53],"floor_reached":24,"playtime":467,"items_purged":["Strike_R","Strike_R","Strike_R"],"score":392,"play_id":"c8b5f63c-b09f-4b0d-8e2e-164f2b6e2836","local_time":"20190511121625","is_ascension_mode":true,"campfire_choices":[{"data":"Immolate","floor":6.0,"key":"SMITH"},{"data":"Armaments","floor":10.0,"key":"SMITH"},{"data":"Battle Trance","floor":15.0,"key":"SMITH"},{"data":"Fiend Fire","floor":23.0,"key":"SMITH"}],"neow_cost":"PERCENT_DAMAGE","seed_source_timestamp":1392672652372065,"circlet_count":0,"master_deck":["AscendersBane","Defend_R","Defend_R","Defend_R","Bash","Immolate+1","Battle Trance+1","Body Slam","Armaments+1","Spot Weakness","Fiend Fire+1","True Grit","Shrug It Off","Pummel","Demon Form"],"special_seed":0,"relics":["Burning Blood","Ornamental Fan","Golden Idol","Boot","Runic Dome"],"potions_floor_usage":[],"damage_taken":[{"damage":8.0,"enemies":"Small Slimes","floor":1.0,"turns":2.0},{"damage":0.0,"enemies":"Cultist","floor":3.0,"turns":2.0},{"damage":7.0,"enemies":"Jaw Worm","floor":5.0,"turns":2.0},{"damage":32.0,"enemies":"Lagavulin","floor":7.0,"turns":6.0},{"damage":5.0,"enemies":"Blue Slaver","floor":11.0,"turns":4.0},{"damage":0.0,"enemies":"Gremlin Gang","floor":12.0,"turns":1.0},{"damage":0.0,"enemies":"3 Louse","floor":14.0,"turns":1.0},{"damage":15.0,"enemies":"Hexaghost","floor":16.0,"turns":8.0},{"damage":12.0,"enemies":"2 Thieves","floor":18.0,"turns":3.0},{"damage":7.0,"enemies":"Chosen","floor":20.0,"turns":3.0},{"damage":53,"enemies":"Gremlin Leader","floor":24,"turns":4}],"seed_played":"2158179442613843695","potions_obtained":[{"floor":1.0,"key":"SpeedPotion"},{"floor":5.0,"key":"SpeedPotion"},{"floor":7.0,"key":"Energy Potion"},{"floor":11.0,"key":"PowerPotion"},{"floor":18.0,"key":"SpeedPotion"}],"is_trial":false,"path_per_floor":["M","$","M","?","M","R","E","?","T","R","M","M","$","M","R","B",null,"M","$","M","?","?","R","E"],"character_chosen":"IRONCLAD","items_purchased":[],"campfire_rested":0,"item_purchase_floors":[],"current_hp_per_floor":[48,48,54,54,53,53,27,27,27,27,28,34,34,40,40,31,59,53,53,52,52,52,52,0],"gold":53,"neow_bonus":"THREE_RARE_CARDS","is_prod":false,"is_daily":false,"chose_seed":false,"campfire_upgraded":4,"win_rate":0,"timestamp":1557548185,"path_taken":["M","$","M","?","?","R","E","?","T","R","M","M","$","M","R","BOSS","M","$","M","?","?","R","E"],"build_version":"2019-01-23","purchased_purges":3,"victory":false,"max_hp_per_floor":[75,75,75,75,75,75,75,68,68,68,68,68,68,68,68,68,68,68,68,68,68,68,68,68],"card_choices":[{"not_picked":["Dark Embrace","Offering"],"picked":"Immolate","floor":0.0},{"not_picked":["Ghostly Armor","Rage"],"picked":"Battle Trance","floor":1.0},{"not_picked":["Anger","Battle Trance","Blood for Blood"],"picked":"SKIP","floor":3.0},{"not_picked":["Clash","Thunderclap"],"picked":"Body Slam","floor":5.0},{"not_picked":["Thunderclap","Searing Blow"],"picked":"Armaments","floor":7.0},{"not_picked":["Clothesline","Clash"],"picked":"Spot Weakness","floor":11.0},{"not_picked":["Exhume","Pummel","Pommel Strike"],"picked":"SKIP","floor":12.0},{"not_picked":["Flex","Twin Strike","Battle Trance"],"picked":"SKIP","floor":14.0},{"not_picked":["Flex","Twin Strike","Battle Trance"],"picked":"SKIP","floor":14.0},{"not_picked":["Dark Embrace","Demon Form"],"picked":"Fiend Fire","floor":16.0},{"not_picked":["Headbutt","Body Slam"],"picked":"True Grit","floor":18.0},{"not_picked":["Body Slam","Flex"],"picked":"Shrug It Off","floor":20.0}],"player_experience":1927581,"relics_obtained":[{"floor":7.0,"key":"Ornamental Fan"},{"floor":9.0,"key":"Boot"}],"event_choices":[{"cards_removed":["Strike_R"],"damage_healed":0.0,"max_hp_gain":0.0,"max_hp_loss":0.0,"gold_gain":0.0,"event_name":"Bonfire Elementals","player_choice":"Offered Basic","floor":4.0,"gold_loss":0.0,"damage_taken":0.0},{"damage_healed":0.0,"max_hp_gain":0.0,"max_hp_loss":7.0,"gold_gain":0.0,"event_name":"Golden Idol","player_choice":"Lose Max HP","floor":8.0,"gold_loss":0.0,"damage_taken":0.0,"relics_obtained":["Golden Idol"]},{"damage_healed":0.0,"max_hp_gain":0.0,"max_hp_loss":0.0,"gold_gain":0.0,"event_name":"Beggar","player_choice":"Ignored","floor":21.0,"gold_loss":0.0,"damage_taken":0.0},{"damage_healed":0.0,"max_hp_gain":0.0,"max_hp_loss":0.0,"gold_gain":0.0,"cards_transformed":["Strike_R","Defend_R"],"event_name":"Drug Dealer","player_choice":"Became Test Subject","floor":22.0,"gold_loss":0.0,"damage_taken":0.0,"cards_obtained":["Pummel","Demon Form"]}],"is_beta":false,"boss_relics":[{"not_picked":["Empty Cage","Eternal Feather"],"picked":"Runic Dome"}],"items_purged_floors":[2,13,19],"is_endless":false,"potions_floor_spawned":[1,5,7,11,18],"killed_by":"Gremlin Leader","ascension_level":20}