{"gold_per_floor":[115,190,205,223,234,268,248,248,320,340,340,372,388,415,415,415],"floor_reached":16,"playtime":717,"items_purged":[],"score":153,"play_id":"c417a63c-9452-4482-b868-4c85b4c2a55a","local_time":"20181210202658","is_ascension_mode":true,"campfire_choices":[{"data":"Armaments","floor":8.0,"key":"SMITH"},{"data":"Pommel Strike","floor":11.0,"key":"SMITH"},{"floor":15.0,"key":"REST"}],"neow_cost":"NONE","seed_source_timestamp":2194809944072916,"circlet_count":0,"master_deck":["Strike_R","Strike_R","Strike_R","Strike_R","Strike_R","Defend_R","Defend_R","Defend_R","Defend_R","Bash","Flex","Armaments+1","Pommel Strike+1","Sentinel","Whirlwind","Headbutt","Clothesline","Spot Weakness"],"special_seed":0,"relics":["Burning Blood","Bird Faced Urn","Letter Opener","Smiling Mask","Dodecahedron"],"potions_floor_usage":[16,16],"damage_taken":[{"damage":2.0,"enemies":"2 Louse","floor":1.0,"turns":4.0},{"damage":5.0,"enemies":"Small Slimes","floor":3.0,"turns":3.0},{"damage":0.0,"enemies":"Cultist","floor":4.0,"turns":2.0},{"damage":3.0,"enemies":"Looter","floor":5.0,"turns":4.0},{"damage":8.0,"enemies":"Gremlin Nob","floor":6.0,"turns":3.0},{"damage":17.0,"enemies":"Red Slaver","floor":10.0,"turns":4.0},{"damage":35.0,"enemies":"3 Sentries","floor":12.0,"turns":10.0},{"damage":3.0,"enemies":"Blue Slaver","floor":13.0,"turns":4.0},{"damage":30.0,"enemies":"Gremlin Nob","floor":14.0,"turns":4.0},{"damage":58,"enemies":"Hexaghost","floor":16,"turns":12}],"seed_played":"6634034997980144663","potions_obtained":[{"floor":3.0,"key":"BloodPotion"},{"floor":5.0,"key":"AttackPotion"},{"floor":6.0,"key":"SpeedPotion"},{"floor":7.0,"key":"SkillPotion"}],"is_trial":false,"path_per_floor":["M","?","M","M","M","E","?","R","T","M","R","E","M","E","R","B"],"character_chosen":"IRONCLAD","items_purchased":[],"campfire_rested":1,"item_purchase_floors":[],"current_hp_per_floor":[88,77,78,84,87,85,85,85,85,74,74,45,48,24,50,0],"gold":415,"neow_bonus":"TEN_PERCENT_HP_BONUS","is_prod":false,"is_daily":false,"chose_seed":false,"campfire_upgraded":2,"win_rate":0,"timestamp":1544491618,"path_taken":["M","?","M","M","M","E","?","R","T","M","R","E","M","E","R","BOSS"],"build_version":"2018-12-06","purchased_purges":0,"victory":false,"max_hp_per_floor":[88,88,88,88,88,88,88,88,88,88,88,88,88,88,88,88],"card_choices":[{"not_picked":["Warcry","Rupture"],"picked":"Flex","floor":1.0},{"not_picked":["Warcry","Bloodletting"],"picked":"Armaments","floor":3.0},{"not_picked":["Thunderclap","Sentinel"],"picked":"Pommel Strike","floor":4.0},{"not_picked":["Pommel Strike","Second Wind"],"picked":"Sentinel","floor":5.0},{"not_picked":["Pommel Strike","Perfected Strike"],"picked":"Whirlwind","floor":6.0},{"not_picked":["Feel No Pain","Body Slam"],"picked":"Headbutt","floor":10.0},{"not_picked":["Clash","Anger"],"picked":"Clothesline","floor":12.0},{"not_picked":["Armaments","Shrug It Off"],"picked":"Spot Weakness","floor":13.0},{"not_picked":["Flex","Armaments","Rupture"],"picked":"SKIP","floor":14.0}],"player_experience":141984,"relics_obtained":[{"floor":6.0,"key":"Bird Faced Urn"},{"floor":9.0,"key":"Letter Opener"},{"floor":12.0,"key":"Smiling Mask"},{"floor":14.0,"key":"Dodecahedron"}],"event_choices":[{"damage_healed":0.0,"max_hp_gain":0.0,"max_hp_loss":0.0,"gold_gain":75.0,"event_name":"World of Goop","player_choice":"Gather Gold","floor":2.0,"gold_loss":0.0,"damage_taken":11.0},{"damage_healed":0.0,"max_hp_gain":0.0,"max_hp_loss":0.0,"gold_gain":0.0,"event_name":"The Woman in Blue","player_choice":"Bought 1 Potion","floor":7.0,"gold_loss":0.0,"damage_taken":0.0}],"is_beta":false,"boss_relics":[],"items_purged_floors":[],"is_endless":false,"potions_floor_spawned":[3,5,6],"killed_by":"Hexaghost","ascension_level":5}