{"gold_per_floor":[113,38,58,70,70,99,99,40,109,109,126,126,144,144,144,144],"floor_reached":16,"playtime":351,"items_purged":[],"score":200,"play_id":"2c9fc63d-18a3-492d-8601-aea73a5b7817","local_time":"20190306000415","is_ascension_mode":true,"campfire_choices":[{"data":"Feel No Pain","floor":7.0,"key":"SMITH"},{"data":"True Grit","floor":10.0,"key":"SMITH"},{"data":"Bash","floor":15.0,"key":"SMITH"}],"neow_cost":"NONE","seed_source_timestamp":392568699880941,"circlet_count":0,"master_deck":["AscendersBane","Strike_R","Strike_R","Strike_R","Strike_R","Defend_R+1","Defend_R","Defend_R","Defend_R+1","Bash+1","Shrug It Off","Feel No Pain+1","True Grit+1","Flex+1","Entrench+1"],"special_seed":0,"relics":["Burning Blood","NeowsBlessing","Mercury Hourglass","Bag of Marbles","Toxic Egg 2","Golden Idol"],"potions_floor_usage":[16,16],"damage_taken":[{"damage":0.0,"enemies":"2 Louse","floor":1.0,"turns":1.0},{"damage":0.0,"enemies":"Jaw Worm","floor":3.0,"turns":1.0},{"damage":0.0,"enemies":"Small Slimes","floor":4.0,"turns":1.0},{"damage":28.0,"enemies":"Gremlin Nob","floor":6.0,"turns":4.0},{"damage":1.0,"enemies":"3 Louse","floor":11.0,"turns":3.0},{"damage":1.0,"enemies":"2 Fungi Beasts","floor":13.0,"turns":3.0},{"damage":49,"enemies":"Slime Boss","floor":16,"turns":11}],"seed_played":"6786673021546056460","potions_obtained":[{"floor":4.0,"key":"AttackPotion"},{"floor":6.0,"key":"BloodPotion"},{"floor":11.0,"key":"Strength Potion"}],"is_trial":false,"path_per_floor":["M","?","M","M","T","E","R","$","T","R","M","?","M","?","R","B"],"character_chosen":"IRONCLAD","items_purchased":["True Grit"],"campfire_rested":0,"item_purchase_floors":[8],"current_hp_per_floor":[74,74,75,75,75,53,53,53,53,53,58,58,63,43,43,0],"gold":144,"neow_bonus":"THREE_ENEMY_KILL","is_prod":false,"is_daily":false,"chose_seed":false,"campfire_upgraded":3,"win_rate":0,"timestamp":1551801855,"path_taken":["M","?","M","M","?","E","R","$","T","R","M","?","M","?","R","BOSS"],"build_version":"2019-01-23","purchased_purges":0,"victory":false,"max_hp_per_floor":[75,75,75,75,75,75,75,75,75,75,75,68,68,68,68,68],"card_choices":[{"not_picked":["Perfected Strike","Shockwave"],"picked":"Shrug It Off","floor":1.0},{"not_picked":["Battle Trance","Power Through"],"picked":"Feel No Pain","floor":3.0},{"not_picked":["Headbutt","Clothesline","Heavy Blade"],"picked":"SKIP","floor":4.0},{"not_picked":["Spot Weakness","Cleave","Corruption"],"picked":"SKIP","floor":6.0},{"not_picked":["Havoc+1","Sword Boomerang"],"picked":"Flex+1","floor":11.0},{"not_picked":["Anger","Warcry+1"],"picked":"Entrench+1","floor":13.0}],"player_experience":1168924,"relics_obtained":[{"floor":5.0,"key":"Mercury Hourglass"},{"floor":6.0,"key":"Bag of Marbles"},{"floor":9.0,"key":"Toxic Egg 2"}],"event_choices":[{"cards_removed":["Strike_R"],"damage_healed":0.0,"max_hp_gain":0.0,"max_hp_loss":0.0,"gold_gain":0.0,"event_name":"The Cleric","player_choice":"Card Removal","floor":2.0,"gold_loss":75.0,"damage_taken":0.0},{"damage_healed":0.0,"max_hp_gain":0.0,"max_hp_loss":7.0,"gold_gain":0.0,"event_name":"Golden Idol","player_choice":"Lose Max HP","floor":12.0,"gold_loss":0.0,"damage_taken":0.0,"relics_obtained":["Golden Idol"]},{"damage_healed":0.0,"max_hp_gain":0.0,"max_hp_loss":0.0,"gold_gain":0.0,"event_name":"Shining Light","player_choice":"Entered Light","floor":14.0,"gold_loss":0.0,"damage_taken":20.0,"cards_upgraded":["Defend_R","Defend_R"]}],"is_beta":false,"boss_relics":[],"items_purged_floors":[],"is_endless":false,"potions_floor_spawned":[4,6,11],"killed_by":"Slime Boss","ascension_level":20}