{"path_per_floor":["M","M","M","M","M","E","?","M","T","E"],"character_chosen":"DEFECT","items_purchased":[],"gold_per_floor":[14,24,39,56,75,110,110,128,128,157,157],"floor_reached":11,"campfire_rested":0,"playtime":589,"item_purchase_floors":[],"current_hp_per_floor":[74,74,69,65,61,33,33,29,29,6,0],"items_purged":[],"gold":157,"score":100,"play_id":"3ea849a1-8d89-44b9-b02a-3a7a42503cb1","local_time":"20180620094039","is_prod":false,"is_daily":false,"chose_seed":false,"is_ascension_mode":true,"campfire_upgraded":0,"win_rate":0,"timestamp":1529505639,"campfire_choices":[],"path_taken":["M","M","M","?","M","E","?","M","T","E","M"],"build_version":"2018-06-19v2","seed_source_timestamp":969538512776488,"purchased_purges":0,"circlet_count":0,"victory":false,"master_deck":["Strike_B","Strike_B","Strike_B","Defend_B","Defend_B","Zap","Dualcast","Gash","Go for the Eyes","White Noise","Reinforced Body","Double Energy","Go for the Eyes"],"max_hp_per_floor":[75,75,75,75,75,75,75,75,75,75,75],"relics":["Cracked Core","Blood Vial","Matryoshka","Dodecahedron"],"card_choices":[{"not_picked":["Hologram","Steam"],"picked":"Gash","floor":1},{"not_picked":["Storm","Force Field"],"picked":"Go for the Eyes","floor":2},{"not_picked":["Cold Snap","Conserve Battery","Genetic Algorithm"],"picked":"SKIP","floor":3},{"not_picked":["Heatsinks","Force Field"],"picked":"White Noise","floor":4},{"not_picked":["Defragment","Turbo"],"picked":"Reinforced Body","floor":5},{"not_picked":["Amplify","Hello World"],"picked":"Double Energy","floor":6},{"not_picked":["Ball Lightning","Turbo","Melter"],"picked":"SKIP","floor":8},{"not_picked":["Barrage","Coolheaded"],"picked":"Go for the Eyes","floor":10}],"player_experience":215797,"potions_floor_usage":[],"damage_taken":[{"damage":1,"enemies":"Cultist","floor":1,"turns":3},{"damage":0,"enemies":"Small Slimes","floor":2,"turns":2},{"damage":5,"enemies":"2 Louse","floor":3,"turns":2},{"damage":4,"enemies":"Blue Slaver","floor":4,"turns":3},{"damage":4,"enemies":"Looter","floor":5,"turns":3},{"damage":28,"enemies":"Gremlin Nob","floor":6,"turns":5},{"damage":6,"enemies":"2 Fungi Beasts","floor":8,"turns":3},{"damage":25,"enemies":"3 Sentries","floor":10,"turns":6},{"damage":9,"enemies":"Gremlin Gang","floor":11,"turns":1}],"relics_obtained":[{"floor":6,"key":"Blood Vial"},{"floor":9,"key":"Matryoshka"},{"floor":10,"key":"Dodecahedron"}],"event_choices":[{"event_name":"Living Wall","player_choice":"Forget","floor":7,"damage_taken":0}],"boss_relics":[],"items_purged_floors":[],"is_endless":false,"potions_floor_spawned":[3,4,6],"seed_played":"1825339786889841084","killed_by":"Gremlin Gang","ascension_level":3,"potions_obtained":[{"floor":3,"key":"SkillPotion"},{"floor":4,"key":"Strength Potion"},{"floor":6,"key":"EssenceOfSteel"}],"is_trial":false}