{"gold_per_floor":[116,136,40,40,54,86,11,42,42,62,62,212,231,306,306,378,378,392,392,392,392,34,34,66,66,66,66],"floor_reached":27,"playtime":1281,"items_purged":["Strike_R","Doubt"],"score":624,"play_id":"063a969e-96e6-44c2-a134-a54c567dd061","local_time":"20190320011604","is_ascension_mode":true,"campfire_choices":[{"data":"Forethought","floor":11.0,"key":"SMITH"},{"data":"Evolve","floor":15.0,"key":"SMITH"},{"floor":23.0,"key":"REST"},{"data":"Whirlwind","floor":25,"key":"SMITH"}],"neow_cost":"TEN_PERCENT_HP_LOSS","seed_source_timestamp":395303601368685,"circlet_count":0,"master_deck":["AscendersBane","Strike_R","Defend_R","Defend_R","Defend_R","Defend_R","Bash","Barricade","Whirlwind+1","Body Slam","Armaments+1","Forethought+1","Evolve+1","Havoc","Fiend Fire","Entrench","Burning Pact","Thinking Ahead","Battle Trance"],"special_seed":0,"relics":["Burning Blood","Prayer Wheel","Gremlin Horn","Mercury Hourglass","Runic Pyramid","Shovel"],"potions_floor_usage":[27],"damage_taken":[{"damage":0.0,"enemies":"2 Louse","floor":1.0,"turns":2.0},{"damage":7.0,"enemies":"Cultist","floor":2.0,"turns":4.0},{"damage":2.0,"enemies":"Jaw Worm","floor":5.0,"turns":3.0},{"damage":10.0,"enemies":"3 Sentries","floor":6.0,"turns":8.0},{"damage":59.0,"enemies":"Gremlin Nob","floor":8.0,"turns":5.0},{"damage":0.0,"enemies":"2 Fungi Beasts","floor":10.0,"turns":3.0},{"damage":11.0,"enemies":"Blue Slaver","floor":13.0,"turns":3.0},{"damage":0.0,"enemies":"Hexaghost","floor":16.0,"turns":27.0},{"damage":30.0,"enemies":"Shell Parasite","floor":18.0,"turns":3.0},{"damage":17.0,"enemies":"Colosseum Slavers","floor":19.0,"turns":5.0},{"damage":31.0,"enemies":"Book of Stabbing","floor":24.0,"turns":6.0},{"damage":13,"enemies":"Slavers","floor":27,"turns":1}],"seed_played":"684191460789853845","potions_obtained":[{"floor":2.0,"key":"Swift Potion"},{"floor":5.0,"key":"PowerPotion"},{"floor":16.0,"key":"SpeedPotion"},{"floor":24.0,"key":"Weak Potion"}],"is_trial":false,"path_per_floor":["M","M","$","?","M","E","$","E","T","M","R","?","M","?","R","B",null,"M","?","?","?","$","R","E","R","T","E"],"character_chosen":"IRONCLAD","items_purchased":["Forethought","Thinking Ahead","AttackPotion"],"campfire_rested":1,"item_purchase_floors":[3,22,22],"current_hp_per_floor":[68,67,67,67,68,64,64,11,11,17,17,17,12,1,1,7,53,29,18,18,18,18,38,13,13,13,0],"gold":66,"neow_bonus":"TRANSFORM_TWO_CARDS","is_prod":false,"is_daily":false,"chose_seed":false,"campfire_upgraded":3,"win_rate":0,"timestamp":1553015764,"path_taken":["M","M","$","?","?","E","$","E","T","M","R","?","M","?","R","BOSS","M","?","?","?","$","R","E","R","T","E"],"build_version":"2019-01-23","purchased_purges":2,"victory":false,"max_hp_per_floor":[68,68,68,68,68,68,68,68,68,68,68,68,68,68,68,68,68,68,68,68,68,68,68,68,68,68,68],"card_choices":[{"not_picked":["Anger","Reckless Charge"],"picked":"Body Slam","floor":1.0},{"not_picked":["Flex","Twin Strike"],"picked":"Armaments","floor":2.0},{"not_picked":["Corruption","Sword Boomerang"],"picked":"Evolve","floor":5.0},{"not_picked":["Rage","Heavy Blade","Thunderclap"],"picked":"SKIP","floor":6.0},{"not_picked":["Shrug It Off","Sentinel"],"picked":"Havoc","floor":8.0},{"not_picked":["Anger","True Grit"],"picked":"Fiend Fire","floor":10.0},{"not_picked":["Havoc","Intimidate"],"picked":"Entrench","floor":10.0},{"not_picked":["Cleave","Corruption","Metallicize"],"picked":"SKIP","floor":13.0},{"not_picked":["Armaments","Pommel Strike","Body Slam"],"picked":"SKIP","floor":13.0},{"not_picked":["Cleave","Corruption","Metallicize"],"picked":"SKIP","floor":13.0},{"not_picked":["Armaments","Pommel Strike","Body Slam"],"picked":"SKIP","floor":13.0},{"not_picked":["Cleave","Ghostly Armor"],"picked":"Burning Pact","floor":18.0},{"not_picked":["Whirlwind","Havoc","Warcry"],"picked":"SKIP","floor":18.0},{"not_picked":["Flex","Uppercut"],"picked":"Battle Trance","floor":24.0}],"player_experience":1285056,"relics_obtained":[{"floor":6.0,"key":"Prayer Wheel"},{"floor":8.0,"key":"Gremlin Horn"},{"floor":9.0,"key":"Mercury Hourglass"},{"floor":24.0,"key":"Shovel"}],"event_choices":[{"damage_healed":0.0,"max_hp_gain":0.0,"max_hp_loss":0.0,"gold_gain":0.0,"event_name":"Upgrade Shrine","player_choice":"Upgraded","floor":4.0,"gold_loss":0.0,"damage_taken":0.0,"cards_upgraded":["Armaments"]},{"damage_healed":0.0,"max_hp_gain":0.0,"max_hp_loss":0.0,"gold_gain":150.0,"event_name":"Liars Game","player_choice":"AGREE","floor":12.0,"gold_loss":0.0,"damage_taken":0.0,"cards_obtained":["Doubt"]},{"damage_healed":0.0,"max_hp_gain":0.0,"max_hp_loss":0.0,"gold_gain":75.0,"event_name":"World of Goop","player_choice":"Gather Gold","floor":14.0,"gold_loss":0.0,"damage_taken":11.0},{"damage_healed":0.0,"max_hp_gain":0.0,"max_hp_loss":0.0,"gold_gain":0.0,"event_name":"Colosseum","player_choice":"Fight","floor":19.0,"gold_loss":0.0,"damage_taken":0.0},{"damage_healed":0.0,"max_hp_gain":0.0,"max_hp_loss":0.0,"gold_gain":0.0,"event_name":"Colosseum","player_choice":"Fled From Nobs","floor":19.0,"gold_loss":0.0,"damage_taken":0.0},{"cards_removed":["Strike_R"],"damage_healed":0.0,"max_hp_gain":0.0,"max_hp_loss":0.0,"gold_gain":0.0,"event_name":"Back to Basics","player_choice":"Elegance","floor":20.0,"gold_loss":0.0,"damage_taken":0.0},{"damage_healed":0.0,"max_hp_gain":0.0,"max_hp_loss":0.0,"gold_gain":0.0,"event_name":"The Mausoleum","player_choice":"Ignored","floor":21.0,"gold_loss":0.0,"damage_taken":0.0}],"is_beta":false,"boss_relics":[{"not_picked":["Velvet Choker","Fusion Hammer"],"picked":"Runic Pyramid"}],"items_purged_floors":[7,22],"is_endless":false,"potions_floor_spawned":[2,5,16,24],"killed_by":"Slavers","ascension_level":20}