{"gold_per_floor":[112,112,122,140,140,140,199,199,223,223,249,268,298,56,56,158,158,171,103,103,28,28,58,58,12,12,39,39,51,79,79,79,183,183,198,198,213,223,235,235,264,264,289,289,303,2,2,22,22,22],"floor_reached":51,"playtime":2111,"items_purged":["Strike_B"],"score":1184,"play_id":"8e9c6514-d796-4228-be01-2eac6d647675","local_time":"20180829123253","is_ascension_mode":true,"campfire_choices":[{"data":"Zap","floor":6,"key":"SMITH"},{"data":"Barrage","floor":8,"key":"SMITH"},{"data":"Ball Lightning","floor":10,"key":"SMITH"},{"data":"Consume","floor":15,"key":"SMITH"},{"data":"Capacitor","floor":24,"key":"SMITH"},{"data":"Loop","floor":28,"key":"SMITH"},{"floor":32,"key":"REST"},{"data":"Biased Cognition","floor":40,"key":"SMITH"},{"data":"Buffer","floor":42,"key":"SMITH"},{"data":"Hologram","floor":44,"key":"SMITH"},{"data":"Go for the Eyes","floor":47,"key":"SMITH"},{"data":"Master of Strategy","floor":49,"key":"SMITH"}],"neow_cost":"NONE","seed_source_timestamp":86772777336515,"circlet_count":0,"master_deck":["Zap+1","Dualcast+1","AscendersBane","Cold Snap","Ball Lightning+1","Barrage+1","Capacitor+1","Consume+1","Chill","Loop+1","BootSequence","Cold Snap","Biased Cognition+1","Stack+1","Blizzard+1","Ball Lightning+1","Hologram+1","Doom and Gloom+1","Go for the Eyes+1","Genetic Algorithm","Buffer+1","Conserve Battery","Compile Driver","Gash","Beam Cell","Gash","Leap","Steam Power+1","Master of Strategy+1","Jack Of All Trades","Stack+1","Conserve Battery+1"],"relics":["Cracked Core","Tiny Chest","War Paint","Bag of Preparation","Mango","Sozu","Cables","Anchor","Bottled Flame","Whetstone","Mummified Hand","Nilry\u0027s Codex","Pandora\u0027s Box","Blood Vial","Lantern","Vajra","Centennial Puzzle"],"potions_floor_usage":[30,33],"damage_taken":[{"damage":3,"enemies":"2 Louse","floor":1,"turns":3},{"damage":2,"enemies":"Jaw Worm","floor":3,"turns":4},{"damage":1,"enemies":"Cultist","floor":4,"turns":3},{"damage":14,"enemies":"Gremlin Nob","floor":7,"turns":3},{"damage":4,"enemies":"Looter","floor":12,"turns":2},{"damage":26,"enemies":"Lagavulin","floor":13,"turns":5},{"damage":1,"enemies":"The Guardian","floor":16,"turns":8},{"damage":0,"enemies":"Chosen","floor":18,"turns":4},{"damage":7,"enemies":"Gremlin Leader","floor":23,"turns":8},{"damage":4,"enemies":"Book of Stabbing","floor":27,"turns":5},{"damage":6,"enemies":"2 Thieves","floor":29,"turns":3},{"damage":0,"enemies":"Slavers","floor":30,"turns":5},{"damage":12,"enemies":"Champ","floor":33,"turns":9},{"damage":8,"enemies":"3 Darklings","floor":35,"turns":5},{"damage":0,"enemies":"3 Shapes","floor":37,"turns":3},{"damage":0,"enemies":"Transient","floor":38,"turns":5},{"damage":0,"enemies":"4 Shapes","floor":39,"turns":5},{"damage":0,"enemies":"Nemesis","floor":41,"turns":6},{"damage":0,"enemies":"Flame Bruiser 2 Orb","floor":45,"turns":6},{"damage":9,"enemies":"Spire Growth","floor":48,"turns":4},{"damage":24,"enemies":"Awakened One","floor":50,"turns":15}],"seed_played":"-8965588978668433062","potions_obtained":[{"floor":3,"key":"EssenceOfSteel"},{"floor":7,"key":"Ancient Potion"},{"floor":13,"key":"Block Potion"}],"is_trial":false,"path_per_floor":["M","?","M","M","?","R","E","R","T","R","T","M","E","$","R","B",null,"M","$","?","$","T","E","R","$","T","E","R","M","E","?","R","B",null,"M","?","M","M","M","R","E","R","T","R","M","$","R","M","R","B"],"character_chosen":"DEFECT","items_purchased":["Chill","Loop","BootSequence","Cold Snap","Blizzard","Hologram","Vajra","Centennial Puzzle"],"campfire_rested":1,"item_purchase_floors":[14,14,14,14,19,25,46,46],"current_hp_per_floor":[65,58,56,55,85,85,71,71,71,71,71,67,55,55,55,54,88,88,88,88,88,88,81,81,81,81,77,77,71,71,55,84,72,92,84,79,79,83,83,83,83,83,83,83,85,85,85,78,78,56],"gold":22,"neow_bonus":"ONE_RANDOM_RARE_CARD","is_prod":false,"is_daily":false,"chose_seed":false,"campfire_upgraded":11,"win_rate":0,"timestamp":1535556773,"path_taken":["M","?","M","?","?","R","E","R","T","R","?","M","E","$","R","BOSS","M","$","?","$","?","E","R","?","T","E","R","M","E","?","R","BOSS","M","?","M","?","M","R","E","R","T","R","M","$","R","M","R","BOSS"],"build_version":"2018-07-12","purchased_purges":1,"victory":true,"max_hp_per_floor":[75,75,75,75,85,85,85,85,85,85,85,85,99,99,99,99,99,99,99,99,99,99,99,99,99,99,99,99,99,99,99,99,99,99,99,99,99,99,99,99,99,99,99,99,99,99,99,99,99,99],"card_choices":[{"not_picked":["Beam Cell","Streamline"],"picked":"Cold Snap","floor":1},{"not_picked":["Barrage","Coolheaded"],"picked":"Ball Lightning","floor":3},{"not_picked":["Sweeping Beam","Blizzard"],"picked":"Barrage","floor":4},{"not_picked":["Blizzard","Fission","Rip and Tear"],"picked":"SKIP","floor":7},{"not_picked":["Coolheaded","Ball Lightning"],"picked":"Capacitor","floor":12},{"not_picked":["Fusion","Conserve Battery"],"picked":"Consume","floor":13},{"not_picked":["Core Surge","Creative AI"],"picked":"Biased Cognition","floor":16},{"not_picked":["Barrage","Coolheaded"],"picked":"Stack+1","floor":18},{"not_picked":["Fusion","Steam"],"picked":"Ball Lightning+1","floor":23},{"not_picked":["Steam Power","Buffer"],"picked":"Doom and Gloom+1","floor":27},{"not_picked":["Steam","Sweeping Beam"],"picked":"Go for the Eyes","floor":29},{"not_picked":["Genetic Algorithm","Gash","Stack"],"picked":"SKIP","floor":30},{"not_picked":["Gash","Stack"],"picked":"Genetic Algorithm","floor":30},{"not_picked":["Multi-Cast","Hyperbeam"],"picked":"Buffer","floor":33},{"not_picked":["Stack","Reinforced Body"],"picked":"Steam Power+1","floor":35},{"not_picked":["Transmutation","Flash of Steel"],"picked":"Master of Strategy","floor":36},{"not_picked":["Trip","Dramatic Entrance"],"picked":"Jack Of All Trades","floor":36},{"not_picked":["Sweeping Beam","Lockon","Heatsinks"],"picked":"SKIP","floor":37},{"not_picked":["Go for the Eyes","Turbo"],"picked":"Stack+1","floor":38},{"not_picked":["Leap","Streamline","Gash+1"],"picked":"SKIP","floor":39},{"not_picked":["White Noise","Sweeping Beam+1","Compile Driver"],"picked":"SKIP","floor":41},{"not_picked":["Blizzard","Chaos+1","Compile Driver"],"picked":"SKIP","floor":45},{"not_picked":["Streamline","Hologram"],"picked":"Conserve Battery+1","floor":48}],"player_experience":735056,"relics_obtained":[{"floor":7,"key":"Tiny Chest"},{"floor":9,"key":"War Paint"},{"floor":11,"key":"Bag of Preparation"},{"floor":13,"key":"Mango"},{"floor":22,"key":"Cables"},{"floor":23,"key":"Anchor"},{"floor":26,"key":"Bottled Flame"},{"floor":27,"key":"Whetstone"},{"floor":30,"key":"Mummified Hand"},{"floor":31,"key":"Nilry\u0027s Codex"},{"floor":41,"key":"Blood Vial"},{"floor":43,"key":"Lantern"}],"event_choices":[{"event_name":"Golden Wing","player_choice":"Card Removal","floor":2,"damage_taken":0},{"event_name":"Bonfire Elementals","player_choice":"RARE","floor":5,"damage_taken":0},{"event_name":"The Woman in Blue","player_choice":"Bought 0 Potions","floor":20,"damage_taken":0},{"event_name":"Cursed Tome","player_choice":"Obtained Book","floor":31,"damage_taken":0},{"event_name":"SensoryStone","player_choice":"Memory 2","floor":36,"damage_taken":0}],"boss_relics":[{"not_picked":["Empty Cage","Calling Bell"],"picked":"Sozu"},{"not_picked":["Coffee Dripper","Cursed Key"],"picked":"Pandora\u0027s Box"}],"items_purged_floors":[21],"is_endless":false,"potions_floor_spawned":[3,7,13,16,23,29,37,38,45,48],"ascension_level":10}