{"gold_per_floor":[117,192,192,20,33,60,119,119,119,16,31,88,105,135,135,209,209,219,144,159,185,110,110,144,161,185,85,101,121,155,173,173,248,248,260,260,260,274,284,284,312,150,175,175,25,45,45,56,56,56,56,56,56,1,31,31],"floor_reached":57,"playtime":3355,"items_purged":["Bludgeon","Bludgeon","True Grit+1","Double Tap"],"score":2905,"play_id":"d51586dd-1895-4ea2-a38e-0f8fdc0f2453","local_time":"20190307233124","is_ascension_mode":true,"campfire_choices":[{"data":"Fiend Fire","floor":8.0,"key":"SMITH"},{"data":"Discovery","floor":15.0,"key":"SMITH"},{"data":"True Grit","floor":23.0,"key":"SMITH"},{"data":"Offering","floor":32.0,"key":"SMITH"},{"data":"Shockwave","floor":40.0,"key":"SMITH"},{"data":"Rage","floor":44.0,"key":"SMITH"},{"floor":49.0,"key":"RECALL"},{"data":"Dark Embrace","floor":53.0,"key":"SMITH"}],"neow_cost":"NONE","seed_source_timestamp":557843063331102,"circlet_count":0,"master_deck":["AscendersBane","Bash","Rage","Fiend Fire+1","Second Wind","Feel No Pain","Discovery+1","Dropkick","Battle Trance","Rage+1","Evolve","Dropkick","True Grit+1","Bloodletting+1","Shockwave+1","Offering+1","Dark Embrace+1","Purity","Burning Pact","Dropkick+1","Intimidate"],"special_seed":0,"relics":["Burning Blood","NeowsBlessing","Pen Nib","Pear","Unceasing Top","Bottled Tornado","Tiny Chest","Question Card","Pandora\u0027s Box","Blood Vial","Red Skull","Potion Belt","PreservedInsect","Empty Cage","Oddly Smooth Stone","Paper Frog"],"potions_floor_usage":[56,56],"damage_taken":[{"damage":0.0,"enemies":"Cultist","floor":1.0,"turns":1.0},{"damage":0.0,"enemies":"2 Louse","floor":5.0,"turns":1.0},{"damage":0.0,"enemies":"Gremlin Nob","floor":6.0,"turns":1.0},{"damage":31.0,"enemies":"3 Sentries","floor":7.0,"turns":10.0},{"damage":0.0,"enemies":"Jaw Worm","floor":11.0,"turns":3.0},{"damage":16.0,"enemies":"3 Sentries","floor":12.0,"turns":18.0},{"damage":4.0,"enemies":"Large Slime","floor":13.0,"turns":5.0},{"damage":15.0,"enemies":"Lagavulin","floor":14.0,"turns":6.0},{"damage":37.0,"enemies":"The Guardian","floor":16.0,"turns":12.0},{"damage":0.0,"enemies":"Spheric Guardian","floor":18.0,"turns":2.0},{"damage":6.0,"enemies":"Chosen","floor":20.0,"turns":3.0},{"damage":37.0,"enemies":"Slavers","floor":24.0,"turns":6.0},{"damage":1.0,"enemies":"Centurion and Healer","floor":25.0,"turns":7.0},{"damage":0.0,"enemies":"Sentry and Sphere","floor":28.0,"turns":2.0},{"damage":3.0,"enemies":"Snecko","floor":29.0,"turns":5.0},{"damage":16.0,"enemies":"Book of Stabbing","floor":30.0,"turns":6.0},{"damage":12.0,"enemies":"Centurion and Healer","floor":31.0,"turns":6.0},{"damage":17.0,"enemies":"Champ","floor":33.0,"turns":5.0},{"damage":6.0,"enemies":"Orb Walker","floor":35.0,"turns":3.0},{"damage":14.0,"enemies":"3 Darklings","floor":38.0,"turns":5.0},{"damage":30.0,"enemies":"4 Shapes","floor":39.0,"turns":7.0},{"damage":9.0,"enemies":"Nemesis","floor":41.0,"turns":5.0},{"damage":6.0,"enemies":"Spire Growth","floor":46.0,"turns":3.0},{"damage":8.0,"enemies":"Sphere and 2 Shapes","floor":48.0,"turns":5.0},{"damage":18.0,"enemies":"Time Eater","floor":50.0,"turns":7.0},{"damage":39.0,"enemies":"Donu and Deca","floor":51.0,"turns":5.0},{"damage":15.0,"enemies":"Shield and Spear","floor":55.0,"turns":3.0},{"damage":33,"enemies":"The Heart","floor":56,"turns":5}],"seed_played":"7095424489369804542","potions_obtained":[{"floor":1.0,"key":"Explosive Potion"},{"floor":5.0,"key":"Weak Potion"},{"floor":6.0,"key":"Fire Potion"},{"floor":7.0,"key":"Swift Potion"},{"floor":14.0,"key":"Block Potion"},{"floor":18.0,"key":"SneckoOil"},{"floor":20.0,"key":"Poison Potion"},{"floor":28.0,"key":"Weak Potion"},{"floor":29.0,"key":"Ancient Potion"},{"floor":30.0,"key":"Ancient Potion"},{"floor":38.0,"key":"AttackPotion"},{"floor":39.0,"key":"Swift Potion"},{"floor":55.0,"key":"Regen Potion"}],"is_trial":false,"path_per_floor":["M","?","?","$","M","E","?","R","T","$","M","E","M","E","R","B",null,"M","?","M","T","$","R","E","M","T","$","M","M","E","M","R","B",null,"M","?","?","M","M","R","E","$","T","R","$","M","$","M","R","B","B",null,"R","$","E","B",null],"character_chosen":"IRONCLAD","items_purchased":["Fiend Fire","Discovery","Burning Pact","Swift Potion"],"campfire_rested":0,"item_purchase_floors":[4,10,42,54],"current_hp_per_floor":[74,63,58,58,64,80,55,55,55,55,61,51,53,44,44,13,67,73,73,73,73,73,73,44,51,51,51,59,64,56,52,52,43,75,77,77,77,71,49,49,48,48,48,48,48,50,50,50,50,40,9,66,66,66,59,43],"gold":31,"neow_bonus":"THREE_ENEMY_KILL","is_prod":false,"is_daily":false,"chose_seed":false,"campfire_upgraded":7,"win_rate":0,"timestamp":1551972684,"path_taken":["M","?","?","?","M","E","?","R","T","?","M","E","M","E","R","BOSS","M","?","?","?","?","R","E","M","T","$","M","M","E","M","R","BOSS","M","?","?","M","M","R","E","$","T","R","?","M","?","M","R","BOSS","BOSS","R","$","E","BOSS"],"build_version":"2019-01-23","purchased_purges":4,"victory":true,"max_hp_per_floor":[75,75,75,75,75,85,85,85,85,85,85,85,85,85,85,85,85,85,85,85,85,85,85,85,85,85,85,85,85,85,85,85,85,85,85,85,85,85,85,85,85,85,85,85,85,85,85,85,85,85,85,85,85,85,85,85],"card_choices":[{"not_picked":["Havoc","Heavy Blade"],"picked":"Rage","floor":1.0},{"not_picked":["Entrench","Clash"],"picked":"Second Wind","floor":5.0},{"not_picked":["Sentinel","Heavy Blade","Entrench"],"picked":"SKIP","floor":6.0},{"not_picked":["Havoc","Anger"],"picked":"Feel No Pain","floor":7.0},{"not_picked":["Ghostly Armor","Searing Blow","Twin Strike"],"picked":"SKIP","floor":11.0},{"not_picked":["Thunderclap","Disarm","Seeing Red"],"picked":"SKIP","floor":12.0},{"not_picked":["Clash","Thunderclap","Warcry"],"picked":"SKIP","floor":13.0},{"not_picked":["Shockwave","Thunderclap"],"picked":"Dropkick","floor":14.0},{"not_picked":["Fiend Fire","Demon Form","Juggernaut"],"picked":"Double Tap","floor":16.0},{"not_picked":["Anger","Perfected Strike","Flex","Spot Weakness+1"],"picked":"SKIP","floor":18.0},{"not_picked":["Anger","Heavy Blade+1","Warcry"],"picked":"True Grit+1","floor":20.0},{"not_picked":["Pommel Strike","Armaments","Perfected Strike"],"picked":"Bloodletting+1","floor":24.0},{"not_picked":["Clash","Clothesline","Disarm"],"picked":"Juggernaut","floor":25.0},{"not_picked":["Clothesline","Searing Blow","Thunderclap","Hemokinesis"],"picked":"SKIP","floor":28.0},{"not_picked":["Shrug It Off","Anger","Thunderclap+1"],"picked":"Shockwave","floor":29.0},{"not_picked":["Evolve","Sword Boomerang","Cleave"],"picked":"Offering","floor":30.0},{"not_picked":["Heavy Blade","Anger","Feel No Pain+1","Iron Wave"],"picked":"SKIP","floor":31.0},{"not_picked":["Fiend Fire","Barricade","Double Tap"],"picked":"Dark Embrace","floor":33.0},{"not_picked":["Intimidate","Thunderclap","Rage+1","Combust"],"picked":"SKIP","floor":35.0},{"not_picked":["Good Instincts","Mind Blast","Forethought"],"picked":"Purity","floor":37.0},{"not_picked":["Infernal Blade","Cleave","Bloodletting","Anger+1"],"picked":"SKIP","floor":38.0},{"not_picked":["Pommel Strike","Anger","Warcry","Perfected Strike"],"picked":"SKIP","floor":39.0},{"not_picked":["Impervious","Iron Wave","Second Wind","Clothesline"],"picked":"SKIP","floor":41.0},{"not_picked":["Combust+1","Wild Strike","Clash+1"],"picked":"Dropkick+1","floor":46.0},{"not_picked":["Berserk","Body Slam","Infernal Blade","Battle Trance"],"picked":"SKIP","floor":48.0},{"not_picked":["Sword Boomerang","True Grit","Searing Blow"],"picked":"Intimidate","floor":55.0}],"player_experience":1185494,"relics_obtained":[{"floor":6.0,"key":"Pear"},{"floor":7.0,"key":"Unceasing Top"},{"floor":9.0,"key":"Bottled Tornado"},{"floor":12.0,"key":"Tiny Chest"},{"floor":14.0,"key":"Question Card"},{"floor":21.0,"key":"Blood Vial"},{"floor":24.0,"key":"Red Skull"},{"floor":26.0,"key":"Potion Belt"},{"floor":30.0,"key":"PreservedInsect"},{"floor":41.0,"key":"Oddly Smooth Stone"},{"floor":55.0,"key":"Paper Frog"}],"event_choices":[{"damage_healed":0.0,"max_hp_gain":0.0,"max_hp_loss":0.0,"gold_gain":75.0,"event_name":"World of Goop","player_choice":"Gather Gold","floor":2.0,"gold_loss":0.0,"damage_taken":11.0},{"damage_healed":0.0,"max_hp_gain":0.0,"max_hp_loss":0.0,"gold_gain":0.0,"event_name":"Scrap Ooze","player_choice":"Success","floor":3.0,"gold_loss":0.0,"damage_taken":5.0,"relics_obtained":["Pen Nib"]},{"damage_healed":0.0,"max_hp_gain":0.0,"max_hp_loss":0.0,"gold_gain":30.0,"event_name":"Dead Adventurer","player_choice":"Searched \u00272\u0027 times","floor":7.0,"gold_loss":0.0,"damage_taken":0.0},{"damage_healed":0.0,"max_hp_gain":0.0,"max_hp_loss":0.0,"gold_gain":0.0,"cards_transformed":["Twin Strike","Reckless Charge"],"event_name":"Designer","player_choice":"Transformed Cards","floor":19.0,"gold_loss":75.0,"damage_taken":0.0,"cards_obtained":["Bludgeon","Dropkick"]},{"cards_removed":["Juggernaut"],"damage_healed":0.0,"max_hp_gain":0.0,"max_hp_loss":0.0,"gold_gain":0.0,"event_name":"Falling","player_choice":"Removed Power","floor":36.0,"gold_loss":0.0,"damage_taken":0.0},{"damage_healed":0.0,"max_hp_gain":0.0,"max_hp_loss":0.0,"gold_gain":0.0,"event_name":"SensoryStone","player_choice":"Memory 1","floor":37.0,"gold_loss":0.0,"damage_taken":0.0}],"is_beta":false,"boss_relics":[{"not_picked":["Cursed Key","Coffee Dripper"],"picked":"Pandora\u0027s Box"},{"not_picked":["Calling Bell","White Beast Statue"],"picked":"Empty Cage"}],"items_purged_floors":[22,27,42,45],"is_endless":false,"potions_floor_spawned":[1,5,6,7,14,18,20,28,29,30,38,39,55],"ascension_level":20}