{"gold_per_floor":[115,190,201,201,39,66,10,39,63,92,92,92,92,92,92],"floor_reached":15,"playtime":249,"items_purged":["Strike_R"],"score":268,"play_id":"9e945421-f4aa-4174-bedf-eb807bfcb735","local_time":"20190427175429","is_ascension_mode":true,"campfire_choices":[{"data":"Armaments","floor":11.0,"key":"SMITH"}],"neow_cost":"NONE","seed_source_timestamp":203581567249426,"circlet_count":0,"master_deck":["AscendersBane","Strike_R","Strike_R","Strike_R","Defend_R","Defend_R","Defend_R","Defend_R","Bash","Entrench","Evolve","Second Wind","Armaments+1","Fiend Fire"],"special_seed":0,"relics":["Burning Blood","NeowsBlessing","Juzu Bracelet","Bronze Scales","Omamori","Blood Vial"],"potions_floor_usage":[],"damage_taken":[{"damage":0.0,"enemies":"Cultist","floor":1.0,"turns":1.0},{"damage":0.0,"enemies":"Small Slimes","floor":3.0,"turns":1.0},{"damage":0.0,"enemies":"Lagavulin","floor":6.0,"turns":1.0},{"damage":55.0,"enemies":"Gremlin Nob","floor":8.0,"turns":5.0},{"damage":27.0,"enemies":"3 Sentries","floor":10.0,"turns":8.0}],"seed_played":"5250432587141482284","potions_obtained":[{"floor":6.0,"key":"LiquidBronze"}],"is_trial":false,"path_per_floor":["M","?","M","?","$","E","$","E","T","E","R","?","?","?","R"],"character_chosen":"IRONCLAD","items_purchased":["Evolve","Strength Potion"],"campfire_rested":0,"item_purchase_floors":[5,7],"current_hp_per_floor":[74,63,69,74,74,80,80,31,31,10,10,10,3,3,3],"gold":92,"neow_bonus":"THREE_ENEMY_KILL","is_prod":false,"is_daily":false,"chose_seed":false,"campfire_upgraded":1,"win_rate":0,"timestamp":1556358869,"path_taken":["M","?","M","?","$","E","$","E","T","E","R","?","?","?","R"],"build_version":"2019-01-23","purchased_purges":1,"victory":false,"max_hp_per_floor":[75,75,75,80,80,80,80,80,80,80,80,80,80,80,80],"card_choices":[{"not_picked":["Perfected Strike","Clothesline"],"picked":"Entrench","floor":1.0},{"not_picked":["True Grit","Rampage"],"picked":"Inflame","floor":3.0},{"not_picked":["Body Slam","Heavy Blade"],"picked":"Second Wind","floor":6.0},{"not_picked":["Clash","Perfected Strike"],"picked":"Armaments","floor":8.0},{"not_picked":["Evolve","Rupture","Entrench"],"picked":"SKIP","floor":10.0}],"player_experience":1749189,"relics_obtained":[{"floor":6.0,"key":"Juzu Bracelet"},{"floor":8.0,"key":"Bronze Scales"},{"floor":9.0,"key":"Omamori"},{"floor":10.0,"key":"Blood Vial"}],"event_choices":[{"damage_healed":0.0,"max_hp_gain":0.0,"max_hp_loss":0.0,"gold_gain":75.0,"event_name":"World of Goop","player_choice":"Gather Gold","floor":2.0,"gold_loss":0.0,"damage_taken":11.0},{"damage_healed":0.0,"max_hp_gain":5.0,"max_hp_loss":0.0,"gold_gain":0.0,"event_name":"Big Fish","player_choice":"Donut","floor":4.0,"gold_loss":0.0,"damage_taken":0.0},{"damage_healed":0,"gold_gain":0,"cards_transformed":["Inflame"],"player_choice":"Change","damage_taken":0,"max_hp_gain":0,"max_hp_loss":0,"event_name":"Living Wall","floor":12,"gold_loss":0,"cards_obtained":["Fiend Fire"]},{"cards_removed":["Strike_R"],"damage_healed":0,"gold_gain":0,"player_choice":"Card Removal","damage_taken":7,"max_hp_gain":0,"max_hp_loss":0,"event_name":"Golden Wing","floor":13,"gold_loss":0},{"damage_healed":0,"gold_gain":0,"player_choice":"Ignored","damage_taken":0,"max_hp_gain":0,"max_hp_loss":0,"event_name":"Shining Light","floor":14,"gold_loss":0}],"is_beta":false,"boss_relics":[],"items_purged_floors":[5],"is_endless":false,"potions_floor_spawned":[6],"ascension_level":20}