{"gold_per_floor":[114,214,214,164,180,206,206,206,231,231,231,246,276,292,292,391,391,391,391,346,346,162,162,162],"floor_reached":24,"playtime":2493,"items_purged":["Strike_B"],"score":309,"play_id":"b5b0f715-cd52-4b85-bd32-36bc1fc78c1a","local_time":"20180803172335","is_ascension_mode":true,"campfire_choices":[{"data":"Zap","floor":7,"key":"SMITH"},{"data":"Streamline","floor":11,"key":"SMITH"},{"data":"Consume","floor":15,"key":"SMITH"},{"floor":23,"key":"REST"}],"neow_cost":"NONE","seed_source_timestamp":16826039768858,"circlet_count":0,"master_deck":["Strike_B","Strike_B","Defend_B","Defend_B","Defend_B+1","Defend_B","Zap+1","Dualcast","Rebound","Streamline+1","Go for the Eyes+1","Consume+1","Cold Snap","Echo Form","Ball Lightning","Barrage+1","Conserve Battery","Capacitor"],"relics":["Cracked Core","NeowsBlessing","Unceasing Top","Vajra","Pen Nib","Sundial","Ectoplasm"],"potions_floor_usage":[16,18,20,24],"damage_taken":[{"damage":0,"enemies":"Cultist","floor":1,"turns":1},{"damage":0,"enemies":"Small Slimes","floor":5,"turns":1},{"damage":0,"enemies":"Gremlin Nob","floor":6,"turns":1},{"damage":1,"enemies":"Jaw Worm","floor":12,"turns":2},{"damage":17,"enemies":"Lagavulin","floor":13,"turns":5},{"damage":0,"enemies":"Looter","floor":14,"turns":2},{"damage":6,"enemies":"Hexaghost","floor":16,"turns":9},{"damage":12,"enemies":"3 Byrds","floor":18,"turns":3},{"damage":25,"enemies":"2 Thieves","floor":20,"turns":3},{"damage":19,"enemies":"Centurion and Healer","floor":21,"turns":5},{"damage":63,"enemies":"Cultist and Chosen","floor":24,"turns":5}],"seed_played":"6647974527268005072","potions_obtained":[{"floor":5,"key":"Weak Potion"},{"floor":6,"key":"Fruit Juice"},{"floor":10,"key":"LiquidBronze"},{"floor":20,"key":"AttackPotion"},{"floor":21,"key":"FearPotion"}],"is_trial":false,"path_per_floor":["M","?","?","?","M","E","R","?","T","?","R","M","E","M","R","B",null,"M","?","M","M","$","R"],"character_chosen":"DEFECT","items_purchased":["Capacitor","Regen Potion"],"campfire_rested":1,"item_purchase_floors":[22,22],"current_hp_per_floor":[68,68,65,65,65,65,65,50,50,50,50,49,32,32,32,31,68,56,56,31,12,12,36,0],"gold":162,"neow_bonus":"THREE_ENEMY_KILL","is_prod":false,"is_daily":false,"chose_seed":false,"campfire_upgraded":3,"win_rate":0,"timestamp":1533327815,"path_taken":["M","?","?","?","M","E","R","?","T","?","R","?","E","M","R","BOSS","M","?","M","?","$","R","?"],"build_version":"2018-07-12","purchased_purges":1,"victory":false,"max_hp_per_floor":[75,75,75,75,75,75,75,75,75,75,75,75,75,75,75,80,80,80,80,80,80,80,80,80],"card_choices":[{"not_picked":["Rebound","Hello World","Static Discharge"],"picked":"SKIP","floor":1},{"not_picked":["Hello World","Static Discharge"],"picked":"Rebound","floor":1},{"not_picked":["Go for the Eyes","Leap"],"picked":"Streamline","floor":5},{"not_picked":["Genetic Algorithm","Reboot"],"picked":"Go for the Eyes","floor":6},{"not_picked":["Stack","Steam"],"picked":"Consume","floor":12},{"not_picked":["Skim","Gash","Stack"],"picked":"SKIP","floor":13},{"not_picked":["Consume","BootSequence"],"picked":"Cold Snap","floor":14},{"not_picked":["Rainbow","Thunder Strike"],"picked":"Echo Form","floor":16},{"not_picked":["Steam","Gash"],"picked":"Ball Lightning","floor":18},{"not_picked":["Lockon","Rebound"],"picked":"Barrage+1","floor":20},{"not_picked":["Glacier","Hologram"],"picked":"Conserve Battery","floor":21}],"player_experience":445166,"relics_obtained":[{"floor":6,"key":"Vajra"},{"floor":9,"key":"Pen Nib"},{"floor":13,"key":"Sundial"}],"event_choices":[{"event_name":"Golden Shrine","player_choice":"Pray","floor":2,"damage_taken":0},{"event_name":"Scrap Ooze","player_choice":"success","floor":3,"damage_taken":3},{"event_name":"The Cleric","player_choice":"Card Removal","floor":4,"damage_taken":0},{"event_name":"Shining Light","player_choice":"Entered Light","floor":8,"damage_taken":0},{"event_name":"The Lab","player_choice":"Got Potions","floor":10,"damage_taken":0},{"event_name":"Drug Dealer","player_choice":"Ignored","floor":19,"damage_taken":0}],"boss_relics":[{"not_picked":["Black Star","Nuclear Battery"],"picked":"Ectoplasm"}],"items_purged_floors":[22],"is_endless":false,"potions_floor_spawned":[5,6,20,21],"killed_by":"Cultist and Chosen","ascension_level":7}