{"gold_per_floor":[112,187,187,187,206,234,250,250,250,264,264,264,298,298],"floor_reached":14,"playtime":418,"items_purged":[],"score":113,"play_id":"a4faaf52-994b-42e1-a115-52b6e93a404d","local_time":"20180731223455","is_ascension_mode":true,"campfire_choices":[{"data":"Iron Wave","floor":8,"key":"SMITH"},{"floor":12,"key":"REST"}],"neow_cost":"","seed_source_timestamp":164123318516920,"circlet_count":0,"master_deck":["Strike_B","Strike_B","Strike_B","Defend_B","Defend_B","Defend_B","Defend_B","Zap","Dualcast","Iron Wave+1","Beam Cell","Hologram","Leap","Electrodynamics"],"relics":["Cracked Core","Smiling Mask","Kunai","Gremlin Horn","Symbiotic Virus"],"potions_floor_usage":[13],"damage_taken":[{"damage":2,"enemies":"Jaw Worm","floor":1,"turns":3},{"damage":0,"enemies":"Small Slimes","floor":5,"turns":3},{"damage":32,"enemies":"Gremlin Nob","floor":6,"turns":4},{"damage":1,"enemies":"Cultist","floor":7,"turns":3},{"damage":15,"enemies":"Large Slime","floor":10,"turns":7},{"damage":27,"enemies":"Lagavulin","floor":13,"turns":7},{"damage":5,"enemies":"Gremlin Gang","floor":14,"turns":3}],"seed_played":"-2052880108809611077","potions_obtained":[{"floor":5,"key":"Ancient Potion"}],"is_trial":false,"path_per_floor":["M","?","?","?","M","E","M","R","T","M","T","R","E"],"character_chosen":"DEFECT","items_purchased":[],"campfire_rested":1,"item_purchase_floors":[],"current_hp_per_floor":[73,62,62,55,55,23,22,22,22,7,7,29,2,0],"gold":298,"neow_bonus":"","is_prod":false,"is_daily":false,"chose_seed":false,"campfire_upgraded":1,"win_rate":0,"timestamp":1533094495,"path_taken":["M","?","?","?","M","E","M","R","T","M","?","R","E","M"],"build_version":"2018-07-30","purchased_purges":0,"victory":false,"max_hp_per_floor":[75,75,75,75,75,75,75,75,75,75,75,75,75,75],"card_choices":[{"not_picked":["Barrage","Sunder"],"picked":"Gash","floor":1},{"not_picked":["Redo","Sweeping Beam"],"picked":"Beam Cell","floor":5},{"not_picked":["Lockon","Sunder"],"picked":"Hologram","floor":6},{"not_picked":["Streamline","Scrape"],"picked":"Leap","floor":7},{"not_picked":["Scrape","Force Field","Lockon"],"picked":"SKIP","floor":10},{"not_picked":["Lockon","Meteor Strike"],"picked":"Electrodynamics","floor":13}],"player_experience":234922,"relics_obtained":[{"floor":6,"key":"Smiling Mask"},{"floor":9,"key":"Kunai"},{"floor":11,"key":"Gremlin Horn"},{"floor":13,"key":"Symbiotic Virus"}],"event_choices":[{"event_name":"World of Goop","player_choice":"Gather Gold","floor":2,"damage_taken":0},{"event_name":"NoteForYourself","player_choice":"Took Card","floor":3,"damage_taken":0},{"event_name":"Golden Wing","player_choice":"Card Removal","floor":4,"damage_taken":0}],"is_beta":true,"boss_relics":[],"items_purged_floors":[],"is_endless":false,"potions_floor_spawned":[5],"killed_by":"Gremlin Gang","ascension_level":3}