{"gold_per_floor":[113,127,141,158,158,158,193,193,218,245,261,289,31,44,44,144,144,158,158,175,19,29,56,56,56],"floor_reached":25,"playtime":1131,"items_purged":["Strike_B"],"score":362,"play_id":"f5f77483-0ee1-454d-a12d-59834f173db8","local_time":"20180803162120","is_ascension_mode":true,"campfire_choices":[{"floor":6,"key":"REST"},{"floor":8,"key":"REST"},{"floor":15,"key":"REST"},{"floor":24,"key":"REST"}],"neow_cost":"NONE","seed_source_timestamp":14454366382075,"circlet_count":0,"master_deck":["Strike_B","Strike_B","Strike_B","Defend_B+1","Defend_B+1","Defend_B","Defend_B","Zap+1","Dualcast","Darkness","Conserve Battery","Go for the Eyes+1","Hyperbeam","White Noise","Loop","Leap","Glacier","Sunder","BootSequence","Fission","FTL+1","Melter+1","Capacitor","Buffer","Redo+1"],"relics":["FrozenCore","War Paint","Bronze Scales","Pen Nib","Pear","Happy Flower","Bag of Preparation"],"potions_floor_usage":[10,23,25],"damage_taken":[{"damage":1,"enemies":"Cultist","floor":1,"turns":3},{"damage":0,"enemies":"Small Slimes","floor":2,"turns":3},{"damage":0,"enemies":"2 Louse","floor":3,"turns":2},{"damage":32,"enemies":"Large Slime","floor":4,"turns":5},{"damage":31,"enemies":"3 Sentries","floor":7,"turns":9},{"damage":12,"enemies":"Gremlin Nob","floor":10,"turns":4},{"damage":9,"enemies":"3 Louse","floor":11,"turns":2},{"damage":24,"enemies":"3 Sentries","floor":12,"turns":6},{"damage":0,"enemies":"Looter","floor":14,"turns":3},{"damage":16,"enemies":"The Guardian","floor":16,"turns":12},{"damage":0,"enemies":"2 Thieves","floor":18,"turns":1},{"damage":13,"enemies":"Chosen","floor":20,"turns":7},{"damage":21,"enemies":"Centurion and Healer","floor":22,"turns":8},{"damage":0,"enemies":"Book of Stabbing","floor":23,"turns":7},{"damage":70,"enemies":"Gremlin Leader","floor":25,"turns":8}],"seed_played":"-5701681327388435913","potions_obtained":[{"floor":2,"key":"FocusPotion"},{"floor":7,"key":"Weak Potion"},{"floor":10,"key":"Ancient Potion"},{"floor":14,"key":"AttackPotion"},{"floor":23,"key":"Ancient Potion"}],"is_trial":false,"path_per_floor":["M","M","M","M","?","R","E","R","T","E","M","E","$","M","R","B",null,"M","?","M","$","M","E","R"],"character_chosen":"DEFECT","items_purchased":["Glacier","Happy Flower","Sunder","Capacitor"],"campfire_rested":4,"item_purchase_floors":[13,13,13,21],"current_hp_per_floor":[67,67,67,35,35,57,26,48,48,36,27,13,13,13,38,22,69,69,69,56,56,35,35,60,0],"gold":56,"neow_bonus":"UPGRADE_CARD","is_prod":false,"is_daily":false,"chose_seed":false,"campfire_upgraded":0,"win_rate":0,"timestamp":1533324080,"path_taken":["M","M","M","M","?","R","E","R","T","E","M","E","$","M","R","BOSS","M","?","M","$","M","E","R","E"],"build_version":"2018-07-12","purchased_purges":1,"victory":false,"max_hp_per_floor":[75,75,75,75,75,75,75,75,75,75,75,85,85,85,85,85,85,85,85,85,85,85,85,85,85],"card_choices":[{"not_picked":["Steam","Hologram"],"picked":"Darkness","floor":1},{"not_picked":["Blizzard","Double Energy","Scrape"],"picked":"SKIP","floor":2},{"not_picked":["Beam Cell","Steam"],"picked":"Conserve Battery","floor":3},{"not_picked":["Rebound","Barrage"],"picked":"Go for the Eyes","floor":4},{"not_picked":["Rip and Tear","Aggregate"],"picked":"Hyperbeam","floor":7},{"not_picked":["Blizzard","Rebound"],"picked":"White Noise","floor":10},{"not_picked":["Turbo","Streamline"],"picked":"Loop","floor":11},{"not_picked":["Steam","Hologram"],"picked":"Leap","floor":12},{"not_picked":["Barrage","Sweeping Beam"],"picked":"BootSequence","floor":14},{"not_picked":["Creative AI","Meteor Strike"],"picked":"Fission","floor":16},{"not_picked":["Ball Lightning","Redo+1"],"picked":"FTL+1","floor":18},{"not_picked":["Streamline","Static Discharge"],"picked":"Melter+1","floor":20},{"not_picked":["Compile Driver","Rebound"],"picked":"Buffer","floor":22},{"not_picked":["Stack","Blizzard"],"picked":"Redo+1","floor":23}],"player_experience":442844,"relics_obtained":[{"floor":7,"key":"War Paint"},{"floor":9,"key":"Bronze Scales"},{"floor":10,"key":"Pen Nib"},{"floor":12,"key":"Pear"},{"floor":23,"key":"Bag of Preparation"}],"event_choices":[{"event_name":"Living Wall","player_choice":"Grow","floor":5,"damage_taken":0},{"event_name":"Vampires","player_choice":"Ignored","floor":19,"damage_taken":0}],"boss_relics":[{"not_picked":["Calling Bell","Tiny House"],"picked":"FrozenCore"}],"items_purged_floors":[21],"is_endless":false,"potions_floor_spawned":[2,7,10,14,23],"killed_by":"Gremlin Leader","ascension_level":7}