{"gold_per_floor":[115,40,58,133,143,143,143,143,211,211,211,211],"floor_reached":12,"playtime":248,"items_purged":["Shame"],"score":132,"play_id":"ec1ac776-f104-497b-bda4-a036c2eaeefd","local_time":"20190322170732","is_ascension_mode":true,"campfire_choices":[{"data":"Immolate","floor":7.0,"key":"SMITH"},{"data":"Havoc","floor":10.0,"key":"SMITH"}],"neow_cost":"CURSE","seed_source_timestamp":627816722591282,"circlet_count":0,"master_deck":["AscendersBane","Strike_R","Strike_R","Strike_R","Defend_R","Defend_R","Defend_R","Defend_R","Bash","Demon Form","Flex","Havoc+1","Immolate+1","Dark Embrace"],"special_seed":0,"relics":["Burning Blood","Mercury Hourglass"],"potions_floor_usage":[],"damage_taken":[{"damage":17.0,"enemies":"Cultist","floor":1.0,"turns":5.0},{"damage":19.0,"enemies":"Jaw Worm","floor":3.0,"turns":4.0},{"damage":19.0,"enemies":"Small Slimes","floor":5.0,"turns":5.0},{"damage":51,"enemies":"Gremlin Nob","floor":12,"turns":3}],"seed_played":"-3634215756715126292","potions_obtained":[],"is_trial":false,"path_per_floor":["M","$","M","?","M","?","R","?","T","R","?","E"],"character_chosen":"IRONCLAD","items_purchased":[],"campfire_rested":0,"item_purchase_floors":[],"current_hp_per_floor":[57,57,44,33,20,13,13,13,13,13,13,0],"gold":211,"neow_bonus":"THREE_RARE_CARDS","is_prod":false,"is_daily":false,"chose_seed":false,"campfire_upgraded":2,"win_rate":0,"timestamp":1553245652,"path_taken":["M","$","?","?","M","?","R","?","T","R","?","E"],"build_version":"2019-01-23","purchased_purges":1,"victory":false,"max_hp_per_floor":[75,75,75,75,75,75,75,75,75,75,75,75],"card_choices":[{"not_picked":["Juggernaut","Berserk"],"picked":"Demon Form","floor":0.0},{"not_picked":["Warcry","Rampage"],"picked":"Flex","floor":1.0},{"not_picked":["Flame Barrier","Thunderclap"],"picked":"Havoc","floor":3.0},{"not_picked":["Seeing Red","Twin Strike"],"picked":"Immolate","floor":5.0}],"player_experience":1339697,"relics_obtained":[{"floor":9.0,"key":"Mercury Hourglass"}],"event_choices":[{"damage_healed":0.0,"max_hp_gain":0.0,"max_hp_loss":0.0,"gold_gain":75.0,"event_name":"World of Goop","player_choice":"Gather Gold","floor":4.0,"gold_loss":0.0,"damage_taken":11.0},{"cards_removed":["Strike_R"],"damage_healed":0.0,"max_hp_gain":0.0,"max_hp_loss":0.0,"gold_gain":0.0,"event_name":"Golden Wing","player_choice":"Card Removal","floor":6.0,"gold_loss":0.0,"damage_taken":7.0},{"damage_healed":0.0,"max_hp_gain":0.0,"max_hp_loss":0.0,"gold_gain":0.0,"event_name":"Shining Light","player_choice":"Ignored","floor":8.0,"gold_loss":0.0,"damage_taken":0.0},{"damage_healed":0,"gold_gain":0,"cards_transformed":["Strike_R"],"player_choice":"Transformed","damage_taken":0,"max_hp_gain":0,"max_hp_loss":0,"event_name":"Transmorgrifier","floor":11,"gold_loss":0,"cards_obtained":["Dark Embrace"]}],"is_beta":false,"boss_relics":[],"items_purged_floors":[2],"is_endless":false,"potions_floor_spawned":[],"killed_by":"Gremlin Nob","ascension_level":20}