{"path_per_floor":["M","M","?","M","M","E","M","M","T","M","R","E","?","M","R","B",null,"M","?","?","M","?","R","M","M","T","E","M","R","E","M","R","B",null,"M","?","M","M","$","E","M","R","T","?","E","M","?","M","R","B"],"character_chosen":"IRONCLAD","items_purchased":["Offering","Finesse","Thinking Ahead","Letter Opener","Bottled Lightning"],"gold_per_floor":[144,189,189,234,279,369,414,459,459,504,504,594,594,639,639,939,939,984,984,984,1029,1029,1029,1074,1119,1144,1234,1279,1279,1369,1414,1414,1714,1714,1759,1759,1804,1849,898,988,1033,1033,1033,1033,1123,1168,1288,1333,1333,1333],"floor_reached":51,"campfire_rested":7,"playtime":2417,"item_purchase_floors":[39,39,39,39,39],"current_hp_per_floor":[90,90,72,78,84,55,61,67,67,73,90,90,90,90,90,89,90,90,84,84,90,90,90,90,90,90,90,90,90,92,92,92,64,94,94,94,94,94,94,94,101,101,101,101,101,101,117,117,117,86],"items_purged":["Strike_R+1"],"gold":1333,"score":1290,"play_id":"f527a472-3dd7-4ec7-a158-dcd8104afdf4","local_time":"20180624093805","daily_mods":["Heirloom","Midas","Vintage"],"is_prod":false,"is_daily":true,"chose_seed":false,"is_ascension_mode":false,"campfire_upgraded":0,"win_rate":0,"timestamp":1529851085,"campfire_choices":[{"floor":11,"key":"REST"},{"floor":15,"key":"REST"},{"floor":23,"key":"REST"},{"floor":29,"key":"REST"},{"floor":32,"key":"REST"},{"floor":42,"key":"REST"},{"floor":49,"key":"REST"}],"path_taken":["M","M","?","M","?","E","M","M","T","M","R","E","?","M","R","BOSS","M","?","?","M","?","R","M","M","T","E","M","R","E","M","R","BOSS","M","?","M","M","$","E","M","R","T","?","E","?","?","M","R","BOSS"],"build_version":"2018-06-21","seed_source_timestamp":0,"purchased_purges":1,"circlet_count":0,"victory":true,"master_deck":["Strike_R+1","Defend_R+1","Defend_R+1","Defend_R+1","Defend_R+1","Metallicize+1","Bludgeon+1","True Grit+1","Ghostly Armor+1","RitualDagger+1","Reckless Charge+1","Body Slam+1","Warcry","Barricade","Warcry","Twin Strike+1","Clash+1","Rupture","Body Slam+1","Offering","Finesse","Thinking Ahead","Exhume","Thunderclap+1","Dual Wield","Entrench+1"],"max_hp_per_floor":[90,90,90,90,90,90,90,90,90,90,90,90,90,90,90,90,90,90,90,90,90,90,90,90,90,90,90,90,90,92,92,92,92,94,94,94,94,94,94,94,101,101,101,101,101,101,117,117,117,117],"special_seed":17706,"relics":["Burning Blood","Red Skull","Pear","Whetstone","Mummified Hand","Orichalcum","War Paint","Pen Nib","Molten Egg 2","Paper Frog","Lantern","Bag of Preparation","Blood Vial","Ornamental Fan","Astrolabe","Bag of Marbles","Thread and Needle","Oddly Smooth Stone","Singing Bowl","Happy Flower","Ginger","Meat on the Bone","Ancient Tea Set","Dream Catcher","Charon\u0027s Ashes","Orrery","Blue Candle","Turnip","Omamori","Kunai","Letter Opener","Bottled Lightning","Regal Pillow","Strawberry","Pantograph","Question Card","Shuriken","Mango","Darkstone Periapt"],"card_choices":[{"not_picked":["Power Through","Clash"],"picked":"Metallicize","floor":6},{"not_picked":["Cleave+1","Clothesline+1","Power Through"],"picked":"SKIP","floor":12},{"not_picked":["Limit Break","Juggernaut"],"picked":"Bludgeon+1","floor":16},{"not_picked":["Searing Blow+1","Armaments+1"],"picked":"Body Slam+1","floor":27},{"not_picked":["Clothesline+1","Pummel+1","Shrug It Off"],"picked":"Singing Bowl","floor":30},{"not_picked":["Infernal Blade","Armaments"],"picked":"Warcry","floor":32},{"not_picked":["Feed+1","Reaper+1"],"picked":"Barricade","floor":33},{"not_picked":["Armaments","Carnage+1"],"picked":"Warcry","floor":34},{"not_picked":["Sever Soul+1","Clash+1"],"picked":"Twin Strike+1","floor":34},{"not_picked":["Heavy Blade+1","Intimidate"],"picked":"Clash+1","floor":34},{"not_picked":["Twin Strike+1","Warcry"],"picked":"Rupture","floor":34},{"not_picked":["Twin Strike+1","Carnage+1","Combust"],"picked":"Singing Bowl","floor":34},{"not_picked":["Dropkick+1","Havoc"],"picked":"Body Slam+1","floor":36},{"not_picked":["Uppercut+1","Brutality"],"picked":"Exhume","floor":40},{"not_picked":["Pummel+1","Clothesline+1"],"picked":"Thunderclap+1","floor":42},{"not_picked":["True Grit","Anger+1"],"picked":"Dual Wield","floor":45},{"not_picked":["Clothesline+1","True Grit","Iron Wave+1","Shockwave"],"picked":"Singing Bowl","floor":47},{"not_picked":["Havoc","Evolve","Sword Boomerang+1"],"picked":"Entrench+1","floor":49}],"player_experience":216965,"potions_floor_usage":[12,16,16,33,33,36,46,50,50,50],"damage_taken":[{"damage":0,"enemies":"Small Slimes","floor":1,"turns":4},{"damage":5,"enemies":"2 Louse","floor":2,"turns":3},{"damage":0,"enemies":"Cultist","floor":4,"turns":4},{"damage":0,"enemies":"Blue Slaver","floor":5,"turns":4},{"damage":35,"enemies":"Lagavulin","floor":6,"turns":6},{"damage":0,"enemies":"2 Fungi Beasts","floor":7,"turns":4},{"damage":0,"enemies":"Red Slaver","floor":8,"turns":5},{"damage":0,"enemies":"Large Slime","floor":10,"turns":5},{"damage":0,"enemies":"3 Sentries","floor":12,"turns":6},{"damage":0,"enemies":"Exordium Thugs","floor":14,"turns":5},{"damage":7,"enemies":"Slime Boss","floor":16,"turns":13},{"damage":0,"enemies":"2 Thieves","floor":18,"turns":5},{"damage":0,"enemies":"3 Byrds","floor":21,"turns":4},{"damage":0,"enemies":"Cultist and Chosen","floor":24,"turns":5},{"damage":0,"enemies":"3 Cultists","floor":25,"turns":5},{"damage":1,"enemies":"Slavers","floor":27,"turns":7},{"damage":0,"enemies":"Chosen and Byrds","floor":28,"turns":4},{"damage":0,"enemies":"Gremlin Leader","floor":30,"turns":4},{"damage":0,"enemies":"Centurion and Healer","floor":31,"turns":4},{"damage":34,"enemies":"Champ","floor":33,"turns":5},{"damage":0,"enemies":"Orb Walker","floor":35,"turns":3},{"damage":0,"floor":36,"turns":1},{"damage":0,"enemies":"Flame Bruiser 1 Orb","floor":37,"turns":2},{"damage":0,"enemies":"4 Shapes","floor":38,"turns":4},{"damage":4,"enemies":"Nemesis","floor":40,"turns":7},{"damage":4,"enemies":"3 Darklings","floor":41,"turns":2},{"damage":4,"enemies":"Giant Head","floor":45,"turns":5},{"damage":4,"enemies":"Spire Growth","floor":46,"turns":4},{"damage":6,"floor":47,"turns":2},{"damage":4,"enemies":"4 Shapes","floor":48,"turns":2},{"damage":37,"enemies":"Time Eater","floor":50,"turns":10}],"relics_obtained":[{"floor":1,"key":"Pear"},{"floor":2,"key":"Whetstone"},{"floor":4,"key":"Mummified Hand"},{"floor":5,"key":"Orichalcum"},{"floor":6,"key":"War Paint"},{"floor":7,"key":"Pen Nib"},{"floor":8,"key":"Molten Egg 2"},{"floor":9,"key":"Paper Frog"},{"floor":10,"key":"Lantern"},{"floor":12,"key":"Bag of Preparation"},{"floor":14,"key":"Blood Vial"},{"floor":16,"key":"Ornamental Fan"},{"floor":18,"key":"Bag of Marbles"},{"floor":21,"key":"Thread and Needle"},{"floor":24,"key":"Oddly Smooth Stone"},{"floor":25,"key":"Singing Bowl"},{"floor":26,"key":"Happy Flower"},{"floor":27,"key":"Ginger"},{"floor":28,"key":"Meat on the Bone"},{"floor":30,"key":"Ancient Tea Set"},{"floor":31,"key":"Dream Catcher"},{"floor":33,"key":"Charon\u0027s Ashes"},{"floor":35,"key":"Blue Candle"},{"floor":36,"key":"Turnip"},{"floor":37,"key":"Omamori"},{"floor":38,"key":"Kunai"},{"floor":40,"key":"Regal Pillow"},{"floor":41,"key":"Strawberry"},{"floor":43,"key":"Pantograph"},{"floor":45,"key":"Question Card"},{"floor":46,"key":"Shuriken"},{"floor":47,"key":"Mango"},{"floor":48,"key":"Darkstone Periapt"}],"event_choices":[{"event_name":"Shining Light","player_choice":"Entered Light","floor":3,"damage_taken":0},{"event_name":"Living Wall","player_choice":"Grow","floor":13,"damage_taken":0},{"event_name":"Nest","player_choice":"Joined the Cult","floor":19,"damage_taken":0},{"event_name":"The Library","player_choice":"Read","floor":20,"damage_taken":0},{"event_name":"Back to Basics","player_choice":"Elegance","floor":22,"damage_taken":0},{"event_name":"MindBloom","player_choice":"Fight","floor":36,"damage_taken":0},{"event_name":"Falling","player_choice":"Removed Attack","floor":44,"damage_taken":0},{"event_name":"Mysterious Sphere","player_choice":"Fight","floor":47,"damage_taken":0}],"boss_relics":[{"not_picked":["White Beast Statue","Runic Cube"],"picked":"Astrolabe"},{"not_picked":["Sozu","Black Blood"],"picked":"Orrery"}],"items_purged_floors":[39],"is_endless":false,"potions_floor_spawned":[1,2,5,7,8,16,25,27,30,31,33,35,38,40,41,46],"seed_played":"1648767843045410124","ascension_level":0,"potions_obtained":[{"floor":1,"key":"Ancient Potion"},{"floor":2,"key":"Energy Potion"},{"floor":5,"key":"Explosive Potion"},{"floor":7,"key":"GamblersBrew"},{"floor":16,"key":"FearPotion"},{"floor":25,"key":"GamblersBrew"},{"floor":27,"key":"LiquidBronze"},{"floor":31,"key":"Energy Potion"},{"floor":33,"key":"Fire Potion"},{"floor":35,"key":"Fire Potion"},{"floor":38,"key":"Ancient Potion"},{"floor":40,"key":"Energy Potion"},{"floor":46,"key":"EssenceOfSteel"}],"is_trial":false}