{"gold_per_floor":[212,212,232,251,261,291,305,332,413,260,260,260,295,306,306,411,411,425,444,464,477,87,87],"floor_reached":23,"playtime":1335,"items_purged":[],"score":345,"play_id":"e87e3024-279b-4603-baa3-c0b9660618b2","local_time":"20181219184044","is_ascension_mode":true,"campfire_choices":[{"data":"Inflame","floor":11,"key":"SMITH"},{"data":"Pommel Strike","floor":15,"key":"SMITH"}],"neow_cost":"NONE","seed_source_timestamp":542636403890205,"circlet_count":0,"master_deck":["Strike_R","Strike_R","Strike_R","Strike_R+1","Strike_R","Defend_R","Defend_R","Defend_R","Defend_R+1","Bash","Uppercut","Ghostly Armor","Seeing Red","Iron Wave","Pommel Strike","Flex","Metallicize","Pommel Strike+1","Inflame+1","Pummel","Pommel Strike","Feed","Rage","Shrug It Off","Iron Wave","Dropkick+1","Spot Weakness"],"relics":["Burning Blood","Matryoshka","Mummified Hand","Omamori","Sundial","Pen Nib","Black Star","Ginger"],"potions_floor_usage":[6,8,13,16,20,20],"damage_taken":[{"damage":4,"enemies":"Jaw Worm","floor":1,"turns":4},{"damage":1,"enemies":"2 Louse","floor":3,"turns":3},{"damage":1,"enemies":"Small Slimes","floor":4,"turns":3},{"damage":3,"enemies":"Blue Slaver","floor":5,"turns":4},{"damage":21,"enemies":"Gremlin Nob","floor":6,"turns":4},{"damage":5,"enemies":"Gremlin Gang","floor":7,"turns":6},{"damage":12,"enemies":"3 Sentries","floor":8,"turns":10},{"damage":12,"enemies":"Lagavulin","floor":13,"turns":5},{"damage":10,"enemies":"2 Fungi Beasts","floor":14,"turns":3},{"damage":0,"enemies":"Slime Boss","floor":16,"turns":7},{"damage":13,"enemies":"Spheric Guardian","floor":18,"turns":4},{"damage":5,"enemies":"Chosen","floor":19,"turns":5},{"damage":37,"enemies":"Snake Plant","floor":20,"turns":3},{"damage":18,"enemies":"Centurion and Healer","floor":21,"turns":5},{"damage":35,"enemies":"Gremlin Leader","floor":23,"turns":2}],"seed_played":"-3636203209585634054","potions_obtained":[{"floor":1,"key":"LiquidBronze"},{"floor":3,"key":"SkillPotion"},{"floor":5,"key":"AttackPotion"},{"floor":14,"key":"Explosive Potion"},{"floor":19,"key":"Regen Potion"},{"floor":21,"key":"Explosive Potion"}],"is_trial":false,"path_per_floor":["M","?","M","M","M","E","M","E","T","$","R","?","E","M","R","B",null,"M","M","M","M","$","E"],"character_chosen":"IRONCLAD","items_purchased":["Pommel Strike","Inflame","Explosive Potion","Spot Weakness","Ginger"],"campfire_rested":0,"item_purchase_floors":[10,10,10,22,22],"current_hp_per_floor":[74,58,63,68,71,56,57,51,51,51,51,51,45,41,41,47,72,68,69,43,34,34,0],"gold":87,"neow_bonus":"HUNDRED_GOLD","is_prod":false,"is_daily":false,"chose_seed":false,"campfire_upgraded":2,"win_rate":0,"timestamp":1545262844,"path_taken":["M","?","M","M","M","E","M","E","T","$","R","?","E","M","R","BOSS","M","M","M","M","$","E"],"build_version":"2018-12-13","purchased_purges":0,"victory":false,"max_hp_per_floor":[80,80,80,80,80,80,80,80,80,80,80,80,80,80,80,80,80,83,83,83,86,86,86],"card_choices":[{"not_picked":["Metallicize","Heavy Blade"],"picked":"Uppercut","floor":1},{"not_picked":["True Grit","Feel No Pain"],"picked":"Ghostly Armor","floor":3},{"not_picked":["Cleave","Anger"],"picked":"Seeing Red","floor":4},{"not_picked":["Anger","Inflame"],"picked":"Iron Wave","floor":5},{"not_picked":["Havoc","Fiend Fire"],"picked":"Pommel Strike","floor":6},{"not_picked":["Second Wind","Thunderclap"],"picked":"Flex","floor":7},{"not_picked":["Armaments","Bloodletting"],"picked":"Metallicize","floor":8},{"not_picked":["True Grit","Cleave"],"picked":"Pummel","floor":13},{"not_picked":["Corruption","Cleave"],"picked":"Pommel Strike","floor":14},{"not_picked":["Brutality","Impervious"],"picked":"Feed","floor":16},{"not_picked":["Wild Strike","Perfected Strike"],"picked":"Rage","floor":18},{"not_picked":["Headbutt+1","Carnage+1"],"picked":"Shrug It Off","floor":19},{"not_picked":["Twin Strike","Wild Strike"],"picked":"Iron Wave","floor":20},{"not_picked":["Rage","Flex+1"],"picked":"Dropkick+1","floor":21}],"player_experience":152831,"relics_obtained":[{"floor":6,"key":"Matryoshka"},{"floor":8,"key":"Mummified Hand"},{"floor":9,"key":"Omamori"},{"floor":9,"key":"Sundial"},{"floor":13,"key":"Pen Nib"}],"event_choices":[{"damage_healed":0,"gold_gain":0,"player_choice":"Entered Light","damage_taken":16,"max_hp_gain":0,"max_hp_loss":0,"event_name":"Shining Light","floor":2,"gold_loss":0,"cards_upgraded":["Strike_R","Defend_R"]},{"damage_healed":0,"gold_gain":0,"player_choice":"Ignored","damage_taken":0,"max_hp_gain":0,"max_hp_loss":0,"event_name":"Liars Game","floor":12,"gold_loss":0}],"is_beta":false,"boss_relics":[{"not_picked":["Velvet Choker","Empty Cage"],"picked":"Black Star"}],"items_purged_floors":[],"is_endless":false,"potions_floor_spawned":[1,3,5,14,19,21],"killed_by":"Gremlin Leader","ascension_level":6}