{"gold_per_floor":[218,41,41,41,57,96,96,96,96,135,135,179,179,204,204,204],"floor_reached":16,"playtime":384,"items_purged":["Strike_R"],"score":232,"play_id":"10a89d51-035f-4c3b-8509-141b0b7cac66","local_time":"20190513001342","is_ascension_mode":true,"campfire_choices":[{"data":"Armaments","floor":7,"key":"SMITH"},{"data":"Juggernaut","floor":8,"key":"SMITH"},{"data":"True Grit","floor":11,"key":"SMITH"},{"floor":13,"key":"REST"},{"data":"Bash","floor":15,"key":"SMITH"}],"neow_cost":"NONE","seed_source_timestamp":1522276945398330,"circlet_count":0,"master_deck":["AscendersBane","Strike_R","Strike_R","Strike_R","Strike_R","Defend_R+1","Defend_R","Defend_R","Defend_R","Bash+1","True Grit+1","Whirlwind+1","Armaments+1","Juggernaut+1","Disarm"],"relics":["Burning Blood","Golden Idol","WingedGreaves","Self Forming Clay","Juzu Bracelet","Dodecahedron"],"potions_floor_usage":[10,16,16],"damage_taken":[{"damage":9,"enemies":"Small Slimes","floor":1,"turns":4},{"damage":7,"enemies":"Jaw Worm","floor":5,"turns":4},{"damage":20,"enemies":"Lagavulin","floor":6,"turns":10},{"damage":4,"enemies":"3 Sentries","floor":10,"turns":4},{"damage":25,"enemies":"Gremlin Nob","floor":12,"turns":4},{"damage":0,"enemies":"2 Louse","floor":14,"turns":3},{"damage":46,"enemies":"Slime Boss","floor":16,"turns":7}],"seed_played":"7468217662314506087","potions_obtained":[{"floor":5,"key":"Fire Potion"},{"floor":6,"key":"Dexterity Potion"},{"floor":12,"key":"Weak Potion"}],"is_trial":false,"path_per_floor":["M","$","?","?","M","E","R","R","T","E","R","E","R","M","R","B"],"character_chosen":"IRONCLAD","items_purchased":["Whirlwind","Armaments"],"campfire_rested":1,"item_purchase_floors":[2,2],"current_hp_per_floor":[65,65,42,42,41,27,27,27,27,29,29,10,30,36,36,0],"gold":204,"neow_bonus":"HUNDRED_GOLD","is_prod":false,"is_daily":false,"chose_seed":false,"campfire_upgraded":4,"win_rate":0,"timestamp":1557677622,"path_taken":["M","$","?","?","M","E","R","R","T","E","R","E","R","M","R","BOSS"],"build_version":"2019-01-23","purchased_purges":1,"victory":false,"max_hp_per_floor":[75,75,75,68,68,68,68,68,68,68,68,68,68,68,68,68],"card_choices":[{"not_picked":["Iron Wave","Shrug It Off"],"picked":"True Grit","floor":1},{"not_picked":["True Grit","Heavy Blade"],"picked":"Juggernaut","floor":5},{"not_picked":["Headbutt","Clothesline","Havoc"],"picked":"SKIP","floor":6},{"not_picked":["Intimidate","Flame Barrier","Anger"],"picked":"SKIP","floor":10},{"not_picked":["Thunderclap","Combust","Disarm"],"picked":"SKIP","floor":12},{"not_picked":["Thunderclap","Combust","Disarm"],"picked":"SKIP","floor":12},{"not_picked":["Corruption","Intimidate"],"picked":"Disarm","floor":14}],"player_experience":1946156,"relics_obtained":[{"floor":6,"key":"WingedGreaves"},{"floor":9,"key":"Self Forming Clay"},{"floor":10,"key":"Juzu Bracelet"},{"floor":12,"key":"Dodecahedron"}],"event_choices":[{"damage_healed":0,"gold_gain":0,"player_choice":"Entered Light","damage_taken":23,"max_hp_gain":0,"max_hp_loss":0,"event_name":"Shining Light","floor":3,"gold_loss":0,"cards_upgraded":["Whirlwind","Defend_R"]},{"damage_healed":0,"gold_gain":0,"player_choice":"Lose Max HP","damage_taken":0,"relics_obtained":["Golden Idol"],"max_hp_gain":0,"max_hp_loss":7,"event_name":"Golden Idol","floor":4,"gold_loss":0}],"is_beta":false,"boss_relics":[],"items_purged_floors":[2],"is_endless":false,"potions_floor_spawned":[5,6,12],"killed_by":"Slime Boss","ascension_level":20}