{"gold_per_floor":[119,119,69,88,105,137,312,312,312,341,341,25,43,43,43,139,139,149,159,24,40,40,65,65,392,392,410,320,320,339,356,356,454,454,473,473,522,538,638,668,668,688,740,177,177,193,212,227,227,227,227,227,24,53,53],"floor_reached":55,"playtime":8184,"items_purged":["Doubt","Strike_G","Strike_G","Defend_G"],"score":859,"play_id":"99fe015e-5dd6-474e-b3d6-7ebc21ba5bf1","local_time":"20190504015719","is_ascension_mode":true,"campfire_choices":[{"data":"Bane","floor":8,"key":"SMITH"},{"data":"Catalyst","floor":11,"key":"SMITH"},{"floor":15,"key":"RECALL"},{"data":"Caltrops","floor":24,"key":"SMITH"},{"data":"Dodge and Roll","floor":29,"key":"SMITH"},{"data":"Blur","floor":32,"key":"SMITH"},{"data":"Panache","floor":41,"key":"SMITH"},{"data":"After Image","floor":45,"key":"SMITH"},{"data":"Noxious Fumes","floor":49,"key":"SMITH"},{"data":"Blur","floor":52,"key":"SMITH"}],"neow_cost":"TEN_PERCENT_HP_LOSS","seed_source_timestamp":4328738962167700,"circlet_count":0,"master_deck":["Defend_G+1","Defend_G","Strike_G","Survivor+1","Neutralize","Dodge and Roll+1","Poisoned Stab","Dash+1","Crippling Poison","Bane+1","Catalyst+1","Panache+1","Blur+1","Bullet Time","Dodge and Roll+1","Swift Strike","Caltrops+1","Tools of the Trade+1","Backstab+1","Dodge and Roll","Deflect","Deadly Poison","After Image+1","A Thousand Cuts+1","Dash+1","Dodge and Roll+1","Bouncing Flask+1","Madness","Madness","Dodge and Roll+1","Blur+1","Poisoned Stab+1","Malaise","Bane+1","Noxious Fumes+1","Terror","Well Laid Plans","Footwork","Blur","Noxious Fumes"],"relics":["Ring of the Snake","Torii","FossilizedHelix","Thread and Needle","Smiling Mask","Velvet Choker","Ancient Tea Set","Centennial Puzzle","Old Coin","Astrolabe","Mango","Unceasing Top","Boot","PreservedInsect","Bronze Scales","Lantern","Incense Burner"],"potions_floor_usage":[6,16,33,33,37,47,50,50],"damage_taken":[{"damage":1,"enemies":"2 Louse","floor":1,"turns":4},{"damage":0,"enemies":"Jaw Worm","floor":4,"turns":4},{"damage":0,"enemies":"Cultist","floor":5,"turns":3},{"damage":3,"enemies":"Lagavulin","floor":6,"turns":7},{"damage":2,"enemies":"3 Sentries","floor":10,"turns":10},{"damage":0,"enemies":"Gremlin Gang","floor":13,"turns":5},{"damage":0,"enemies":"The Guardian","floor":16,"turns":13},{"damage":0,"enemies":"2 Thieves","floor":18,"turns":5},{"damage":0,"enemies":"Spheric Guardian","floor":19,"turns":6},{"damage":0,"enemies":"Snake Plant","floor":21,"turns":5},{"damage":3,"enemies":"Book of Stabbing","floor":23,"turns":5},{"damage":24,"enemies":"Gremlin Leader","floor":25,"turns":7},{"damage":0,"enemies":"Chosen and Byrds","floor":27,"turns":5},{"damage":0,"enemies":"3 Cultists","floor":30,"turns":5},{"damage":0,"enemies":"Centurion and Healer","floor":31,"turns":4},{"damage":1,"enemies":"Automaton","floor":33,"turns":9},{"damage":0,"enemies":"Orb Walker","floor":35,"turns":3},{"damage":9,"enemies":"2 Orb Walkers","floor":37,"turns":7},{"damage":0,"enemies":"3 Shapes","floor":38,"turns":4},{"damage":0,"enemies":"Mind Bloom Boss Battle","floor":39,"turns":6},{"damage":9,"enemies":"Reptomancer","floor":40,"turns":7},{"damage":0,"enemies":"Maw","floor":42,"turns":7},{"damage":0,"enemies":"Sphere and 2 Shapes","floor":46,"turns":4},{"damage":1,"enemies":"Jaw Worm Horde","floor":47,"turns":5},{"damage":0,"enemies":"4 Shapes","floor":48,"turns":8},{"damage":1,"enemies":"Time Eater","floor":50,"turns":12},{"damage":48,"enemies":"Shield and Spear","floor":54,"turns":7},{"damage":37,"enemies":"The Heart","floor":55,"turns":3}],"seed_played":"-5177990514687961734","potions_obtained":[{"floor":5,"key":"Poison Potion"},{"floor":6,"key":"Ancient Potion"},{"floor":10,"key":"Energy Potion"},{"floor":13,"key":"SkillPotion"},{"floor":18,"key":"Swift Potion"},{"floor":25,"key":"PowerPotion"},{"floor":31,"key":"Strength Potion"},{"floor":35,"key":"Dexterity Potion"},{"floor":38,"key":"SteroidPotion"},{"floor":40,"key":"FearPotion"},{"floor":46,"key":"Regen Potion"}],"is_trial":false,"path_per_floor":["M","?","$","M","M","E","?","R","T","E","R","$","M","?","R","B",null,"M","M","$","M","?","E","R","E","T","M","?","R","M","M","R","B",null,"M","?","?","M","?","E","R","M","T","$","R","M","M","M","R","B",null,"R","$","E","B"],"character_chosen":"THE_SILENT","items_purchased":["Poisoned Stab","Panache","Blur","Swift Strike","Bronze Scales","Noxious Fumes","Lantern","Terror","Energy Potion","Footwork","Blur"],"campfire_rested":0,"item_purchase_floors":[3,12,12,20,44,44,44,44,44,53,53],"current_hp_per_floor":[62,49,49,49,49,46,46,46,46,44,44,44,44,44,44,44,63,63,63,63,63,63,60,60,36,36,36,36,36,36,36,36,35,63,63,55,60,60,60,51,51,51,51,51,51,51,64,64,64,63,77,77,77,29,0],"gold":53,"neow_bonus":"ONE_RARE_RELIC","is_prod":false,"is_daily":false,"chose_seed":false,"campfire_upgraded":9,"win_rate":0,"timestamp":1556949439,"path_taken":["M","?","?","M","M","E","?","R","T","E","R","$","?","?","R","BOSS","M","?","$","?","?","E","R","E","T","M","?","R","M","M","R","BOSS","M","?","?","?","?","E","R","M","T","$","R","M","M","M","R","BOSS","R","$","E","BOSS"],"build_version":"2019-01-23","purchased_purges":4,"victory":false,"max_hp_per_floor":[63,63,63,63,63,63,63,63,63,63,63,63,63,63,63,63,63,63,63,63,63,63,63,63,63,63,63,63,63,63,63,63,63,63,63,63,77,77,77,77,77,77,77,77,77,77,77,77,77,77,77,77,77,77,77],"card_choices":[{"not_picked":["Outmaneuver","Bane"],"picked":"Dodge and Roll","floor":1},{"not_picked":["PiercingWail","Heel Hook"],"picked":"Dash","floor":4},{"not_picked":["Distraction","Backflip"],"picked":"Crippling Poison","floor":5},{"not_picked":["Infinite Blades","Escape Plan"],"picked":"Bane","floor":6},{"not_picked":["Calculated Gamble","Poisoned Stab"],"picked":"Catalyst","floor":10},{"not_picked":["Flying Knee","Quick Slash","Dagger Throw"],"picked":"SKIP","floor":13},{"not_picked":["A Thousand Cuts","Malaise"],"picked":"Bullet Time","floor":16},{"not_picked":["Prepared","Poisoned Stab"],"picked":"Dodge and Roll+1","floor":18},{"not_picked":["Sucker Punch","PiercingWail","Cloak And Dagger+1"],"picked":"SKIP","floor":19},{"not_picked":["Cloak And Dagger","Dagger Throw"],"picked":"Caltrops","floor":21},{"not_picked":["Dagger Spray","Underhanded Strike+1"],"picked":"Tools of the Trade","floor":23},{"not_picked":["Venomology","Catalyst"],"picked":"Backstab+1","floor":25},{"not_picked":["Poisoned Stab","Backflip"],"picked":"Dodge and Roll","floor":27},{"not_picked":["Dagger Spray","Outmaneuver+1"],"picked":"Deflect","floor":30},{"not_picked":["Tactician","Prepared"],"picked":"Deadly Poison","floor":31},{"not_picked":["Wraith Form v2","Unload"],"picked":"After Image","floor":33},{"not_picked":["Backflip+1","Underhanded Strike"],"picked":"Bouncing Flask+1","floor":35},{"not_picked":["Calculated Gamble","Outmaneuver+1"],"picked":"Dodge and Roll+1","floor":37},{"not_picked":["Backflip+1","Cloak And Dagger"],"picked":"Blur","floor":38},{"not_picked":["Flying Knee","Accuracy+1"],"picked":"Poisoned Stab+1","floor":39},{"not_picked":["Flying Knee","Slice+1"],"picked":"Malaise","floor":40},{"not_picked":["Flying Knee","Catalyst"],"picked":"Bane+1","floor":42},{"not_picked":["Cloak And Dagger+1","Slice","Blade Dance+1"],"picked":"SKIP","floor":46},{"not_picked":["Accuracy","Poisoned Stab"],"picked":"Well Laid Plans","floor":47},{"not_picked":["Finisher","Cloak And Dagger+1","Bane"],"picked":"SKIP","floor":48},{"not_picked":["Phantasmal Killer","Calculated Gamble"],"picked":"Noxious Fumes","floor":54}],"player_experience":76292,"relics_obtained":[{"floor":6,"key":"FossilizedHelix"},{"floor":9,"key":"Thread and Needle"},{"floor":10,"key":"Smiling Mask"},{"floor":23,"key":"Centennial Puzzle"},{"floor":25,"key":"Old Coin"},{"floor":37,"key":"Mango"},{"floor":39,"key":"Unceasing Top"},{"floor":40,"key":"Boot"},{"floor":43,"key":"PreservedInsect"},{"floor":54,"key":"Incense Burner"}],"event_choices":[{"damage_healed":0,"gold_gain":0,"player_choice":"Entered Light","damage_taken":13,"max_hp_gain":0,"max_hp_loss":0,"event_name":"Shining Light","floor":2,"gold_loss":0,"cards_upgraded":["Defend_G","Survivor"]},{"damage_healed":0,"gold_gain":175,"player_choice":"AGREE","damage_taken":0,"max_hp_gain":0,"max_hp_loss":0,"event_name":"Liars Game","floor":7,"gold_loss":0,"cards_obtained":["Doubt"]},{"damage_healed":0,"gold_gain":0,"player_choice":"Upgraded","damage_taken":0,"max_hp_gain":0,"max_hp_loss":0,"event_name":"Upgrade Shrine","floor":14,"gold_loss":0,"cards_upgraded":["Dash"]},{"damage_healed":0,"gold_gain":0,"player_choice":"Opened","damage_taken":0,"relics_obtained":["Ancient Tea Set"],"max_hp_gain":0,"max_hp_loss":0,"event_name":"The Mausoleum","floor":22,"gold_loss":0},{"cards_removed":["Strike_G"],"damage_healed":0,"gold_gain":0,"player_choice":"Upgrade and Remove","damage_taken":0,"max_hp_gain":0,"max_hp_loss":0,"event_name":"Designer","floor":28,"gold_loss":90,"cards_upgraded":["Tools of the Trade"]},{"damage_healed":0,"gold_gain":0,"player_choice":"Embrace Madness","damage_taken":8,"max_hp_gain":0,"max_hp_loss":0,"event_name":"Winding Halls","floor":36,"gold_loss":0,"cards_obtained":["Madness","Madness"]},{"damage_healed":0,"gold_gain":0,"player_choice":"Fight","damage_taken":0,"max_hp_gain":0,"max_hp_loss":0,"event_name":"Mysterious Sphere","floor":37,"gold_loss":0},{"damage_healed":0,"gold_gain":0,"player_choice":"Fight","damage_taken":0,"max_hp_gain":0,"max_hp_loss":0,"event_name":"MindBloom","floor":39,"gold_loss":0}],"is_beta":false,"boss_relics":[{"not_picked":["Calling Bell","Busted Crown"],"picked":"Velvet Choker"},{"not_picked":["Orrery","Philosopher\u0027s Stone"],"picked":"Astrolabe"}],"items_purged_floors":[12,20,44,53],"is_endless":false,"potions_floor_spawned":[5,6,10,13,18,25,27,31,35,38,40,46],"killed_by":"The Heart","ascension_level":1}