{"gold_per_floor":[117,117,130,143,154,186,186,199,223,223,239,250,315,327,327,327],"floor_reached":16,"playtime":392,"items_purged":[],"score":232,"play_id":"01cee9e7-a5a1-40ef-b5be-4ca475e79cc7","local_time":"20190502230506","is_ascension_mode":true,"campfire_choices":[{"floor":7.0,"key":"REST"},{"floor":10.0,"key":"REST"},{"data":"Heavy Blade","floor":15,"key":"SMITH"}],"neow_cost":"NONE","seed_source_timestamp":94423976588268,"circlet_count":0,"master_deck":["AscendersBane","Strike_R","Strike_R","Strike_R","Strike_R","Defend_R","Defend_R","Defend_R","Defend_R","Bash","Hemokinesis","Headbutt","Thunderclap","Demon Form","Heavy Blade+1","Shockwave","Spot Weakness","Shrug It Off","Armaments","Spot Weakness"],"special_seed":0,"relics":["Burning Blood","Centennial Puzzle","Omamori","Tiny Chest"],"potions_floor_usage":[14],"damage_taken":[{"damage":7.0,"enemies":"Small Slimes","floor":1.0,"turns":3.0},{"damage":4.0,"enemies":"Cultist","floor":3.0,"turns":3.0},{"damage":10.0,"enemies":"Jaw Worm","floor":4.0,"turns":2.0},{"damage":30.0,"enemies":"Gremlin Gang","floor":5.0,"turns":5.0},{"damage":29.0,"enemies":"Lagavulin","floor":6.0,"turns":4.0},{"damage":17.0,"enemies":"Red Slaver","floor":8.0,"turns":3.0},{"damage":24.0,"enemies":"Exordium Wildlife","floor":11.0,"turns":3.0},{"damage":5.0,"enemies":"Blue Slaver","floor":12.0,"turns":4.0},{"damage":20,"enemies":"3 Sentries","floor":13,"turns":6},{"damage":14,"enemies":"Red Slaver","floor":14,"turns":5},{"damage":41,"enemies":"Slime Boss","floor":16,"turns":3}],"seed_played":"6609348296639259922","potions_obtained":[{"floor":3.0,"key":"GamblersBrew"},{"floor":4.0,"key":"Poison Potion"},{"floor":13,"key":"FearPotion"},{"floor":14,"key":"Ancient Potion"}],"is_trial":false,"path_per_floor":["M","?","M","M","M","E","R","M","T","R","M","M","E","M","R","B"],"character_chosen":"IRONCLAD","items_purchased":[],"campfire_rested":2,"item_purchase_floors":[],"current_hp_per_floor":[67,67,69,65,41,18,40,29,29,51,33,34,20,12,12,0],"gold":327,"neow_bonus":"THREE_CARDS","is_prod":false,"is_daily":false,"chose_seed":false,"campfire_upgraded":1,"win_rate":0,"timestamp":1556849106,"path_taken":["M","?","M","?","M","E","R","M","T","R","M","M","E","M","R","BOSS"],"build_version":"2019-01-23","purchased_purges":0,"victory":false,"max_hp_per_floor":[75,75,75,75,75,75,75,75,75,75,75,75,75,75,75,75],"card_choices":[{"not_picked":["Burning Pact","Cleave"],"picked":"Hemokinesis","floor":0.0},{"not_picked":["Warcry","Twin Strike"],"picked":"Headbutt","floor":1.0},{"not_picked":["Warcry","Rage"],"picked":"Thunderclap","floor":3.0},{"not_picked":["Body Slam","Twin Strike","Infernal Blade"],"picked":"SKIP","floor":4.0},{"not_picked":["Corruption","Havoc"],"picked":"Demon Form","floor":5.0},{"not_picked":["Heavy Blade","Sentinel","Searing Blow"],"picked":"SKIP","floor":6.0},{"not_picked":["Sentinel","Searing Blow"],"picked":"Heavy Blade","floor":6.0},{"not_picked":["Iron Wave","Clash"],"picked":"Shockwave","floor":8.0},{"not_picked":["Pommel Strike","Twin Strike"],"picked":"Spot Weakness","floor":11.0},{"not_picked":["Flex","Sword Boomerang"],"picked":"Shrug It Off","floor":12.0},{"not_picked":["Juggernaut","Flex"],"picked":"Armaments","floor":13},{"not_picked":["Sever Soul","Clash"],"picked":"Spot Weakness","floor":14}],"player_experience":2253210,"relics_obtained":[{"floor":6.0,"key":"Centennial Puzzle"},{"floor":9.0,"key":"Omamori"},{"floor":13,"key":"Tiny Chest"}],"event_choices":[{"cards_removed":["Strike_R"],"damage_healed":0.0,"max_hp_gain":0.0,"max_hp_loss":0.0,"gold_gain":0.0,"event_name":"Bonfire Elementals","player_choice":"Offered Basic","floor":2.0,"gold_loss":0.0,"damage_taken":0.0}],"is_beta":false,"boss_relics":[],"items_purged_floors":[],"is_endless":false,"potions_floor_spawned":[3,4,13,14],"killed_by":"Slime Boss","ascension_level":20}