{"gold_per_floor":[117,117,62,82,101,127,127,153,153,153,169,169,186,201,201,275,275,290,301,301,108,108,108,126,160,160,160,176,189,201,201,201,276,276,289,289],"floor_reached":36,"playtime":2180,"items_purged":[],"score":772,"play_id":"cd05a2d8-2f7b-4ed5-9c54-e2176374310a","local_time":"20190509130241","is_ascension_mode":true,"campfire_choices":[{"data":"Storm of Steel","floor":7,"key":"SMITH"},{"floor":10,"key":"REST"},{"data":"Dash","floor":12,"key":"SMITH"},{"data":"Neutralize","floor":15,"key":"SMITH"},{"floor":23,"key":"REST"},{"floor":27,"key":"REST"},{"floor":32,"key":"REST"}],"neow_cost":"CURSE","seed_source_timestamp":397338002552000,"circlet_count":0,"master_deck":["AscendersBane","Defend_G","Defend_G","Defend_G","Defend_G","Defend_G","Strike_G","Strike_G","Strike_G","Survivor","Neutralize+1","Storm of Steel+1","Doppelganger","Poisoned Stab","Blur","Dash+1","Cloak And Dagger","Deadly Poison","Deadly Poison","After Image","Acrobatics","Noxious Fumes","Apotheosis","Backflip","After Image","Footwork"],"relics":["Ring of the Snake","Bag of Preparation","The Specimen","Letter Opener","Bottled Flame","Sozu","FaceOfCleric","Bronze Scales","Mercury Hourglass","Cursed Key"],"potions_floor_usage":[6,16,22,33],"damage_taken":[{"damage":1,"enemies":"Small Slimes","floor":1,"turns":6},{"damage":0,"enemies":"Cultist","floor":4,"turns":3},{"damage":2,"enemies":"Jaw Worm","floor":5,"turns":5},{"damage":6,"enemies":"Gremlin Nob","floor":6,"turns":3},{"damage":27,"enemies":"3 Sentries","floor":8,"turns":11},{"damage":4,"enemies":"Blue Slaver","floor":11,"turns":3},{"damage":0,"enemies":"2 Fungi Beasts","floor":13,"turns":2},{"damage":0,"enemies":"Large Slime","floor":14,"turns":4},{"damage":25,"enemies":"The Guardian","floor":16,"turns":11},{"damage":15,"enemies":"Spheric Guardian","floor":18,"turns":5},{"damage":4,"enemies":"Shell Parasite","floor":19,"turns":7},{"damage":2,"enemies":"Colosseum Slavers","floor":22,"turns":4},{"damage":7,"enemies":"Shelled Parasite and Fungi","floor":24,"turns":5},{"damage":34,"enemies":"Book of Stabbing","floor":25,"turns":7},{"damage":11,"enemies":"Centurion and Healer","floor":28,"turns":5},{"damage":6,"enemies":"Snake Plant","floor":29,"turns":4},{"damage":5,"enemies":"Shelled Parasite and Fungi","floor":30,"turns":6},{"damage":13,"enemies":"Champ","floor":33,"turns":14},{"damage":0,"enemies":"3 Shapes","floor":35,"turns":3},{"damage":92,"enemies":"2 Orb Walkers","floor":36,"turns":4}],"seed_played":"8027356050339621809","potions_obtained":[{"floor":4,"key":"FearPotion"},{"floor":6,"key":"GhostInAJar"},{"floor":8,"key":"Energy Potion"},{"floor":16,"key":"Regen Potion"}],"is_trial":false,"path_per_floor":["M","?","?","M","M","E","R","E","T","R","M","R","M","M","R","B",null,"M","M","?","$","?","R","M","E","T","R","M","M","M","?","R","B",null,"M","?"],"character_chosen":"THE_SILENT","items_purchased":["Apotheosis"],"campfire_rested":4,"item_purchase_floors":[21],"current_hp_per_floor":[58,51,51,51,49,43,43,16,16,35,31,31,31,31,31,6,51,36,32,32,32,31,51,45,12,12,32,22,17,13,27,48,51,68,69,0],"gold":289,"neow_bonus":"TRANSFORM_TWO_CARDS","is_prod":false,"is_daily":false,"chose_seed":false,"campfire_upgraded":3,"win_rate":0,"timestamp":1557403361,"path_taken":["M","?","?","?","M","E","R","E","T","R","M","R","M","M","R","BOSS","M","M","?","?","?","R","M","E","T","R","M","M","?","?","R","BOSS","M","?"],"build_version":"2019-01-23","purchased_purges":0,"victory":false,"max_hp_per_floor":[66,66,66,66,66,66,66,66,66,66,66,66,66,66,66,66,66,66,66,66,66,67,67,68,69,69,69,70,71,72,72,72,73,73,74,74],"card_choices":[{"not_picked":["Endless Agony","Dodge and Roll"],"picked":"Poisoned Stab","floor":1},{"not_picked":["Quick Slash","All Out Attack","Flying Knee"],"picked":"SKIP","floor":4},{"not_picked":["Blade Dance","Bouncing Flask"],"picked":"Blur","floor":5},{"not_picked":["Dodge and Roll","Calculated Gamble"],"picked":"Dash","floor":6},{"not_picked":["Blade Dance","Night Terror","Flying Knee"],"picked":"SKIP","floor":8},{"not_picked":["Dodge and Roll","Poisoned Stab"],"picked":"Cloak And Dagger","floor":11},{"not_picked":["Bane","Eviscerate"],"picked":"Deadly Poison","floor":13},{"not_picked":["Slice","Bane"],"picked":"Deadly Poison","floor":14},{"not_picked":["Night Terror","Adrenaline"],"picked":"After Image","floor":16},{"not_picked":["Flying Knee","Setup"],"picked":"Acrobatics","floor":18},{"not_picked":["Bane","Acrobatics"],"picked":"Noxious Fumes","floor":19},{"not_picked":["Bane","Deflect","Sucker Punch"],"picked":"SKIP","floor":24},{"not_picked":["Tactician","Deflect","Reflex"],"picked":"SKIP","floor":25},{"not_picked":["Cloak And Dagger","Flying Knee","Acrobatics+1"],"picked":"SKIP","floor":28},{"not_picked":["Predator","Setup"],"picked":"Backflip","floor":29},{"not_picked":["Cloak And Dagger","All Out Attack","Slice+1"],"picked":"SKIP","floor":30},{"not_picked":["Doppelganger","Night Terror"],"picked":"After Image","floor":33},{"not_picked":["Bane+1","Backflip+1"],"picked":"Footwork","floor":35}],"player_experience":493690,"relics_obtained":[{"floor":6,"key":"The Specimen"},{"floor":8,"key":"Letter Opener"},{"floor":9,"key":"Bottled Flame"},{"floor":25,"key":"Bronze Scales"},{"floor":26,"key":"Mercury Hourglass"}],"event_choices":[{"cards_removed":["Clumsy"],"damage_healed":0,"gold_gain":0,"player_choice":"Card Removal","damage_taken":7,"max_hp_gain":0,"max_hp_loss":0,"event_name":"Golden Wing","floor":2,"gold_loss":0},{"damage_healed":0,"gold_gain":0,"player_choice":"Paid Gold","damage_taken":0,"relics_obtained":["Bag of Preparation"],"max_hp_gain":0,"max_hp_loss":0,"event_name":"WeMeetAgain","floor":3,"gold_loss":55},{"damage_healed":0,"gold_gain":0,"player_choice":"Trade","damage_taken":0,"relics_obtained":["FaceOfCleric"],"max_hp_gain":0,"max_hp_loss":0,"event_name":"FaceTrader","floor":20,"gold_loss":0},{"damage_healed":0,"gold_gain":0,"player_choice":"Fight","damage_taken":0,"max_hp_gain":0,"max_hp_loss":0,"event_name":"Colosseum","floor":22,"gold_loss":0},{"damage_healed":0,"gold_gain":0,"player_choice":"Fled From Nobs","damage_taken":0,"max_hp_gain":0,"max_hp_loss":0,"event_name":"Colosseum","floor":22,"gold_loss":0},{"damage_healed":14,"gold_gain":0,"player_choice":"Heal","damage_taken":0,"max_hp_gain":0,"max_hp_loss":0,"event_name":"The Library","floor":31,"gold_loss":0},{"damage_healed":0,"gold_gain":0,"player_choice":"Fight","damage_taken":0,"max_hp_gain":0,"max_hp_loss":0,"event_name":"Mysterious Sphere","floor":36,"gold_loss":0}],"is_beta":false,"boss_relics":[{"not_picked":["Runic Dome","WristBlade"],"picked":"Sozu"},{"not_picked":["Ring of the Serpent","Busted Crown"],"picked":"Cursed Key"}],"items_purged_floors":[],"is_endless":false,"potions_floor_spawned":[4,6,8,11,16,19,28,29],"killed_by":"2 Orb Walkers","ascension_level":19}