{"gold_per_floor":[110,34,34,52,52,52,77,77,77,77,97,97,118,139,139,269,269,293,36,136,155,254,254,274,274,274,299,299,299,337,361,361,361],"floor_reached":33,"playtime":1354,"items_purged":[],"score":270,"play_id":"157bf263-7d07-4c32-a819-a69c269caa9e","local_time":"20190515051400","is_ascension_mode":true,"campfire_choices":[{"data":"True Grit","floor":6,"key":"SMITH"},{"data":"Clothesline","floor":8,"key":"SMITH"},{"data":"Shrug It Off","floor":10,"key":"SMITH"},{"data":"Disarm","floor":12,"key":"SMITH"},{"data":"Infernal Blade","floor":15,"key":"SMITH"},{"data":"Disarm","floor":23,"key":"SMITH"},{"data":"Offering","floor":25,"key":"SMITH"},{"data":"Disarm","floor":28,"key":"SMITH"},{"floor":32,"key":"REST"}],"neow_cost":"NONE","seed_source_timestamp":230648153042709,"circlet_count":0,"master_deck":["Strike_R","Strike_R","Strike_R","Strike_R","Defend_R","Defend_R","Defend_R","Defend_R","Bash","Wild Strike","Shrug It Off+1","True Grit+1","Twin Strike","Pain","Clothesline+1","Disarm+1","Infernal Blade+1","Fire Breathing","Offering+1","Disarm+1","Shockwave","Disarm+1","Feel No Pain","Feed","Feel No Pain+1"],"relics":["Burning Blood","Golden Idol","WarpedTongs","Magic Flower","Sozu","Mercury Hourglass","Bottled Flame","Gremlin Horn"],"potions_floor_usage":[],"damage_taken":[{"damage":18,"enemies":"Jaw Worm","floor":1,"turns":6},{"damage":2,"enemies":"Cultist","floor":4,"turns":4},{"damage":0,"enemies":"Small Slimes","floor":7,"turns":2},{"damage":19,"enemies":"Exordium Thugs","floor":11,"turns":5},{"damage":6,"enemies":"Looter","floor":13,"turns":4},{"damage":6,"enemies":"Blue Slaver","floor":14,"turns":4},{"damage":32,"enemies":"Hexaghost","floor":16,"turns":11},{"damage":4,"enemies":"Chosen","floor":18,"turns":6},{"damage":28,"enemies":"Spheric Guardian","floor":21,"turns":4},{"damage":9,"enemies":"Snake Plant","floor":24,"turns":4},{"damage":8,"enemies":"Snecko","floor":27,"turns":6},{"damage":18,"enemies":"Book of Stabbing","floor":30,"turns":9},{"damage":22,"enemies":"Centurion and Healer","floor":31,"turns":8},{"damage":77,"enemies":"Collector","floor":33,"turns":15}],"seed_played":"1432255833170515038","potions_obtained":[{"floor":4,"key":"Fire Potion"},{"floor":7,"key":"Explosive Potion"},{"floor":13,"key":"SpeedPotion"}],"is_trial":false,"path_per_floor":["M","$","?","M","?","R","M","R","T","R","M","R","M","M","R","B",null,"M","$","?","M","?","R","M","R","T","M","R","?","E","M","R","B"],"character_chosen":"IRONCLAD","items_purchased":["Shrug It Off","True Grit","Mercury Hourglass"],"campfire_rested":1,"item_purchase_floors":[2,2,19],"current_hp_per_floor":[76,76,76,80,80,80,81,81,81,81,71,71,74,77,77,54,81,81,81,81,62,62,62,62,62,62,63,63,63,54,46,71,0],"gold":361,"neow_bonus":"TEN_PERCENT_HP_BONUS","is_prod":false,"is_daily":false,"chose_seed":false,"campfire_upgraded":8,"win_rate":0,"timestamp":1557911640,"path_taken":["M","$","?","M","?","R","M","R","T","R","M","R","M","M","R","BOSS","M","?","?","?","?","R","M","R","T","M","R","?","E","M","R","BOSS"],"build_version":"2019-01-23","purchased_purges":0,"victory":false,"max_hp_per_floor":[88,88,81,81,81,81,81,81,81,81,81,81,81,81,81,81,81,81,81,81,81,81,81,81,81,81,81,81,81,81,84,84,84],"card_choices":[{"not_picked":["Hemokinesis","Havoc"],"picked":"Wild Strike","floor":1},{"not_picked":["Entrench","Flex"],"picked":"Twin Strike","floor":4},{"not_picked":["True Grit","Heavy Blade"],"picked":"Clothesline","floor":7},{"not_picked":["Rampage","Warcry"],"picked":"Disarm","floor":11},{"not_picked":["Havoc","Pommel Strike"],"picked":"Infernal Blade","floor":13},{"not_picked":["Sword Boomerang","Clash"],"picked":"Fire Breathing","floor":14},{"not_picked":["Double Tap","Bludgeon"],"picked":"Offering","floor":16},{"not_picked":["Combust","Clash+1"],"picked":"Disarm","floor":18},{"not_picked":["Sword Boomerang+1","Bloodletting"],"picked":"Shockwave","floor":21},{"not_picked":["Havoc","Anger"],"picked":"Disarm","floor":24},{"not_picked":["Clash","Anger"],"picked":"Feel No Pain","floor":27},{"not_picked":["Searing Blow","Thunderclap"],"picked":"Feed","floor":30},{"not_picked":["Hemokinesis","Twin Strike"],"picked":"Feel No Pain+1","floor":31}],"player_experience":120970,"relics_obtained":[{"floor":9,"key":"Magic Flower"},{"floor":26,"key":"Bottled Flame"},{"floor":30,"key":"Gremlin Horn"}],"event_choices":[{"damage_healed":0,"gold_gain":0,"player_choice":"Lose Max HP","damage_taken":0,"relics_obtained":["Golden Idol"],"max_hp_gain":0,"max_hp_loss":7,"event_name":"Golden Idol","floor":3,"gold_loss":0},{"damage_healed":0,"gold_gain":0,"player_choice":"Rummage","damage_taken":0,"relics_obtained":["WarpedTongs"],"max_hp_gain":0,"max_hp_loss":0,"event_name":"Accursed Blacksmith","floor":5,"gold_loss":0,"cards_obtained":["Pain"]},{"damage_healed":0,"gold_gain":100,"player_choice":"Pray","damage_taken":0,"max_hp_gain":0,"max_hp_loss":0,"event_name":"Golden Shrine","floor":20,"gold_loss":0},{"damage_healed":0,"gold_gain":99,"player_choice":"Stole From Cult","damage_taken":0,"max_hp_gain":0,"max_hp_loss":0,"event_name":"Nest","floor":22,"gold_loss":0},{"cards_removed":["Strike_R"],"damage_healed":0,"gold_gain":0,"player_choice":"Elegance","damage_taken":0,"max_hp_gain":0,"max_hp_loss":0,"event_name":"Back to Basics","floor":29,"gold_loss":0}],"is_beta":false,"boss_relics":[{"not_picked":["Pandora\u0027s Box","Runic Dome"],"picked":"Sozu"}],"items_purged_floors":[],"is_endless":false,"potions_floor_spawned":[4,7,13,16,18,24,27],"killed_by":"Collector","ascension_level":1}