{"gold_per_floor":[113,133,133,7,17,17,46,46,120,152,427,427,1,30,30,103,103,119,169,69,69,88,88,88,108,108,108,108,123,123,123,123,199,199,212,212,212,87,87,87,112,127,196,208,241,241,251,278,278,278,278,278,278,49,75,75],"floor_reached":57,"playtime":2038,"items_purged":["Regret","Strike_R","Strike_R"],"score":3404,"play_id":"172e41db-951c-44e4-b4db-8a2fd9ee843b","local_time":"20190513121325","is_ascension_mode":true,"campfire_choices":[{"data":"Carnage","floor":6.0,"key":"SMITH"},{"data":"Offering","floor":12.0,"key":"SMITH"},{"data":"Second Wind","floor":15.0,"key":"SMITH"},{"data":"Dark Embrace","floor":23.0,"key":"SMITH"},{"data":"Burning Pact","floor":28.0,"key":"SMITH"},{"data":"Power Through","floor":32.0,"key":"SMITH"},{"data":"Shrug It Off","floor":40.0,"key":"SMITH"},{"data":"Feel No Pain","floor":46,"key":"SMITH"},{"floor":49,"key":"RECALL"},{"data":"Bash","floor":53,"key":"SMITH"}],"neow_cost":"TEN_PERCENT_HP_LOSS","seed_source_timestamp":1563526003123860,"circlet_count":0,"master_deck":["AscendersBane","Strike_R","Strike_R","Defend_R","Defend_R","Defend_R","Defend_R","Bash+1","Offering+1","Body Slam+1","Second Wind+1","Carnage+1","Burning Pact+1","Shrug It Off+1","Power Through+1","Master of Strategy+1","Dark Embrace+1","Warcry+1","Ghostly+1","Ghostly+1","Ghostly+1","Power Through+1","Bloodletting+1","Feel No Pain+1","Anger+1"],"special_seed":0,"relics":["Burning Blood","Juzu Bracelet","Paper Frog","Toxic Egg 2","Potion Belt","Letter Opener","Runic Pyramid","Pantograph","Cursed Key","Bottled Flame","Molten Egg 2","Bag of Preparation","Bottled Lightning","Medical Kit","Red Skull"],"potions_floor_usage":[56,56,56,56],"damage_taken":[{"damage":13.0,"enemies":"2 Louse","floor":1.0,"turns":3.0},{"damage":8.0,"enemies":"Cultist","floor":2.0,"turns":4.0},{"damage":7.0,"enemies":"Jaw Worm","floor":5.0,"turns":2.0},{"damage":14.0,"enemies":"Gremlin Nob","floor":7.0,"turns":3.0},{"damage":21.0,"enemies":"3 Sentries","floor":10.0,"turns":7.0},{"damage":6.0,"enemies":"Gremlin Nob","floor":14.0,"turns":2.0},{"damage":7.0,"enemies":"The Guardian","floor":16.0,"turns":9.0},{"damage":6.0,"enemies":"3 Byrds","floor":18.0,"turns":4.0},{"damage":6.0,"enemies":"Chosen","floor":22.0,"turns":4.0},{"damage":6.0,"enemies":"Snecko","floor":25.0,"turns":2.0},{"damage":1.0,"enemies":"Centurion and Healer","floor":29.0,"turns":5.0},{"damage":6.0,"enemies":"Collector","floor":33.0,"turns":2.0},{"damage":1.0,"enemies":"3 Darklings","floor":35.0,"turns":4.0},{"damage":3.0,"enemies":"Reptomancer","floor":41.0,"turns":3.0},{"damage":4.0,"enemies":"3 Shapes","floor":42.0,"turns":2.0},{"damage":4,"enemies":"Spire Growth","floor":44,"turns":3},{"damage":3,"enemies":"Giant Head","floor":45,"turns":3},{"damage":6,"enemies":"3 Darklings","floor":47,"turns":3},{"damage":2,"enemies":"Reptomancer","floor":48,"turns":3},{"damage":6,"enemies":"Time Eater","floor":50,"turns":4},{"damage":4,"enemies":"Donu and Deca","floor":51,"turns":2},{"damage":5,"enemies":"Shield and Spear","floor":55,"turns":2},{"damage":16,"enemies":"The Heart","floor":56,"turns":5}],"seed_played":"6765359330544840944","potions_obtained":[{"floor":2.0,"key":"SteroidPotion"},{"floor":5.0,"key":"Fire Potion"},{"floor":10.0,"key":"SpeedPotion"},{"floor":16.0,"key":"Ancient Potion"},{"floor":22.0,"key":"Block Potion"},{"floor":25.0,"key":"EssenceOfSteel"},{"floor":41.0,"key":"Swift Potion"},{"floor":47,"key":"GamblersBrew"}],"is_trial":false,"path_per_floor":["M","M","?","$","M","R","E","?","T","E","?","R","$","E","R","B",null,"M","?","$","?","M","R","T","M","T","?","R","M","?","?","R","B",null,"M","?","T","$","?","R","E","M","T","M","E","R","M","E","R","B","B",null,"R","$","E","B",null],"character_chosen":"IRONCLAD","items_purchased":["Carnage","Burning Pact","Master of Strategy+1","Potion Belt","Medical Kit"],"campfire_rested":0,"item_purchase_floors":[4,4,13,13,54],"current_hp_per_floor":[61,59,59,59,58,58,50,50,50,35,35,35,35,35,35,34,60,60,60,60,60,60,60,60,60,60,34,34,34,34,34,34,34,34,34,34,34,34,32,32,32,32,32,32,32,32,32,32,32,32,32,32,32,32,32,22],"gold":75,"neow_bonus":"THREE_RARE_CARDS","is_prod":false,"is_daily":false,"chose_seed":false,"campfire_upgraded":9,"win_rate":0,"timestamp":1557720805,"path_taken":["M","M","?","?","M","R","E","?","T","E","?","R","$","E","R","BOSS","M","?","$","?","M","R","?","M","T","?","R","M","?","?","R","BOSS","M","?","?","?","?","R","E","M","T","M","E","R","M","E","R","BOSS","BOSS","R","$","E","BOSS"],"build_version":"2019-01-23","purchased_purges":3,"victory":true,"max_hp_per_floor":[68,68,68,68,68,68,68,68,68,68,68,68,68,68,68,68,68,68,68,68,68,68,68,68,68,68,34,34,34,34,34,34,34,34,34,34,34,34,32,32,32,32,32,32,32,32,32,32,32,32,32,32,32,32,32,32],"card_choices":[{"not_picked":["Exhume","Barricade"],"picked":"Offering","floor":0.0},{"not_picked":["Anger","Wild Strike"],"picked":"Body Slam","floor":1.0},{"not_picked":["Ghostly Armor","Clash"],"picked":"Second Wind","floor":2.0},{"not_picked":["Body Slam","Iron Wave"],"picked":"Shrug It Off","floor":5.0},{"not_picked":["Combust","Sword Boomerang"],"picked":"Power Through","floor":7.0},{"not_picked":["Flex","Anger","Pommel Strike"],"picked":"SKIP","floor":10.0},{"not_picked":["Uppercut","Clash","Headbutt"],"picked":"SKIP","floor":14.0},{"not_picked":["Barricade","Juggernaut"],"picked":"Dark Embrace","floor":16.0},{"not_picked":["Heavy Blade","Corruption","Hemokinesis+1"],"picked":"SKIP","floor":18.0},{"not_picked":["Heavy Blade","Corruption+1"],"picked":"Warcry+1","floor":22.0},{"not_picked":["Perfected Strike","Headbutt","Whirlwind"],"picked":"SKIP","floor":25.0},{"not_picked":["Havoc+1","Wild Strike"],"picked":"Power Through+1","floor":29.0},{"not_picked":["Sentinel+1","Rampage","Havoc+1"],"picked":"SKIP","floor":35.0},{"not_picked":["Flex+1","Wild Strike","Pommel Strike+1"],"picked":"SKIP","floor":42.0},{"not_picked":["Pommel Strike+1","Hemokinesis+1"],"picked":"Feel No Pain","floor":44},{"not_picked":["Thunderclap+1","Combust","Burning Pact+1"],"picked":"SKIP","floor":45},{"not_picked":["Power Through+1","Hemokinesis+1","Corruption"],"picked":"SKIP","floor":47},{"not_picked":["Demon Form","Armaments+1","Inflame+1"],"picked":"SKIP","floor":48},{"not_picked":["Thunderclap+1","Havoc+1"],"picked":"Anger+1","floor":55}],"player_experience":1949567,"relics_obtained":[{"floor":7.0,"key":"Juzu Bracelet"},{"floor":9.0,"key":"Paper Frog"},{"floor":10.0,"key":"Toxic Egg 2"},{"floor":14.0,"key":"Letter Opener"},{"floor":24.0,"key":"Pantograph"},{"floor":41.0,"key":"Bottled Flame"},{"floor":43,"key":"Molten Egg 2"},{"floor":45,"key":"Bag of Preparation"},{"floor":48,"key":"Bottled Lightning"},{"floor":55,"key":"Red Skull"}],"event_choices":[{"damage_healed":0.0,"max_hp_gain":0.0,"max_hp_loss":0.0,"gold_gain":0.0,"event_name":"Upgrade Shrine","player_choice":"Upgraded","floor":3.0,"gold_loss":0.0,"damage_taken":0.0,"cards_upgraded":["Body Slam"]},{"cards_removed":["Strike_R"],"damage_healed":0.0,"max_hp_gain":0.0,"max_hp_loss":0.0,"gold_gain":0.0,"event_name":"Living Wall","player_choice":"Forget","floor":8.0,"gold_loss":0.0,"damage_taken":0.0},{"damage_healed":0.0,"max_hp_gain":0.0,"max_hp_loss":0.0,"gold_gain":275.0,"event_name":"Golden Shrine","player_choice":"Desecrate","floor":11.0,"gold_loss":0.0,"damage_taken":0.0,"cards_obtained":["Regret"]},{"damage_healed":0.0,"max_hp_gain":0.0,"max_hp_loss":0.0,"gold_gain":50.0,"event_name":"Nest","player_choice":"Stole From Cult","floor":19.0,"gold_loss":0.0,"damage_taken":0.0},{"damage_healed":0.0,"max_hp_gain":0.0,"max_hp_loss":0.0,"gold_gain":0.0,"event_name":"Beggar","player_choice":"Ignored","floor":21.0,"gold_loss":0.0,"damage_taken":0.0},{"damage_healed":0.0,"max_hp_gain":0.0,"max_hp_loss":34.0,"gold_gain":0.0,"event_name":"Ghosts","player_choice":"Became a Ghost","floor":27.0,"gold_loss":0.0,"damage_taken":0.0,"cards_obtained":["Ghostly","Ghostly","Ghostly"]},{"damage_healed":0.0,"max_hp_gain":0.0,"max_hp_loss":0.0,"gold_gain":0.0,"event_name":"Cursed Tome","player_choice":"Ignored","floor":30.0,"gold_loss":0.0,"damage_taken":0.0},{"damage_healed":0.0,"max_hp_gain":0.0,"max_hp_loss":0.0,"gold_gain":0.0,"event_name":"The Library","player_choice":"Read","floor":31.0,"gold_loss":0.0,"damage_taken":0.0,"cards_obtained":["Bloodletting"]},{"damage_healed":0.0,"max_hp_gain":0.0,"max_hp_loss":0.0,"gold_gain":0.0,"event_name":"SensoryStone","player_choice":"Memory 1","floor":36.0,"gold_loss":0.0,"damage_taken":0.0},{"damage_healed":0.0,"max_hp_gain":0.0,"max_hp_loss":2.0,"gold_gain":0.0,"event_name":"Winding Halls","player_choice":"Max HP","floor":39.0,"gold_loss":0.0,"damage_taken":0.0}],"is_beta":false,"boss_relics":[{"not_picked":["Snecko Eye","Lizard Tail"],"picked":"Runic Pyramid"},{"not_picked":["Runic Dome","Runic Cube"],"picked":"Cursed Key"}],"items_purged_floors":[13,20,38],"is_endless":false,"potions_floor_spawned":[2,5,10,16,22,25,41,45,47],"ascension_level":20}