{"gold_per_floor":[114,127,140,155,171,200,216,216,216,250,277,289,301,323,335,450,462,493,517,529,541,573,585,597],"floor_reached":24,"playtime":1261,"items_purged":[],"score":301,"play_id":"51474543-8027-4c7e-861f-d42cf5679987","local_time":"20181217172540","is_ascension_mode":true,"campfire_choices":[{"floor":8.0,"key":"REST"},{"data":"Armaments","floor":13.0,"key":"SMITH"},{"floor":15.0,"key":"REST"},{"data":"Demon Form","floor":23.0,"key":"SMITH"}],"neow_cost":"NONE","seed_source_timestamp":365286537119197,"circlet_count":0,"master_deck":["Defend_R","Defend_R","Defend_R","Defend_R","Bash","Thunderclap","Whirlwind","Headbutt","Pummel","Sword Boomerang","Armaments+1","Clothesline","Demon Form+1","Twin Strike","Disarm","Offering","Reaper","Shrug It Off","Iron Wave","Heavy Blade","Shrug It Off","Flame Barrier","Bite","Bite","Bite","Bite","Bite","Iron Wave"],"special_seed":0,"relics":["Burning Blood","Omamori","Mercury Hourglass","MawBank","Orrery"],"potions_floor_usage":[24,24],"damage_taken":[{"damage":6.0,"enemies":"Cultist","floor":1.0,"turns":4.0},{"damage":5.0,"enemies":"Small Slimes","floor":2.0,"turns":4.0},{"damage":13.0,"enemies":"Jaw Worm","floor":3.0,"turns":4.0},{"damage":10.0,"enemies":"Exordium Wildlife","floor":4.0,"turns":4.0},{"damage":0.0,"enemies":"3 Louse","floor":5.0,"turns":1.0},{"damage":49.0,"enemies":"Lagavulin","floor":6.0,"turns":7.0},{"damage":14.0,"enemies":"Large Slime","floor":7.0,"turns":5.0},{"damage":30.0,"enemies":"3 Sentries","floor":10.0,"turns":5.0},{"damage":5.0,"enemies":"Exordium Wildlife","floor":11.0,"turns":3.0},{"damage":10.0,"enemies":"2 Fungi Beasts","floor":14.0,"turns":3.0},{"damage":44.0,"enemies":"The Guardian","floor":16.0,"turns":12.0},{"damage":28.0,"enemies":"Chosen","floor":18.0,"turns":5.0},{"damage":7.0,"enemies":"3 Byrds","floor":19.0,"turns":3.0},{"damage":16.0,"enemies":"Cultist and Chosen","floor":22.0,"turns":5.0},{"damage":44,"enemies":"Book of Stabbing","floor":24,"turns":5}],"seed_played":"-1898747264869597939","potions_obtained":[{"floor":4.0,"key":"PowerPotion"},{"floor":5.0,"key":"Block Potion"},{"floor":6.0,"key":"SteroidPotion"},{"floor":11.0,"key":"Regen Potion"},{"floor":14.0,"key":"PowerPotion"},{"floor":16.0,"key":"Energy Potion"},{"floor":19.0,"key":"Block Potion"}],"is_trial":false,"path_per_floor":["M","M","M","M","M","E","M","R","T","E","M","$","R","M","R","B",null,"M","M","?","?","M","R","E"],"character_chosen":"IRONCLAD","items_purchased":[],"campfire_rested":2,"item_purchase_floors":[],"current_hp_per_floor":[80,81,74,70,76,33,25,51,51,27,28,28,28,24,50,27,73,51,50,50,40,38,38,0],"gold":597,"neow_bonus":"TEN_PERCENT_HP_BONUS","is_prod":false,"is_daily":false,"chose_seed":false,"campfire_upgraded":2,"win_rate":0,"timestamp":1545085540,"path_taken":["M","?","M","M","M","E","M","R","T","E","M","$","R","M","R","BOSS","M","M","?","?","M","R","E"],"build_version":"2018-12-13","purchased_purges":0,"victory":false,"max_hp_per_floor":[88,88,88,88,88,88,88,88,88,88,88,88,88,88,88,88,88,88,88,61,66,66,66,66],"card_choices":[{"not_picked":["Heavy Blade","Cleave"],"picked":"Thunderclap","floor":1.0},{"not_picked":["Clash","Twin Strike"],"picked":"Whirlwind","floor":2.0},{"not_picked":["Body Slam","Fire Breathing"],"picked":"Headbutt","floor":3.0},{"not_picked":["Body Slam","Power Through"],"picked":"Pummel","floor":4.0},{"not_picked":["Power Through","Fire Breathing"],"picked":"Sword Boomerang","floor":5.0},{"not_picked":["Inflame","Immolate"],"picked":"Armaments","floor":6.0},{"not_picked":["Perfected Strike","Power Through"],"picked":"Clothesline","floor":7.0},{"not_picked":["Body Slam","Iron Wave"],"picked":"Demon Form","floor":10.0},{"not_picked":["Clash","Cleave"],"picked":"Twin Strike","floor":11.0},{"not_picked":["Thunderclap","Hemokinesis"],"picked":"Disarm","floor":14.0},{"not_picked":["Immolate","Exhume"],"picked":"Offering","floor":16.0},{"not_picked":["Metallicize","Headbutt"],"picked":"Reaper","floor":17.0},{"not_picked":["Wild Strike","Flex"],"picked":"Shrug It Off","floor":17.0},{"not_picked":["Flex","Shrug It Off"],"picked":"Iron Wave","floor":17.0},{"not_picked":["Armaments","Flex"],"picked":"Heavy Blade","floor":17.0},{"not_picked":["Clash+1","Iron Wave"],"picked":"Shrug It Off","floor":18.0},{"not_picked":["Havoc","Reckless Charge"],"picked":"Flame Barrier","floor":19.0},{"not_picked":["Bloodletting","Wild Strike"],"picked":"Iron Wave","floor":22.0}],"player_experience":150131,"relics_obtained":[{"floor":6.0,"key":"Omamori"},{"floor":9.0,"key":"Mercury Hourglass"},{"floor":10.0,"key":"MawBank"}],"event_choices":[{"damage_healed":0.0,"max_hp_gain":0.0,"max_hp_loss":27.0,"gold_gain":0.0,"event_name":"Vampires","player_choice":"Became a vampire","floor":20.0,"gold_loss":0.0,"damage_taken":0.0,"cards_obtained":["Bite","Bite","Bite","Bite","Bite"]},{"damage_healed":0.0,"max_hp_gain":5.0,"max_hp_loss":0.0,"gold_gain":0.0,"event_name":"Forgotten Altar","player_choice":"Shed Blood","floor":21.0,"gold_loss":0.0,"damage_taken":15.0}],"is_beta":false,"boss_relics":[{"not_picked":["Ectoplasm","Velvet Choker"],"picked":"Orrery"}],"items_purged_floors":[],"is_endless":false,"potions_floor_spawned":[4,5,6,11,14,16,19],"killed_by":"Book of Stabbing","ascension_level":6}