{"gold_per_floor":[214,214,14,289,305,336,352,31,31,47,73,91,91,107,107,202,202,219,144,159,59,71,71,97,97,97,97,372,391,411,326,326,422,422,436,180,229,229,229,262,262,275,300,326,343,357,432,432,432,432],"floor_reached":51,"playtime":883,"items_purged":["Regret","Defend_R","Regret"],"score":810,"play_id":"fa04c8e3-fb6b-4ae6-a75b-f1e398546a0d","local_time":"20190508114928","is_ascension_mode":false,"campfire_choices":[{"data":"Immolate","floor":13.0,"key":"SMITH"},{"data":"Heavy Blade","floor":15.0,"key":"SMITH"},{"data":"Bash","floor":23.0,"key":"SMITH"},{"data":"Sword Boomerang","floor":25.0,"key":"SMITH"},{"data":"Inflame","floor":32.0,"key":"SMITH"},{"data":"Double Tap","floor":41.0,"key":"SMITH"},{"floor":49,"key":"REST"}],"neow_cost":"NONE","seed_source_timestamp":8510080104784,"circlet_count":0,"master_deck":["Strike_R","Strike_R+1","Strike_R+1","Strike_R","Defend_R","Defend_R","Bash+1","Heavy Blade+1","Sword Boomerang+1","Immolate+1","Clothesline","Metallicize","Offering","Shockwave+1","Inflame+1","Flame Barrier+1","Double Tap+1","Sword Boomerang+1","Immolate+1","Sword Boomerang+1","Doubt","True Grit+1","Disarm+1","Metallicize+1","Doubt"],"special_seed":0,"relics":["Burning Blood","Brimstone","Ornamental Fan","Sling","Bottled Flame","Blood Vial","Velvet Choker","Gremlin Horn","The Courier","Mango","Cursed Key","DollysMirror","Ice Cream","CultistMask","Potion Belt","Lantern","Toxic Egg 2","Kunai"],"potions_floor_usage":[50,50,50],"damage_taken":[{"damage":1.0,"enemies":"Cultist","floor":1.0,"turns":4.0},{"damage":0.0,"enemies":"2 Louse","floor":5.0,"turns":2.0},{"damage":3.0,"enemies":"Gremlin Nob","floor":6.0,"turns":3.0},{"damage":2.0,"enemies":"Jaw Worm","floor":7.0,"turns":2.0},{"damage":9.0,"enemies":"Exordium Wildlife","floor":10.0,"turns":3.0},{"damage":7.0,"enemies":"3 Sentries","floor":11.0,"turns":3.0},{"damage":0.0,"enemies":"Gremlin Gang","floor":12.0,"turns":1.0},{"damage":0.0,"enemies":"2 Fungi Beasts","floor":14.0,"turns":1.0},{"damage":12.0,"enemies":"Slime Boss","floor":16.0,"turns":4.0},{"damage":9.0,"enemies":"Chosen","floor":18.0,"turns":2.0},{"damage":11.0,"enemies":"3 Byrds","floor":20.0,"turns":3.0},{"damage":8.0,"enemies":"Centurion and Healer","floor":22.0,"turns":3.0},{"damage":22.0,"enemies":"Book of Stabbing","floor":24.0,"turns":3.0},{"damage":9.0,"enemies":"Sentry and Sphere","floor":29.0,"turns":3.0},{"damage":10.0,"enemies":"Shelled Parasite and Fungi","floor":30.0,"turns":2.0},{"damage":49.0,"enemies":"Collector","floor":33.0,"turns":6.0},{"damage":15.0,"enemies":"3 Shapes","floor":35.0,"turns":3.0},{"damage":34.0,"enemies":"2 Orb Walkers","floor":37.0,"turns":3.0},{"damage":0.0,"enemies":"Reptomancer","floor":40.0,"turns":2.0},{"damage":6.0,"enemies":"Orb Walker","floor":42.0,"turns":3.0},{"damage":54.0,"enemies":"Nemesis","floor":44.0,"turns":5.0},{"damage":0.0,"enemies":"3 Darklings","floor":45.0,"turns":3.0},{"damage":6,"enemies":"Sphere and 2 Shapes","floor":46,"turns":2},{"damage":35,"enemies":"Awakened One","floor":50,"turns":5}],"seed_played":"207937373547659830","potions_obtained":[{"floor":1.0,"key":"Ancient Potion"},{"floor":5.0,"key":"Block Potion"},{"floor":7.0,"key":"FairyPotion"},{"floor":10.0,"key":"SteroidPotion"},{"floor":42.0,"key":"Explosive Potion"}],"is_trial":false,"path_per_floor":["M","?","$","?","M","E","M","$","T","M","E","M","R","M","R","B",null,"M","?","M","$","M","R","E","R","T","$","?","M","M","?","R","B",null,"M","$","?","?","?","E","R","M","T","E","M","M","T","?","R","B",null],"character_chosen":"IRONCLAD","items_purchased":["Brimstone","Sling","Metallicize","DollysMirror"],"campfire_rested":1,"item_purchase_floors":[3,8,8,36],"current_hp_per_floor":[80,64,64,64,70,73,77,77,77,74,73,80,80,80,80,74,80,77,77,74,74,74,74,60,60,60,60,60,59,57,71,71,30,94,85,85,59,59,59,67,67,69,69,23,31,33,33,33,61,34],"gold":432,"neow_bonus":"HUNDRED_GOLD","is_prod":false,"is_daily":false,"chose_seed":false,"campfire_upgraded":6,"win_rate":0,"timestamp":1557337768,"path_taken":["M","?","$","?","?","E","M","$","T","?","E","M","R","M","R","BOSS","M","?","M","$","M","R","E","R","T","$","?","?","M","?","R","BOSS","M","$","?","?","?","E","R","?","T","E","M","M","?","?","R","BOSS"],"build_version":"2019-01-23","purchased_purges":3,"victory":true,"max_hp_per_floor":[80,80,80,80,80,80,80,80,80,80,80,80,80,80,80,80,80,80,80,80,80,80,80,80,80,80,80,80,80,80,94,94,94,94,94,94,94,94,94,94,94,94,94,94,94,94,94,94,94,94],"card_choices":[{"not_picked":["Sentinel","True Grit"],"picked":"Heavy Blade","floor":1.0},{"not_picked":["Pommel Strike","Combust"],"picked":"Sword Boomerang","floor":5.0},{"not_picked":["Rupture","Headbutt"],"picked":"Immolate","floor":6.0},{"not_picked":["Bloodletting","Searing Blow"],"picked":"Clothesline","floor":7.0},{"not_picked":["Clothesline","Second Wind","Wild Strike"],"picked":"SKIP","floor":10.0},{"not_picked":["Seeing Red","Bloodletting","Wild Strike"],"picked":"SKIP","floor":11.0},{"not_picked":["Body Slam","Burning Pact","Armaments"],"picked":"SKIP","floor":12.0},{"not_picked":["Iron Wave","Shrug It Off","Havoc"],"picked":"SKIP","floor":14.0},{"not_picked":["Impervious","Brutality"],"picked":"Offering","floor":16.0},{"not_picked":["True Grit","Twin Strike","Rage"],"picked":"SKIP","floor":18.0},{"not_picked":["Shrug It Off","Twin Strike"],"picked":"Shockwave+1","floor":20.0},{"not_picked":["Feed","Intimidate","Wild Strike+1"],"picked":"SKIP","floor":22.0},{"not_picked":["Searing Blow","Body Slam","Sever Soul+1"],"picked":"SKIP","floor":24.0},{"not_picked":["Rupture","Headbutt"],"picked":"Inflame","floor":29.0},{"not_picked":["True Grit","Anger+1"],"picked":"Flame Barrier+1","floor":30.0},{"not_picked":["Feed","Exhume"],"picked":"Double Tap","floor":33.0},{"not_picked":["Clothesline","Iron Wave"],"picked":"Sword Boomerang+1","floor":35.0},{"not_picked":["Shrug It Off+1","Hemokinesis+1"],"picked":"Sword Boomerang+1","floor":40.0},{"not_picked":["Body Slam+1","Rupture+1","Entrench"],"picked":"SKIP","floor":42.0},{"not_picked":["Brutality","Shrug It Off"],"picked":"True Grit","floor":44.0},{"not_picked":["Entrench+1","Thunderclap+1"],"picked":"Disarm+1","floor":45.0},{"not_picked":["Sever Soul+1","Havoc+1"],"picked":"Metallicize+1","floor":46}],"player_experience":1389808,"relics_obtained":[{"floor":6.0,"key":"Ornamental Fan"},{"floor":9.0,"key":"Bottled Flame"},{"floor":11.0,"key":"Blood Vial"},{"floor":24.0,"key":"Gremlin Horn"},{"floor":26.0,"key":"The Courier"},{"floor":37.0,"key":"Ice Cream"},{"floor":40.0,"key":"Potion Belt"},{"floor":43.0,"key":"Lantern"},{"floor":44.0,"key":"Toxic Egg 2"},{"floor":47,"key":"Kunai"}],"event_choices":[{"damage_healed":0.0,"max_hp_gain":0.0,"max_hp_loss":0.0,"gold_gain":0.0,"event_name":"Shining Light","player_choice":"Entered Light","floor":2.0,"gold_loss":0.0,"damage_taken":16.0,"cards_upgraded":["Strike_R","Strike_R"]},{"damage_healed":0.0,"max_hp_gain":0.0,"max_hp_loss":0.0,"gold_gain":275.0,"event_name":"Golden Shrine","player_choice":"Desecrate","floor":4.0,"gold_loss":0.0,"damage_taken":0.0,"cards_obtained":["Regret"]},{"cards_removed":["Defend_R"],"damage_healed":0.0,"max_hp_gain":0.0,"max_hp_loss":0.0,"gold_gain":0.0,"event_name":"Beggar","player_choice":"Gave Gold","floor":19.0,"gold_loss":75.0,"damage_taken":0.0},{"damage_healed":0.0,"max_hp_gain":0.0,"max_hp_loss":0.0,"gold_gain":275.0,"event_name":"Golden Shrine","player_choice":"Desecrate","floor":28.0,"gold_loss":0.0,"damage_taken":0.0,"cards_obtained":["Regret"]},{"damage_healed":0.0,"max_hp_gain":0.0,"max_hp_loss":0.0,"gold_gain":0.0,"event_name":"Addict","player_choice":"Obtained Relic","floor":31.0,"gold_loss":85.0,"damage_taken":0.0,"relics_obtained":["Mango"]},{"damage_healed":0.0,"max_hp_gain":0.0,"max_hp_loss":0.0,"gold_gain":0.0,"event_name":"Mysterious Sphere","player_choice":"Fight","floor":37.0,"gold_loss":0.0,"damage_taken":0.0},{"damage_healed":0.0,"max_hp_gain":0.0,"max_hp_loss":0.0,"gold_gain":0.0,"event_name":"Tomb of Lord Red Mask","player_choice":"Ignored","floor":38.0,"gold_loss":0.0,"damage_taken":0.0},{"damage_healed":0.0,"max_hp_gain":0.0,"max_hp_loss":0.0,"gold_gain":0.0,"event_name":"FaceTrader","player_choice":"Trade","floor":39.0,"gold_loss":0.0,"damage_taken":0.0,"relics_obtained":["CultistMask"]},{"cards_removed":["Strike_R"],"damage_healed":0,"gold_gain":0,"player_choice":"Removed Attack","damage_taken":0,"max_hp_gain":0,"max_hp_loss":0,"event_name":"Falling","floor":48,"gold_loss":0}],"is_beta":false,"boss_relics":[{"not_picked":["Ectoplasm","Black Star"],"picked":"Velvet Choker"},{"not_picked":["Orrery","Lizard Tail"],"picked":"Cursed Key"}],"items_purged_floors":[8,21,36],"is_endless":false,"potions_floor_spawned":[1,5,7,10,12,16,20,22,30,42],"ascension_level":0}