{"gold_per_floor":[112,112,37,55,55,89,89,108,108,108,126,126,142,182,182,182],"floor_reached":16,"playtime":602,"items_purged":["Strike_R"],"score":270,"play_id":"894b8bf8-02bf-4772-8305-d51679361167","local_time":"20190309185513","is_ascension_mode":true,"campfire_choices":[{"data":"True Grit","floor":10.0,"key":"SMITH"},{"data":"Havoc","floor":12.0,"key":"SMITH"},{"data":"Seeing Red","floor":15.0,"key":"SMITH"}],"neow_cost":"NONE","seed_source_timestamp":719391245214860,"circlet_count":0,"master_deck":["AscendersBane","Strike_R","Strike_R","Strike_R","Defend_R","Defend_R","Defend_R","Defend_R","Bash","Flex","True Grit+1","Reaper","Pommel Strike","Havoc+1","Power Through","Seeing Red+1","Barricade+1"],"special_seed":0,"relics":["Burning Blood","NeowsBlessing","Frozen Egg 2","Golden Idol","Pantograph","Smiling Mask","Pen Nib"],"potions_floor_usage":[],"damage_taken":[{"damage":0.0,"enemies":"Small Slimes","floor":1.0,"turns":1.0},{"damage":0.0,"enemies":"2 Louse","floor":4.0,"turns":1.0},{"damage":0.0,"enemies":"Gremlin Nob","floor":6.0,"turns":1.0},{"damage":20.0,"enemies":"Cultist","floor":8.0,"turns":6.0},{"damage":6.0,"enemies":"Blue Slaver","floor":11.0,"turns":6.0},{"damage":22.0,"enemies":"Large Slime","floor":13.0,"turns":8.0},{"damage":70.0,"enemies":"3 Sentries","floor":14.0,"turns":18.0},{"damage":23,"enemies":"Slime Boss","floor":16,"turns":6}],"seed_played":"1913730413849503005","potions_obtained":[{"floor":4.0,"key":"SneckoOil"},{"floor":13.0,"key":"Regen Potion"}],"is_trial":false,"path_per_floor":["M","?","$","M","?","E","?","M","T","R","M","R","M","E","R","B"],"character_chosen":"IRONCLAD","items_purchased":[],"campfire_rested":0,"item_purchase_floors":[],"current_hp_per_floor":[74,56,56,62,62,68,68,60,60,60,60,60,53,15,15,17],"gold":182,"neow_bonus":"THREE_ENEMY_KILL","is_prod":false,"is_daily":false,"chose_seed":false,"campfire_upgraded":3,"win_rate":0,"timestamp":1552128913,"path_taken":["M","?","$","M","?","E","?","M","T","R","M","R","M","E","R","BOSS"],"build_version":"2019-01-23","purchased_purges":1,"victory":false,"max_hp_per_floor":[75,75,75,75,68,68,68,68,68,68,68,68,68,68,68,68],"card_choices":[{"not_picked":["Havoc","Metallicize"],"picked":"Flex","floor":1.0},{"not_picked":["Flex","Headbutt"],"picked":"True Grit","floor":4.0},{"not_picked":["Body Slam","Clash"],"picked":"Reaper","floor":6.0},{"not_picked":["Flex","Headbutt"],"picked":"Havoc","floor":8.0},{"not_picked":["Clothesline","Cleave"],"picked":"Power Through","floor":11.0},{"not_picked":["Clothesline","True Grit"],"picked":"Seeing Red","floor":13.0},{"not_picked":["Body Slam","Thunderclap"],"picked":"Barricade+1","floor":14.0}],"player_experience":1197027,"relics_obtained":[{"floor":6.0,"key":"Pantograph"},{"floor":9.0,"key":"Smiling Mask"},{"floor":14.0,"key":"Pen Nib"}],"event_choices":[{"damage_healed":0.0,"max_hp_gain":0.0,"max_hp_loss":0.0,"gold_gain":0.0,"event_name":"Scrap Ooze","player_choice":"Success","floor":2.0,"gold_loss":0.0,"damage_taken":18.0,"relics_obtained":["Frozen Egg 2"]},{"damage_healed":0.0,"max_hp_gain":0.0,"max_hp_loss":7.0,"gold_gain":0.0,"event_name":"Golden Idol","player_choice":"Lose Max HP","floor":5.0,"gold_loss":0.0,"damage_taken":0.0,"relics_obtained":["Golden Idol"]},{"damage_healed":0.0,"max_hp_gain":0.0,"max_hp_loss":0.0,"gold_gain":0.0,"cards_transformed":["Strike_R"],"event_name":"Living Wall","player_choice":"Change","floor":7.0,"gold_loss":0.0,"damage_taken":0.0,"cards_obtained":["Pommel Strike"]}],"is_beta":false,"boss_relics":[],"items_purged_floors":[3],"is_endless":false,"potions_floor_spawned":[4,13],"killed_by":"Slime Boss","ascension_level":20}