{"gold_per_floor":[115,127,127,127,141,141,176,176,199,222,260,260,283,304,304,428,428,448,469,490,490],"floor_reached":21,"playtime":1080,"items_purged":[],"score":293,"play_id":"06ae0c66-a3b4-4f95-a1c2-8adbbe2e0678","local_time":"20190514144720","is_ascension_mode":true,"campfire_choices":[{"floor":6,"key":"REST"},{"floor":12,"key":"REST"},{"floor":15,"key":"REST"}],"neow_cost":"PERCENT_DAMAGE","seed_source_timestamp":836729291152500,"circlet_count":0,"master_deck":["AscendersBane","Strike_B+1","Strike_B","Strike_B","Defend_B","Defend_B","Defend_B","Defend_B","Zap","Dualcast","Double Energy","Rip and Tear","Go for the Eyes","Electrodynamics","Defragment","Cold Snap+1","Core Surge","Conserve Battery","Biased Cognition","Chill","Capacitor","Loop","Undo","Loop","Echo Form","FTL+1","Recycle","Redo"],"relics":["Cracked Core","Prayer Wheel","Golden Idol","Odd Mushroom","Art of War","Whetstone","Inserter"],"potions_floor_usage":[10,16,16,19,20],"damage_taken":[{"damage":0,"enemies":"Jaw Worm","floor":1,"turns":3},{"damage":0,"enemies":"2 Louse","floor":2,"turns":2},{"damage":11,"enemies":"Small Slimes","floor":5,"turns":3},{"damage":6,"enemies":"The Mushroom Lair","floor":7,"turns":2},{"damage":17,"enemies":"Gremlin Gang","floor":10,"turns":4},{"damage":15,"enemies":"3 Sentries","floor":11,"turns":3},{"damage":6,"enemies":"Red Slaver","floor":13,"turns":3},{"damage":0,"enemies":"2 Fungi Beasts","floor":14,"turns":3},{"damage":11,"enemies":"Hexaghost","floor":16,"turns":8},{"damage":5,"enemies":"Chosen","floor":18,"turns":5},{"damage":35,"enemies":"2 Thieves","floor":19,"turns":5},{"damage":11,"enemies":"Cultist and Chosen","floor":20,"turns":6},{"damage":21,"enemies":"Sentry and Sphere","floor":21,"turns":5}],"seed_played":"947008386909117060","potions_obtained":[{"floor":1,"key":"Block Potion"},{"floor":2,"key":"FearPotion"},{"floor":11,"key":"Weak Potion"},{"floor":16,"key":"PowerPotion"},{"floor":19,"key":"EssenceOfSteel"}],"is_trial":false,"path_per_floor":["M","M","?","$","M","R","?","?","T","M","E","R","M","M","R","B",null,"M","M","M","M"],"character_chosen":"DEFECT","items_purchased":[],"campfire_rested":3,"item_purchase_floors":[],"current_hp_per_floor":[50,50,50,50,39,59,53,53,53,36,21,41,35,35,55,44,63,58,23,12,0],"gold":490,"neow_bonus":"ONE_RARE_RELIC","is_prod":false,"is_daily":false,"chose_seed":false,"campfire_upgraded":0,"win_rate":0,"timestamp":1557841640,"path_taken":["M","M","?","$","M","R","?","?","T","M","E","R","?","M","R","BOSS","M","M","?","?"],"build_version":"2019-01-23","purchased_purges":0,"victory":false,"max_hp_per_floor":[75,75,69,69,69,69,69,69,69,69,69,69,69,69,69,69,69,69,69,69,69],"card_choices":[{"not_picked":["Steam Power","Hello World"],"picked":"Double Energy","floor":1},{"not_picked":["Compile Driver","Leap"],"picked":"Rip and Tear","floor":1},{"not_picked":["Redo","Steam"],"picked":"Go for the Eyes","floor":2},{"not_picked":["Beam Cell","Streamline"],"picked":"Electrodynamics","floor":2},{"not_picked":["Skim","Lockon"],"picked":"Defragment","floor":5},{"not_picked":["Fusion","Lockon","Turbo"],"picked":"SKIP","floor":5},{"not_picked":["Conserve Battery","Stack"],"picked":"Cold Snap","floor":7},{"not_picked":["Barrage","Stack"],"picked":"Conserve Battery","floor":10},{"not_picked":["Darkness","Rip and Tear"],"picked":"Biased Cognition","floor":10},{"not_picked":["Leap","Rip and Tear"],"picked":"Chill","floor":11},{"not_picked":["Melter","Consume"],"picked":"Capacitor","floor":13},{"not_picked":["Leap","Stack"],"picked":"Loop","floor":13},{"not_picked":["Hello World","Hologram"],"picked":"Undo","floor":14},{"not_picked":["Sweeping Beam","Ball Lightning"],"picked":"Loop","floor":14},{"not_picked":["All For One","Fission"],"picked":"Echo Form","floor":16},{"not_picked":["Hologram","Leap","Beam Cell"],"picked":"SKIP","floor":18},{"not_picked":["Ball Lightning","Stack","Leap+1"],"picked":"SKIP","floor":18},{"not_picked":["Leap","Hologram"],"picked":"FTL+1","floor":19},{"not_picked":["Steam Power+1","Conserve Battery"],"picked":"Recycle","floor":19},{"not_picked":["Ball Lightning","Blizzard"],"picked":"Redo","floor":20},{"not_picked":["Static Discharge","Hologram+1","Barrage"],"picked":"SKIP","floor":20}],"player_experience":552700,"relics_obtained":[{"floor":7,"key":"Odd Mushroom"},{"floor":9,"key":"Art of War"},{"floor":11,"key":"Whetstone"}],"event_choices":[{"damage_healed":0,"gold_gain":0,"player_choice":"Lose Max HP","damage_taken":0,"relics_obtained":["Golden Idol"],"max_hp_gain":0,"max_hp_loss":6,"event_name":"Golden Idol","floor":3,"gold_loss":0},{"damage_healed":0,"gold_gain":0,"player_choice":"Fought Mushrooms","damage_taken":0,"max_hp_gain":0,"max_hp_loss":0,"event_name":"Mushrooms","floor":7,"gold_loss":0},{"damage_healed":0,"gold_gain":0,"cards_transformed":["Strike_B"],"player_choice":"Transformed","damage_taken":0,"max_hp_gain":0,"max_hp_loss":0,"event_name":"Transmorgrifier","floor":8,"gold_loss":0,"cards_obtained":["Core Surge"]}],"is_beta":false,"boss_relics":[{"not_picked":["Calling Bell","Runic Pyramid"],"picked":"Inserter"}],"items_purged_floors":[],"is_endless":false,"potions_floor_spawned":[1,2,11,16,19],"killed_by":"Sentry and Sphere","ascension_level":12}