{"gold_per_floor":[115,132,202,14,27,57,57,91,117,117,127,137,155,155],"floor_reached":14,"playtime":1504,"items_purged":[],"score":102,"play_id":"32101449-0caa-4465-b240-b7dd0aa32b5d","local_time":"20190510125924","is_ascension_mode":false,"campfire_choices":[{"data":"Strike_B","floor":7,"key":"PURGE"},{"data":"Defend_B","floor":10,"key":"PURGE"}],"neow_cost":"PERCENT_DAMAGE","seed_source_timestamp":1150046612261,"circlet_count":0,"master_deck":["Strike_B","Strike_B","Strike_B","Defend_B","Defend_B","Defend_B","Zap","Dualcast","Coolheaded","The Bomb","Reinforced Body"],"relics":["Cracked Core","Peace Pipe","Happy Flower","Matryoshka","Sundial","Regal Pillow"],"potions_floor_usage":[8],"damage_taken":[{"damage":1,"enemies":"Cultist","floor":1,"turns":4},{"damage":4,"enemies":"Jaw Worm","floor":2,"turns":3},{"damage":0,"enemies":"2 Louse","floor":5,"turns":3},{"damage":16,"enemies":"Lagavulin","floor":6,"turns":6},{"damage":4,"enemies":"Gremlin Nob","floor":8,"turns":3},{"damage":0,"enemies":"Large Slime","floor":11,"turns":5},{"damage":6,"enemies":"3 Louse","floor":12,"turns":4},{"damage":5,"enemies":"Blue Slaver","floor":13,"turns":3},{"damage":19,"enemies":"Lots of Slimes","floor":14,"turns":3}],"seed_played":"5723670298456714989","potions_obtained":[{"floor":5,"key":"Block Potion"},{"floor":8,"key":"EssenceOfSteel"},{"floor":11,"key":"Dexterity Potion"},{"floor":13,"key":"GamblersBrew"}],"is_trial":false,"path_per_floor":["M","M","T","$","M","E","R","E","T","R","M","M","M","M"],"character_chosen":"DEFECT","items_purchased":["The Bomb"],"campfire_rested":0,"item_purchase_floors":[4],"current_hp_per_floor":[53,49,49,49,49,33,33,29,29,29,29,23,18,0],"gold":155,"neow_bonus":"ONE_RARE_RELIC","is_prod":false,"is_daily":false,"chose_seed":false,"campfire_upgraded":0,"win_rate":0,"timestamp":1557514764,"path_taken":["M","M","?","$","?","E","R","E","T","R","M","M","M","M"],"build_version":"2019-01-23","purchased_purges":0,"victory":false,"max_hp_per_floor":[75,75,75,75,75,75,75,75,75,75,75,75,75,75],"card_choices":[{"not_picked":["Cold Snap","Sweeping Beam"],"picked":"Coolheaded","floor":1},{"not_picked":["Storm","Force Field","Melter"],"picked":"SKIP","floor":2},{"not_picked":["Cold Snap","Rebound","Hologram"],"picked":"SKIP","floor":5},{"not_picked":["Double Energy","Rebound"],"picked":"Reinforced Body","floor":6},{"not_picked":["Hologram","BootSequence","FTL"],"picked":"SKIP","floor":8},{"not_picked":["Stack","Beam Cell","Barrage"],"picked":"SKIP","floor":11},{"not_picked":["Stack","Beam Cell","Barrage"],"picked":"SKIP","floor":11},{"not_picked":["Beam Cell","Buffer","Gash"],"picked":"SKIP","floor":12},{"not_picked":["Barrage","Beam Cell","Ball Lightning"],"picked":"SKIP","floor":13},{"not_picked":["Barrage","Beam Cell","Ball Lightning"],"picked":"SKIP","floor":13}],"player_experience":1395601,"relics_obtained":[{"floor":6,"key":"Happy Flower"},{"floor":8,"key":"Matryoshka"},{"floor":9,"key":"Sundial"},{"floor":9,"key":"Regal Pillow"}],"event_choices":[],"is_beta":false,"boss_relics":[],"items_purged_floors":[],"is_endless":false,"potions_floor_spawned":[5,8,11,13],"killed_by":"Lots of Slimes","ascension_level":0}