{"gold_per_floor":[115,115,115,115,115,115,115,130,157,157,171,215,231,249,249,342,342,361,6,22,43,0,0,0,44,96,96],"floor_reached":27,"playtime":591,"items_purged":["Perfected Strike"],"score":462,"play_id":"bd8a0486-3a66-4b44-a6e6-dd074ebd90d3","local_time":"20190415135858","is_ascension_mode":true,"campfire_choices":[{"data":"Body Slam","floor":6.0,"key":"SMITH"},{"data":"Sword Boomerang","floor":15.0,"key":"SMITH"},{"floor":23,"key":"REST"}],"neow_cost":"NONE","seed_source_timestamp":414770543295655,"circlet_count":0,"master_deck":["AscendersBane","Bash+1","Body Slam+1","Bludgeon","Spot Weakness","Sword Boomerang+1","Limit Break","Sentinel","Inflame","Second Wind","Rampage","Barricade","Twin Strike","Apotheosis","Evolve+1","Pommel Strike+1"],"special_seed":0,"relics":["Burning Blood","Centennial Puzzle","Golden Idol","PreservedInsect","Juzu Bracelet","Ancient Tea Set","Oddly Smooth Stone","Pandora\u0027s Box","Membership Card","Toxic Egg 2","Potion Belt"],"potions_floor_usage":[],"damage_taken":[{"damage":10.0,"enemies":"2 Louse","floor":1.0,"turns":4.0},{"damage":0.0,"enemies":"Jaw Worm","floor":8.0,"turns":3.0},{"damage":2.0,"enemies":"Small Slimes","floor":11.0,"turns":4.0},{"damage":7.0,"enemies":"Lagavulin","floor":12.0,"turns":6.0},{"damage":7.0,"enemies":"Blue Slaver","floor":13.0,"turns":3.0},{"damage":1.0,"enemies":"2 Fungi Beasts","floor":14.0,"turns":3.0},{"damage":9.0,"enemies":"The Guardian","floor":16.0,"turns":9.0},{"damage":16.0,"enemies":"Shell Parasite","floor":18.0,"turns":3.0},{"damage":22.0,"enemies":"Spheric Guardian","floor":20.0,"turns":4.0},{"damage":9.0,"enemies":"Cultist and Chosen","floor":21.0,"turns":5.0},{"damage":39,"enemies":"Book of Stabbing","floor":25,"turns":3},{"damage":16,"enemies":"Snake Plant","floor":27,"turns":1}],"seed_played":"1741110833812942195","potions_obtained":[{"floor":8.0,"key":"SpeedPotion"},{"floor":12.0,"key":"Poison Potion"},{"floor":14.0,"key":"Strength Potion"},{"floor":16.0,"key":"SkillPotion"},{"floor":18.0,"key":"LiquidBronze"},{"floor":25,"key":"Strength Potion"}],"is_trial":false,"path_per_floor":["M","?","?","?","?","R","T","M","T","?","M","E","M","M","R","B",null,"M","$","M","M","?","R","$","E","T","M"],"character_chosen":"IRONCLAD","items_purchased":["Membership Card","Apotheosis"],"campfire_rested":1,"item_purchase_floors":[19,19],"current_hp_per_floor":[64,64,64,38,18,18,18,24,24,17,21,20,19,24,24,21,56,46,46,30,27,27,47,47,14,14,0],"gold":96,"neow_bonus":"RANDOM_COMMON_RELIC","is_prod":false,"is_daily":false,"chose_seed":false,"campfire_upgraded":2,"win_rate":0,"timestamp":1555307938,"path_taken":["M","?","?","?","?","R","?","M","T","?","M","E","M","M","R","BOSS","M","$","M","M","?","R","$","E","T","M"],"build_version":"2019-01-23","purchased_purges":1,"victory":false,"max_hp_per_floor":[75,68,68,68,68,68,68,68,68,68,68,68,68,68,68,68,68,68,68,68,68,68,68,68,68,68,68],"card_choices":[{"not_picked":["Twin Strike","Armaments"],"picked":"Body Slam","floor":1.0},{"not_picked":["Clash","Uppercut","Blood for Blood"],"picked":"SKIP","floor":8.0},{"not_picked":["Iron Wave","Armaments"],"picked":"Bludgeon","floor":11.0},{"not_picked":["Iron Wave","Cleave"],"picked":"Spot Weakness","floor":12.0},{"not_picked":["Metallicize","Whirlwind"],"picked":"Sword Boomerang","floor":13.0},{"not_picked":["Clothesline","Havoc","Iron Wave"],"picked":"SKIP","floor":14.0},{"not_picked":["Bludgeon","Reaper"],"picked":"Limit Break","floor":16.0},{"not_picked":["Armaments","Metallicize","Heavy Blade+1"],"picked":"SKIP","floor":18.0},{"not_picked":["Cleave","Havoc","Armaments"],"picked":"SKIP","floor":20.0},{"not_picked":["Flex+1","Anger"],"picked":"Evolve+1","floor":21.0},{"not_picked":["Headbutt","Iron Wave"],"picked":"Pommel Strike+1","floor":25}],"player_experience":1658183,"relics_obtained":[{"floor":7.0,"key":"Juzu Bracelet"},{"floor":9.0,"key":"Ancient Tea Set"},{"floor":12.0,"key":"Oddly Smooth Stone"},{"floor":25,"key":"Toxic Egg 2"},{"floor":26,"key":"Potion Belt"}],"event_choices":[{"damage_healed":0.0,"max_hp_gain":0.0,"max_hp_loss":7.0,"gold_gain":0.0,"event_name":"Golden Idol","player_choice":"Lose Max HP","floor":2.0,"gold_loss":0.0,"damage_taken":0.0,"relics_obtained":["Golden Idol"]},{"cards_removed":["Strike_R"],"damage_healed":0.0,"max_hp_gain":0.0,"max_hp_loss":0.0,"gold_gain":0.0,"event_name":"Living Wall","player_choice":"Forget","floor":3.0,"gold_loss":0.0,"damage_taken":0.0},{"damage_healed":0.0,"max_hp_gain":0.0,"max_hp_loss":0.0,"gold_gain":0.0,"event_name":"Scrap Ooze","player_choice":"Success","floor":4.0,"gold_loss":0.0,"damage_taken":26.0,"relics_obtained":["PreservedInsect"]},{"damage_healed":0.0,"max_hp_gain":0.0,"max_hp_loss":0.0,"gold_gain":0.0,"event_name":"Shining Light","player_choice":"Entered Light","floor":5.0,"gold_loss":0.0,"damage_taken":20.0,"cards_upgraded":["Defend_R","Bash"]},{"cards_removed":["Strike_R"],"damage_healed":0.0,"max_hp_gain":0.0,"max_hp_loss":0.0,"gold_gain":0.0,"event_name":"Golden Wing","player_choice":"Card Removal","floor":10.0,"gold_loss":0.0,"damage_taken":7.0},{"damage_healed":0.0,"max_hp_gain":0.0,"max_hp_loss":0.0,"gold_gain":0.0,"event_name":"Masked Bandits","player_choice":"Paid Fearfully","floor":22.0,"gold_loss":43.0,"damage_taken":0.0}],"is_beta":false,"boss_relics":[{"not_picked":["Runic Pyramid","White Beast Statue"],"picked":"Pandora\u0027s Box"}],"items_purged_floors":[19],"is_endless":false,"potions_floor_spawned":[8,12,14,16,18,25],"killed_by":"Snake Plant","ascension_level":20}