{"gold_per_floor":[118,43,54,66,66,66,91,103,103,113,113,113,113,126,126,126],"floor_reached":16,"playtime":849,"items_purged":[],"score":199,"play_id":"736c7ef9-27ec-4bdd-b7e9-d8b2cdba549a","local_time":"20190509122611","is_ascension_mode":true,"campfire_choices":[{"floor":13,"key":"REST"},{"floor":15,"key":"REST"}],"neow_cost":"NONE","seed_source_timestamp":396480024800700,"circlet_count":0,"master_deck":["AscendersBane","Defend_G","Defend_G","Defend_G","Defend_G","Strike_G","Strike_G","Strike_G","Survivor","Neutralize+1","Acrobatics","PiercingWail","Crippling Poison+1","PiercingWail","Leg Sweep","Cloak And Dagger","Dodge and Roll"],"relics":["Ring of the Snake","Bottled Lightning","Singing Bowl"],"potions_floor_usage":[7,7,16],"damage_taken":[{"damage":0,"enemies":"Jaw Worm","floor":1,"turns":5},{"damage":0,"enemies":"2 Louse","floor":3,"turns":3},{"damage":1,"enemies":"Small Slimes","floor":4,"turns":4},{"damage":55,"enemies":"3 Sentries","floor":7,"turns":18},{"damage":0,"enemies":"3 Louse","floor":8,"turns":2},{"damage":0,"enemies":"Lots of Slimes","floor":10,"turns":2},{"damage":0,"enemies":"Exordium Wildlife","floor":14,"turns":8},{"damage":54,"enemies":"Hexaghost","floor":16,"turns":16}],"seed_played":"8911982836033024767","potions_obtained":[{"floor":1,"key":"Regen Potion"},{"floor":4,"key":"Poison Potion"},{"floor":7,"key":"GamblersBrew"},{"floor":10,"key":"Energy Potion"}],"is_trial":false,"path_per_floor":["M","?","M","M","?","?","E","M","T","M","$","?","R","M","R","B"],"character_chosen":"THE_SILENT","items_purchased":[],"campfire_rested":2,"item_purchase_floors":[],"current_hp_per_floor":[59,59,59,58,58,51,10,10,10,10,10,10,29,31,51,0],"gold":126,"neow_bonus":"UPGRADE_CARD","is_prod":false,"is_daily":false,"chose_seed":false,"campfire_upgraded":0,"win_rate":0,"timestamp":1557401171,"path_taken":["M","?","M","M","?","?","E","M","T","M","$","?","R","?","R","BOSS"],"build_version":"2019-01-23","purchased_purges":0,"victory":false,"max_hp_per_floor":[66,66,66,66,66,66,66,66,66,66,66,66,66,68,68,68],"card_choices":[{"not_picked":["Blade Dance","Skewer"],"picked":"Acrobatics","floor":1},{"not_picked":["Distraction","Concentrate"],"picked":"PiercingWail","floor":3},{"not_picked":["Outmaneuver","Dodge and Roll"],"picked":"Crippling Poison","floor":4},{"not_picked":["Quick Slash","Accuracy"],"picked":"PiercingWail","floor":7},{"not_picked":["Setup","Acrobatics"],"picked":"Leg Sweep","floor":8},{"not_picked":["Phantasmal Killer","Dagger Throw"],"picked":"Cloak And Dagger","floor":10},{"not_picked":["Blade Dance","Slice","Quick Slash"],"picked":"Singing Bowl","floor":14}],"player_experience":492841,"relics_obtained":[{"floor":7,"key":"Bottled Lightning"},{"floor":9,"key":"Singing Bowl"}],"event_choices":[{"cards_removed":["Strike_G"],"damage_healed":0,"gold_gain":0,"player_choice":"Card Removal","damage_taken":0,"max_hp_gain":0,"max_hp_loss":0,"event_name":"The Cleric","floor":2,"gold_loss":75},{"damage_healed":0,"gold_gain":0,"player_choice":"Grow","damage_taken":0,"max_hp_gain":0,"max_hp_loss":0,"event_name":"Living Wall","floor":5,"gold_loss":0,"cards_upgraded":["Crippling Poison"]},{"cards_removed":["Defend_G"],"damage_healed":0,"gold_gain":0,"player_choice":"Card Removal","damage_taken":7,"max_hp_gain":0,"max_hp_loss":0,"event_name":"Golden Wing","floor":6,"gold_loss":0},{"damage_healed":0,"gold_gain":0,"cards_transformed":["Strike_G"],"player_choice":"Transformed","damage_taken":0,"max_hp_gain":0,"max_hp_loss":0,"event_name":"Transmorgrifier","floor":12,"gold_loss":0,"cards_obtained":["Dodge and Roll"]}],"is_beta":false,"boss_relics":[],"items_purged_floors":[],"is_endless":false,"potions_floor_spawned":[1,4,7,10],"killed_by":"Hexaghost","ascension_level":19}