{"gold_per_floor":[118,43,58,58,58,84,84,103,103,115,134,134,134,168,168,247,247,257,277,277,301,216,216,227,227],"floor_reached":25,"playtime":621,"items_purged":["Strike_R"],"score":472,"play_id":"a2c89ae3-ff14-4ec8-994f-2c28deddff14","local_time":"20190215234102","is_ascension_mode":true,"campfire_choices":[{"data":"Flex","floor":7.0,"key":"SMITH"},{"data":"Carnage","floor":12.0,"key":"SMITH"},{"data":"1","floor":15.0,"key":"LIFT"},{"data":"True Grit","floor":23.0,"key":"SMITH"}],"neow_cost":"NONE","seed_source_timestamp":0,"circlet_count":0,"master_deck":["AscendersBane","Strike_R","Strike_R","Strike_R","Strike_R","Defend_R","Defend_R","Defend_R","Defend_R","Bash","Battle Trance","Offering","Flex+1","Carnage+1","Shrug It Off","Demon Form","True Grit+1","Impervious"],"special_seed":0,"relics":["Burning Blood","NeowsBlessing","Calipers","Gremlin Horn","Girya","Sozu","PreservedInsect","Anchor"],"potions_floor_usage":[],"damage_taken":[{"damage":0.0,"enemies":"Cultist","floor":1.0,"turns":1.0},{"damage":0.0,"enemies":"Small Slimes","floor":3.0,"turns":1.0},{"damage":0.0,"enemies":"Lagavulin","floor":6.0,"turns":1.0},{"damage":1.0,"enemies":"2 Louse","floor":8.0,"turns":3.0},{"damage":6.0,"enemies":"Large Slime","floor":10.0,"turns":4.0},{"damage":7.0,"enemies":"Exordium Thugs","floor":11.0,"turns":4.0},{"damage":15.0,"enemies":"3 Sentries","floor":14.0,"turns":7.0},{"damage":57.0,"enemies":"Slime Boss","floor":16.0,"turns":8.0},{"damage":22.0,"enemies":"Shell Parasite","floor":18.0,"turns":3.0},{"damage":18.0,"enemies":"2 Thieves","floor":19.0,"turns":4.0},{"damage":10,"enemies":"Snake Plant","floor":24,"turns":3},{"damage":6,"enemies":"Chosen and Byrds","floor":25,"turns":3}],"seed_played":"1625120926463814748","potions_obtained":[{"floor":3.0,"key":"Explosive Potion"},{"floor":8.0,"key":"Swift Potion"},{"floor":16.0,"key":"PowerPotion"}],"is_trial":false,"path_per_floor":["M","$","M","?","?","E","R","M","T","M","M","R","?","E","R","B",null,"M","M","?","T","?","R","M","M"],"character_chosen":"IRONCLAD","items_purchased":[],"campfire_rested":0,"item_purchase_floors":[],"current_hp_per_floor":[74,74,75,80,80,80,80,80,80,80,79,79,68,59,59,8,62,46,34,34,34,34,34,30,24],"gold":227,"neow_bonus":"THREE_ENEMY_KILL","is_prod":false,"is_daily":false,"chose_seed":false,"campfire_upgraded":3,"win_rate":0,"timestamp":1550245262,"path_taken":["M","?","M","?","?","E","R","M","T","M","M","R","?","E","R","BOSS","M","M","?","?","?","R","M","M"],"build_version":"2019-01-23","purchased_purges":1,"victory":false,"max_hp_per_floor":[75,75,75,80,80,80,80,80,80,80,80,80,80,80,80,80,80,80,80,80,80,80,80,80,80],"card_choices":[{"not_picked":["Clash","Flex"],"picked":"Battle Trance","floor":1.0},{"not_picked":["True Grit","Body Slam"],"picked":"Offering","floor":3.0},{"not_picked":["Armaments","Feed","Flex"],"picked":"SKIP","floor":6.0},{"not_picked":["Armaments","Feed"],"picked":"Flex","floor":6.0},{"not_picked":["Shockwave","Perfected Strike"],"picked":"Carnage","floor":8.0},{"not_picked":["Dropkick","Battle Trance","Whirlwind"],"picked":"SKIP","floor":10.0},{"not_picked":["Iron Wave","Spot Weakness","Juggernaut"],"picked":"SKIP","floor":11.0},{"not_picked":["Clash","Dropkick"],"picked":"Shrug It Off","floor":14.0},{"not_picked":["Reaper","Double Tap"],"picked":"Demon Form","floor":16.0},{"not_picked":["Perfected Strike+1","Clash","Headbutt+1"],"picked":"SKIP","floor":18.0},{"not_picked":["Headbutt","Dual Wield"],"picked":"True Grit","floor":19.0},{"not_picked":["Rampage","Heavy Blade"],"picked":"Impervious","floor":24}],"player_experience":907242,"relics_obtained":[{"floor":6.0,"key":"Calipers"},{"floor":14.0,"key":"Girya"},{"floor":21.0,"key":"PreservedInsect"}],"event_choices":[{"damage_healed":0.0,"max_hp_gain":5.0,"max_hp_loss":0.0,"gold_gain":0.0,"event_name":"Big Fish","player_choice":"Donut","floor":4.0,"gold_loss":0.0,"damage_taken":0.0},{"damage_healed":0.0,"max_hp_gain":0.0,"max_hp_loss":0.0,"gold_gain":0.0,"event_name":"The Cleric","player_choice":"Leave","floor":5.0,"gold_loss":0.0,"damage_taken":0.0},{"damage_healed":0.0,"max_hp_gain":0.0,"max_hp_loss":0.0,"gold_gain":0.0,"event_name":"Scrap Ooze","player_choice":"Success","floor":13.0,"gold_loss":0.0,"damage_taken":11.0,"relics_obtained":["Gremlin Horn"]},{"damage_healed":0.0,"max_hp_gain":0.0,"max_hp_loss":0.0,"gold_gain":0.0,"event_name":"Vampires","player_choice":"Ignored","floor":20.0,"gold_loss":0.0,"damage_taken":0.0},{"damage_healed":0.0,"max_hp_gain":0.0,"max_hp_loss":0.0,"gold_gain":0.0,"event_name":"Addict","player_choice":"Obtained Relic","floor":22.0,"gold_loss":85.0,"damage_taken":0.0,"relics_obtained":["Anchor"]}],"is_beta":false,"boss_relics":[{"not_picked":["Velvet Choker","Pandora\u0027s Box"],"picked":"Sozu"}],"items_purged_floors":[2],"is_endless":false,"potions_floor_spawned":[3,8,16,24],"killed_by":"Chosen and Byrds","ascension_level":20}