{"gold_per_floor":[116,116,116,116,135,135,148,323,349,126,139,164,164,191,191,290,290,276,289,289,308,308,333,333,360,386,396,396,430,441,461,461,561,561,572,672,672,691,691,691,717,717,717,732,752,35,48,62,62,62],"floor_reached":51,"playtime":2976,"items_purged":["Doubt","Decay"],"score":1090,"play_id":"3e7df48e-588c-42d7-9516-8ead888ec973","local_time":"20190513235646","is_ascension_mode":true,"campfire_choices":[{"floor":6,"key":"REST"},{"data":"Biased Cognition","floor":13,"key":"SMITH"},{"data":"Redo","floor":15,"key":"SMITH"},{"data":"Core Surge","floor":24,"key":"SMITH"},{"data":"White Noise","floor":28,"key":"SMITH"},{"floor":32,"key":"REST"},{"data":"Conserve Battery","floor":40,"key":"SMITH"},{"data":"Coolheaded","floor":49,"key":"SMITH"}],"neow_cost":"TEN_PERCENT_HP_LOSS","seed_source_timestamp":781391507744500,"circlet_count":0,"master_deck":["AscendersBane","Strike_B","Strike_B","Strike_B","Strike_B+1","Defend_B","Defend_B","Defend_B","Defend_B","Zap","Dualcast","Conserve Battery+1","Biased Cognition+1","Cold Snap","Redo+1","Conserve Battery","Core Surge+1","Cold Snap","White Noise+1","Ball Lightning","Ball Lightning+1","Reboot","Echo Form","Clumsy","Glacier","Conserve Battery","Meteor Strike+1","Coolheaded+1"],"relics":["Cracked Core","Pocketwatch","Anchor","Oddly Smooth Stone","Odd Mushroom","Omamori","Sozu","Strawberry","Vajra","DataDisk","Symbiotic Virus","Calling Bell","Ancient Tea Set","Letter Opener","FossilizedHelix","Ice Cream","Dream Catcher","The Courier","Lee\u0027s Waffle","Calipers","Whetstone","Regal Pillow"],"potions_floor_usage":[12,14,16],"damage_taken":[{"damage":7,"enemies":"Jaw Worm","floor":1,"turns":2},{"damage":0,"enemies":"2 Louse","floor":5,"turns":1},{"damage":0,"enemies":"Small Slimes","floor":7,"turns":2},{"damage":0,"enemies":"Red Slaver","floor":11,"turns":2},{"damage":13,"enemies":"The Mushroom Lair","floor":12,"turns":3},{"damage":8,"enemies":"3 Sentries","floor":14,"turns":5},{"damage":57,"enemies":"The Guardian","floor":16,"turns":13},{"damage":14,"enemies":"2 Thieves","floor":18,"turns":5},{"damage":17,"enemies":"3 Byrds","floor":19,"turns":3},{"damage":4,"enemies":"Snecko","floor":21,"turns":5},{"damage":9,"enemies":"Book of Stabbing","floor":23,"turns":5},{"damage":17,"enemies":"Slavers","floor":25,"turns":6},{"damage":0,"enemies":"Centurion and Healer","floor":27,"turns":6},{"damage":24,"enemies":"Gremlin Leader","floor":29,"turns":11},{"damage":2,"enemies":"Cultist and Chosen","floor":30,"turns":4},{"damage":10,"enemies":"Snecko","floor":31,"turns":3},{"damage":29,"enemies":"Automaton","floor":33,"turns":10},{"damage":0,"enemies":"Orb Walker","floor":35,"turns":3},{"damage":0,"enemies":"Mind Bloom Boss Battle","floor":36,"turns":6},{"damage":0,"enemies":"3 Darklings","floor":38,"turns":4},{"damage":12,"enemies":"Reptomancer","floor":41,"turns":7},{"damage":0,"enemies":"Spire Growth","floor":44,"turns":5},{"damage":38,"enemies":"4 Shapes","floor":45,"turns":4},{"damage":0,"enemies":"Maw","floor":47,"turns":6},{"damage":0,"enemies":"3 Darklings","floor":48,"turns":5},{"damage":40,"enemies":"Time Eater","floor":50,"turns":13}],"seed_played":"-248962227338809299","potions_obtained":[{"floor":5,"key":"Regen Potion"},{"floor":7,"key":"SteroidPotion"},{"floor":11,"key":"Strength Potion"},{"floor":12,"key":"Regen Potion"}],"is_trial":false,"path_per_floor":["M","?","?","$","M","R","M","?","T","$","M","?","R","E","R","B",null,"M","M","?","M","?","E","R","E","T","M","R","E","M","M","R","B",null,"M","?","?","M","?","R","E","?","T","M","M","$","M","M","R","B",null],"character_chosen":"DEFECT","items_purchased":["Oddly Smooth Stone","Lee\u0027s Waffle","Calipers","Whetstone","Regal Pillow"],"campfire_rested":2,"item_purchase_floors":[10,46,46,46,46],"current_hp_per_floor":[61,61,47,47,47,67,67,67,67,67,67,54,54,46,46,4,52,38,21,21,17,68,66,66,49,49,49,49,25,23,13,35,6,58,58,58,58,58,58,58,46,46,46,46,8,78,78,78,78,38],"gold":62,"neow_bonus":"ONE_RARE_RELIC","is_prod":false,"is_daily":false,"chose_seed":false,"campfire_upgraded":6,"win_rate":0,"timestamp":1557788206,"path_taken":["M","?","?","$","M","R","M","?","T","$","M","?","R","E","R","BOSS","M","M","?","M","?","E","R","E","T","?","R","E","M","?","R","BOSS","M","?","?","?","?","R","E","?","T","M","M","$","M","M","R","BOSS"],"build_version":"2019-01-23","purchased_purges":2,"victory":true,"max_hp_per_floor":[68,68,68,68,68,68,68,68,68,68,68,68,68,68,68,68,68,68,68,68,68,68,75,75,75,75,75,75,75,75,75,75,75,75,75,75,75,75,75,75,75,71,71,71,71,78,78,78,78,78],"card_choices":[{"not_picked":["Conserve Battery","Rebound"],"picked":"Rip and Tear","floor":1},{"not_picked":["Rebound","Stack"],"picked":"Conserve Battery","floor":5},{"not_picked":["Beam Cell","Streamline"],"picked":"Biased Cognition","floor":7},{"not_picked":["Hello World","Compile Driver"],"picked":"Cold Snap","floor":11},{"not_picked":["Ball Lightning","Hologram"],"picked":"Redo","floor":12},{"not_picked":["Turbo","Rebound"],"picked":"Conserve Battery","floor":14},{"not_picked":["Meteor Strike","Machine Learning"],"picked":"Core Surge","floor":16},{"not_picked":["Redo","Static Discharge+1","Genetic Algorithm"],"picked":"SKIP","floor":18},{"not_picked":["Conserve Battery","Compile Driver+1"],"picked":"Cold Snap","floor":19},{"not_picked":["Streamline","Barrage+1","Stack"],"picked":"SKIP","floor":21},{"not_picked":["Rip and Tear","Gash","Chaos+1"],"picked":"SKIP","floor":23},{"not_picked":["Coolheaded+1","Tempest"],"picked":"White Noise","floor":25},{"not_picked":["Gash","BootSequence+1","Fusion"],"picked":"SKIP","floor":27},{"not_picked":["Streamline","Gash"],"picked":"Ball Lightning","floor":29},{"not_picked":["Chaos","Go for the Eyes"],"picked":"Ball Lightning","floor":30},{"not_picked":["Steam Power","Auto Shields"],"picked":"Reboot","floor":31},{"not_picked":["Creative AI","Biased Cognition"],"picked":"Echo Form","floor":33},{"not_picked":["Cold Snap+1","Hologram+1","Rip and Tear"],"picked":"SKIP","floor":35},{"not_picked":["Cold Snap+1","Scrape+1"],"picked":"Glacier","floor":36},{"not_picked":["Darkness","FTL+1"],"picked":"Conserve Battery","floor":38},{"not_picked":["Turbo+1","FTL+1"],"picked":"Meteor Strike","floor":41},{"not_picked":["Ball Lightning","Force Field","Rebound+1"],"picked":"SKIP","floor":44},{"not_picked":["Ball Lightning","Beam Cell","Redo+1"],"picked":"SKIP","floor":45},{"not_picked":["Rebound","Sunder"],"picked":"Coolheaded","floor":47},{"not_picked":["Barrage+1","Aggregate","Turbo+1"],"picked":"SKIP","floor":48}],"player_experience":549724,"relics_obtained":[{"floor":9,"key":"Anchor"},{"floor":12,"key":"Odd Mushroom"},{"floor":14,"key":"Omamori"},{"floor":23,"key":"Strawberry"},{"floor":25,"key":"Vajra"},{"floor":26,"key":"DataDisk"},{"floor":29,"key":"Symbiotic Virus"},{"floor":34,"key":"Ancient Tea Set"},{"floor":34,"key":"Letter Opener"},{"floor":34,"key":"FossilizedHelix"},{"floor":36,"key":"Ice Cream"},{"floor":41,"key":"Dream Catcher"},{"floor":43,"key":"The Courier"}],"event_choices":[{"damage_healed":0,"gold_gain":0,"player_choice":"Leave","damage_taken":0,"max_hp_gain":0,"max_hp_loss":0,"event_name":"The Cleric","floor":2,"gold_loss":0},{"damage_healed":0,"gold_gain":0,"player_choice":"Entered Light","damage_taken":14,"max_hp_gain":0,"max_hp_loss":0,"event_name":"Shining Light","floor":3,"gold_loss":0,"cards_upgraded":["Rip and Tear","Strike_B"]},{"damage_healed":0,"gold_gain":175,"player_choice":"AGREE","damage_taken":0,"max_hp_gain":0,"max_hp_loss":0,"event_name":"Liars Game","floor":8,"gold_loss":0,"cards_obtained":["Doubt"]},{"damage_healed":0,"gold_gain":0,"player_choice":"Fought Mushrooms","damage_taken":0,"max_hp_gain":0,"max_hp_loss":0,"event_name":"Mushrooms","floor":12,"gold_loss":0},{"damage_healed":0,"gold_gain":0,"player_choice":"Ignored","damage_taken":0,"max_hp_gain":0,"max_hp_loss":0,"event_name":"Cursed Tome","floor":20,"gold_loss":0},{"cards_removed":["Rip and Tear"],"damage_healed":51,"gold_gain":0,"player_choice":"Offered Uncommon","damage_taken":0,"max_hp_gain":0,"max_hp_loss":0,"event_name":"Bonfire Elementals","floor":22,"gold_loss":0},{"damage_healed":0,"gold_gain":0,"player_choice":"Fight","damage_taken":0,"max_hp_gain":0,"max_hp_loss":0,"event_name":"MindBloom","floor":36,"gold_loss":0},{"damage_healed":0,"gold_gain":0,"player_choice":"Cursed","damage_taken":0,"max_hp_gain":0,"max_hp_loss":0,"event_name":"Wheel of Change","floor":37,"gold_loss":0,"cards_obtained":["Decay"]},{"damage_healed":0,"gold_gain":0,"player_choice":"Ignored","damage_taken":0,"max_hp_gain":0,"max_hp_loss":0,"event_name":"Mysterious Sphere","floor":39,"gold_loss":0},{"damage_healed":0,"gold_gain":0,"player_choice":"Max HP","damage_taken":0,"max_hp_gain":0,"max_hp_loss":4,"event_name":"Winding Halls","floor":42,"gold_loss":0}],"is_beta":false,"boss_relics":[{"not_picked":["Busted Crown","FrozenCore"],"picked":"Sozu"},{"not_picked":["Nuclear Battery","Runic Dome"],"picked":"Calling Bell"}],"items_purged_floors":[10,46],"is_endless":false,"potions_floor_spawned":[5,7,11,12,21,23,25,29,31,33,36,41,47,48],"ascension_level":11}