{"gold_per_floor":[119,133,133,83,158,158,177,177,231,250,266,77,93,112,112,212,212,212],"floor_reached":18,"playtime":1303,"items_purged":[],"score":177,"play_id":"f8664603-5437-4892-b7fb-ac8ec9656e7b","local_time":"20190516105046","is_ascension_mode":true,"campfire_choices":[{"data":"Neutralize","floor":6,"key":"SMITH"},{"data":"Quick Slash","floor":8,"key":"SMITH"},{"data":"Well Laid Plans","floor":15,"key":"SMITH"}],"neow_cost":"NONE","seed_source_timestamp":337305819017514,"circlet_count":0,"master_deck":["Defend_G","Defend_G","Defend_G","Defend_G","Defend_G","Strike_G","Strike_G","Strike_G","Survivor","Neutralize+1","Well Laid Plans+1","Quick Slash+1","Dagger Throw","Escape Plan","PiercingWail","Backflip","Tools of the Trade","After Image"],"relics":["Ring of the Snake","Juzu Bracelet","Bronze Scales","Snecko Eye"],"potions_floor_usage":[],"damage_taken":[{"damage":1,"enemies":"2 Louse","floor":1,"turns":4},{"damage":2,"enemies":"Small Slimes","floor":2,"turns":7},{"damage":0,"enemies":"Cultist","floor":7,"turns":3},{"damage":1,"enemies":"2 Fungi Beasts","floor":10,"turns":3},{"damage":0,"enemies":"Blue Slaver","floor":11,"turns":4},{"damage":11,"enemies":"Gremlin Gang","floor":13,"turns":5},{"damage":1,"enemies":"Exordium Wildlife","floor":14,"turns":4},{"damage":23,"enemies":"The Guardian","floor":16,"turns":15},{"damage":0,"enemies":"Chosen","floor":18,"turns":6}],"seed_played":"1166814855396171328","potions_obtained":[{"floor":1,"key":"PowerPotion"},{"floor":11,"key":"FearPotion"},{"floor":16,"key":"SteroidPotion"}],"is_trial":false,"path_per_floor":["M","M","$","?","?","R","M","R","T","M","M","$","M","M","R","B",null,"M"],"character_chosen":"THE_SILENT","items_purchased":["Bronze Scales","PiercingWail"],"campfire_rested":0,"item_purchase_floors":[12,12],"current_hp_per_floor":[69,67,67,67,56,56,56,56,56,55,55,55,44,43,43,20,70,70],"gold":212,"neow_bonus":"REMOVE_CARD","is_prod":false,"is_daily":false,"chose_seed":false,"campfire_upgraded":3,"win_rate":0,"timestamp":1558018246,"path_taken":["M","M","$","?","?","R","M","R","T","M","M","$","M","M","R","BOSS","M"],"build_version":"2019-01-23","purchased_purges":0,"victory":false,"max_hp_per_floor":[70,70,70,70,70,70,70,70,70,70,70,70,70,70,70,70,70,70],"card_choices":[{"not_picked":["Escape Plan","All Out Attack"],"picked":"Well Laid Plans","floor":1},{"not_picked":["Dodge and Roll","Poisoned Stab"],"picked":"Quick Slash","floor":2},{"not_picked":["Well Laid Plans","Dodge and Roll"],"picked":"Dagger Throw","floor":7},{"not_picked":["Dagger Throw","Prepared"],"picked":"Escape Plan","floor":10},{"not_picked":["Acrobatics","Outmaneuver","Riddle With Holes"],"picked":"SKIP","floor":11},{"not_picked":["Underhanded Strike","Crippling Poison"],"picked":"Backflip","floor":13},{"not_picked":["Expertise","PiercingWail"],"picked":"Tools of the Trade","floor":14},{"not_picked":["Night Terror","Burst"],"picked":"After Image","floor":16}],"player_experience":126804,"relics_obtained":[{"floor":9,"key":"Juzu Bracelet"}],"event_choices":[{"cards_removed":["Strike_G"],"damage_healed":0,"gold_gain":0,"player_choice":"Card Removal","damage_taken":0,"max_hp_gain":0,"max_hp_loss":0,"event_name":"The Cleric","floor":4,"gold_loss":50},{"damage_healed":0,"gold_gain":75,"player_choice":"Gather Gold","damage_taken":11,"max_hp_gain":0,"max_hp_loss":0,"event_name":"World of Goop","floor":5,"gold_loss":0}],"is_beta":false,"boss_relics":[{"not_picked":["Velvet Choker","Astrolabe"],"picked":"Snecko Eye"}],"items_purged_floors":[],"is_endless":false,"potions_floor_spawned":[1,11,16],"killed_by":"Chosen","ascension_level":3}