{"gold_per_floor":[114,134,151,163,163,163,197,197,265,283,283,298,298,44,44,148,148,167,177,177,192,192,192,227,227,251,285,285,41,66,83,83,83],"floor_reached":33,"playtime":1245,"items_purged":[],"score":397,"play_id":"79bf2c79-6352-4c33-9b28-36414df8416e","local_time":"20180803021531","is_ascension_mode":true,"campfire_choices":[{"floor":6,"key":"REST"},{"floor":8,"key":"REST"},{"data":"Defragment","floor":11,"key":"SMITH"},{"floor":15,"key":"REST"},{"floor":23,"key":"REST"},{"floor":28,"key":"REST"},{"floor":32,"key":"REST"}],"neow_cost":"NONE","seed_source_timestamp":30938284329557,"circlet_count":0,"master_deck":["Strike_B","Strike_B","Strike_B","Defend_B","Defend_B","Defend_B","Defend_B","Zap","Dualcast","Turbo","Coolheaded","Defragment+1","Rip and Tear","Streamline","Ball Lightning","Stack","Buffer","Buffer","Writhe","Reinforced Body","Defragment+1","Glacier","Stack"],"relics":["Cracked Core","Girya","Bottled Flame","Regal Pillow","Lantern","Velvet Choker","Pen Nib","Bronze Scales","Strawberry","Juzu Bracelet","Mummified Hand","Dream Catcher"],"potions_floor_usage":[7,7,16,19,27,30],"damage_taken":[{"damage":9,"enemies":"2 Louse","floor":1,"turns":3},{"damage":7,"enemies":"Small Slimes","floor":2,"turns":4},{"damage":4,"enemies":"Jaw Worm","floor":3,"turns":3},{"damage":7,"enemies":"2 Fungi Beasts","floor":4,"turns":3},{"damage":40,"enemies":"Lagavulin","floor":7,"turns":7},{"damage":6,"enemies":"Looter","floor":10,"turns":3},{"damage":7,"enemies":"Exordium Wildlife","floor":12,"turns":4},{"damage":33,"enemies":"Slime Boss","floor":16,"turns":9},{"damage":21,"enemies":"Shell Parasite","floor":18,"turns":5},{"damage":6,"enemies":"3 Byrds","floor":19,"turns":4},{"damage":19,"enemies":"Centurion and Healer","floor":21,"turns":8},{"damage":47,"enemies":"Book of Stabbing","floor":24,"turns":8},{"damage":34,"enemies":"Gremlin Leader","floor":27,"turns":10},{"damage":10,"enemies":"Book of Stabbing","floor":30,"turns":5},{"damage":24,"enemies":"Cultist and Chosen","floor":31,"turns":6},{"damage":91,"enemies":"Collector","floor":33,"turns":16}],"seed_played":"-6658069188287801093","potions_obtained":[{"floor":2,"key":"Weak Potion"},{"floor":4,"key":"SkillPotion"},{"floor":12,"key":"FocusPotion"},{"floor":18,"key":"Weak Potion"},{"floor":27,"key":"PowerPotion"}],"is_trial":false,"path_per_floor":["M","M","M","M","?","R","E","R","T","M","R","M","T","$","R","B",null,"M","M","?","M","?","R","E","?","T","E","R","$","E","M","R"],"character_chosen":"DEFECT","items_purchased":["Lantern","Stack","Dexterity Potion","Mummified Hand"],"campfire_rested":6,"item_purchase_floors":[14,14,14,29],"current_hp_per_floor":[59,52,48,41,41,63,23,45,45,39,39,32,32,32,69,36,65,44,38,38,19,19,56,9,75,82,48,82,82,72,48,82,0],"gold":83,"neow_bonus":"TRANSFORM_CARD","is_prod":false,"is_daily":false,"chose_seed":false,"campfire_upgraded":1,"win_rate":0,"timestamp":1533273331,"path_taken":["M","M","M","M","?","R","E","R","T","M","R","M","?","$","R","BOSS","M","M","?","?","?","R","E","?","T","E","R","$","E","M","R","BOSS"],"build_version":"2018-07-12","purchased_purges":0,"victory":false,"max_hp_per_floor":[75,75,75,75,75,75,75,75,75,75,75,75,75,75,75,75,75,75,75,75,75,75,75,75,75,82,82,82,82,82,82,82,82],"card_choices":[{"not_picked":["Recycle","Hologram"],"picked":"Coolheaded","floor":1},{"not_picked":["Blizzard","Steam"],"picked":"Defragment","floor":2},{"not_picked":["Compile Driver","Stack"],"picked":"Rip and Tear","floor":3},{"not_picked":["Melter","Genetic Algorithm"],"picked":"Streamline","floor":4},{"not_picked":["Gash","Streamline","Storm"],"picked":"SKIP","floor":7},{"not_picked":["Redo","Chaos","Turbo"],"picked":"SKIP","floor":10},{"not_picked":["Sweeping Beam","Hologram"],"picked":"Ball Lightning","floor":12},{"not_picked":["All For One","Reboot"],"picked":"Buffer","floor":16},{"not_picked":["Streamline","Stack","Hologram"],"picked":"SKIP","floor":18},{"not_picked":["Buffer","Lockon","Rebound"],"picked":"SKIP","floor":19},{"not_picked":["Lockon","Rebound"],"picked":"Buffer","floor":19},{"not_picked":["Barrage","Gash+1","Beam Cell+1"],"picked":"SKIP","floor":21},{"not_picked":["Stack","Sweeping Beam"],"picked":"Reinforced Body","floor":24},{"not_picked":["Go for the Eyes","Rebound"],"picked":"Defragment+1","floor":27},{"not_picked":["Turbo","Skim","Auto Shields"],"picked":"SKIP","floor":30},{"not_picked":["Barrage+1","Hello World+1"],"picked":"Glacier","floor":31},{"not_picked":["Aggregate","Barrage"],"picked":"Stack","floor":32}],"player_experience":436897,"relics_obtained":[{"floor":7,"key":"Girya"},{"floor":9,"key":"Bottled Flame"},{"floor":13,"key":"Regal Pillow"},{"floor":24,"key":"Bronze Scales"},{"floor":26,"key":"Strawberry"},{"floor":27,"key":"Juzu Bracelet"},{"floor":30,"key":"Dream Catcher"}],"event_choices":[{"event_name":"Liars Game","player_choice":"disagreed","floor":5,"damage_taken":0},{"event_name":"Drug Dealer","player_choice":"Ignored","floor":20,"damage_taken":0},{"event_name":"The Mausoleum","player_choice":"Yes","floor":22,"damage_taken":0},{"event_name":"Wheel of Change","player_choice":"Full Heal","floor":25,"damage_taken":0}],"boss_relics":[{"not_picked":["Coffee Dripper","Runic Pyramid"],"picked":"Velvet Choker"}],"items_purged_floors":[],"is_endless":false,"potions_floor_spawned":[2,4,12,18,27],"killed_by":"Collector","ascension_level":6}