{"gold_per_floor":[109,26,26,101,101,129,129,143,143,143,143,157,184,194,194,194],"floor_reached":16,"playtime":581,"items_purged":[],"score":246,"play_id":"cfc04448-727e-4ad7-81b8-d7c31fb90538","local_time":"20190823183735","is_ascension_mode":true,"campfire_choices":[{"data":"Fission","floor":7,"key":"SMITH"},{"data":"Consume","floor":10,"key":"SMITH"},{"data":"Zap","floor":15,"key":"SMITH"}],"neow_cost":"NONE","seed_source_timestamp":102668173613224,"circlet_count":0,"master_deck":["AscendersBane","Strike_B","Strike_B","Strike_B","Defend_B","Defend_B","Defend_B","Defend_B","Zap+1","Dualcast","Consume+1","Melter","Fission+1","Leap","Turbo","Cold Snap","Conserve Battery","Cold Snap"],"relics":["Cracked Core","NeowsBlessing","Regal Pillow","Pear","Pen Nib","Omamori"],"potions_floor_usage":[12,13],"damage_taken":[{"damage":0,"enemies":"Small Slimes","floor":1,"turns":1},{"damage":0,"enemies":"3 Sentries","floor":6,"turns":1},{"damage":0,"enemies":"2 Louse","floor":8,"turns":1},{"damage":0,"enemies":"Jaw Worm","floor":12,"turns":3},{"damage":21,"enemies":"Gremlin Nob","floor":13,"turns":4},{"damage":13,"enemies":"Large Slime","floor":14,"turns":9},{"damage":34,"enemies":"Hexaghost","floor":16,"turns":14}],"seed_played":"-7337427995322945686","potions_obtained":[{"floor":1,"key":"AttackPotion"},{"floor":8,"key":"Swift Potion"}],"is_trial":false,"path_per_floor":["M","$","?","?","?","E","R","M","T","R","?","M","E","M","R","B"],"character_chosen":"DEFECT","items_purchased":["Melter"],"campfire_rested":0,"item_purchase_floors":[2],"current_hp_per_floor":[64,64,46,35,58,68,68,68,68,68,68,68,47,34,34,0],"gold":194,"neow_bonus":"THREE_ENEMY_KILL","is_prod":false,"is_daily":false,"chose_seed":false,"campfire_upgraded":3,"win_rate":0,"timestamp":1566610655,"path_taken":["M","$","?","?","?","E","R","M","T","R","?","M","E","M","R","BOSS"],"build_version":"2019-07-17","purchased_purges":0,"victory":false,"max_hp_per_floor":[71,71,71,71,71,81,81,81,81,81,81,81,81,81,81,81],"card_choices":[{"not_picked":["FTL","Barrage"],"picked":"Consume","floor":1},{"not_picked":["Hyperbeam","Static Discharge"],"picked":"Fission","floor":6},{"not_picked":["FTL","Beam Cell"],"picked":"Leap","floor":8},{"not_picked":["Rebound","Go for the Eyes"],"picked":"Cold Snap","floor":12},{"not_picked":["Storm","Barrage"],"picked":"Conserve Battery","floor":13},{"not_picked":["Steam","Force Field"],"picked":"Cold Snap","floor":14}],"player_experience":696417,"relics_obtained":[{"floor":6,"key":"Pear"},{"floor":9,"key":"Pen Nib"},{"floor":13,"key":"Omamori"}],"event_choices":[{"damage_healed":0,"gold_gain":0,"player_choice":"Success","damage_taken":18,"relics_obtained":["Regal Pillow"],"max_hp_gain":0,"max_hp_loss":0,"event_name":"Scrap Ooze","floor":3,"gold_loss":0},{"damage_healed":0,"gold_gain":75,"player_choice":"Gather Gold","damage_taken":11,"max_hp_gain":0,"max_hp_loss":0,"event_name":"World of Goop","floor":4,"gold_loss":0},{"damage_healed":23,"gold_gain":0,"player_choice":"Banana","damage_taken":0,"max_hp_gain":0,"max_hp_loss":0,"event_name":"Big Fish","floor":5,"gold_loss":0},{"damage_healed":0,"gold_gain":0,"cards_transformed":["Strike_B"],"player_choice":"Change","damage_taken":0,"max_hp_gain":0,"max_hp_loss":0,"event_name":"Living Wall","floor":11,"gold_loss":0,"cards_obtained":["Turbo"]}],"is_beta":false,"boss_relics":[],"items_purged_floors":[],"is_endless":false,"potions_floor_spawned":[1,8],"killed_by":"Hexaghost","ascension_level":17}