{"gold_per_floor":[115,133,208,208,227,262,262,281,281,301,331,342,342,353,353,457,457,469,487,269,280,280],"floor_reached":22,"playtime":1666,"items_purged":["Strike_R"],"score":219,"play_id":"b9e6ed6c-bcd3-4c21-bdc8-82a584d195db","local_time":"20180715115645","is_ascension_mode":true,"campfire_choices":[{"data":"Whirlwind","floor":7,"key":"SMITH"},{"data":"Armaments","floor":13,"key":"SMITH"},{"data":"Clothesline","floor":15,"key":"SMITH"}],"neow_cost":"NONE","seed_source_timestamp":0,"circlet_count":0,"master_deck":["Strike_R","Strike_R","Strike_R","Strike_R","Defend_R","Defend_R","Defend_R","Defend_R","Bash","Whirlwind+1","Armaments+1","Headbutt","Clothesline+1","Shrug It Off","Shrug It Off","Clothesline","Barricade","Clothesline+1","Entrench+1","Iron Wave"],"special_seed":17727,"relics":["Burning Blood","Happy Flower","Shuriken","Dead Branch","Torii","Runic Pyramid","Art of War"],"potions_floor_usage":[12,12,14,16,18,18,21],"damage_taken":[{"damage":7,"enemies":"Small Slimes","floor":1,"turns":3},{"damage":2,"enemies":"Jaw Worm","floor":2,"turns":3},{"damage":3,"enemies":"2 Louse","floor":5,"turns":3},{"damage":31,"enemies":"Gremlin Nob","floor":6,"turns":5},{"damage":0,"enemies":"Large Slime","floor":8,"turns":3},{"damage":0,"enemies":"2 Fungi Beasts","floor":10,"turns":1},{"damage":7,"enemies":"Gremlin Gang","floor":12,"turns":3},{"damage":17,"enemies":"Exordium Thugs","floor":14,"turns":5},{"damage":13,"enemies":"Hexaghost","floor":16,"turns":8},{"damage":29,"enemies":"Shell Parasite","floor":18,"turns":11},{"damage":2,"enemies":"Chosen","floor":19,"turns":6},{"damage":24,"enemies":"Snecko","floor":21,"turns":7},{"damage":74,"enemies":"3 Cultists","floor":22,"turns":6}],"seed_played":"-3267651053854438972","potions_obtained":[{"floor":1,"key":"Swift Potion"},{"floor":10,"key":"Fire Potion"},{"floor":12,"key":"BloodPotion"},{"floor":14,"key":"FearPotion"},{"floor":16,"key":"EntropicBrew"},{"floor":21,"key":"GamblersBrew"}],"is_trial":false,"path_per_floor":["M","M","?","?","M","E","R","M","T","M","?","M","R","M","R","B",null,"M","M","$","M"],"character_chosen":"IRONCLAD","items_purchased":["Art of War"],"campfire_rested":0,"item_purchase_floors":[20],"current_hp_per_floor":[79,80,69,69,72,47,47,53,53,59,59,58,58,55,55,48,80,57,61,61,43,0],"gold":280,"neow_bonus":"RANDOM_COMMON_RELIC","is_prod":false,"is_daily":false,"chose_seed":false,"campfire_upgraded":3,"win_rate":0,"timestamp":1531670205,"path_taken":["M","M","?","?","M","E","R","M","T","M","?","M","R","M","R","BOSS","M","M","$","M","?"],"build_version":"2018-07-13","purchased_purges":1,"victory":false,"max_hp_per_floor":[80,80,80,80,80,80,80,80,80,80,80,80,80,80,80,80,80,80,80,80,80,80],"card_choices":[{"not_picked":["Bloodletting","Sever Soul","Wild Strike"],"picked":"SKIP","floor":1},{"not_picked":["Wild Strike","Reckless Charge"],"picked":"Whirlwind","floor":2},{"not_picked":["Bloodletting","Blood for Blood"],"picked":"Armaments","floor":5},{"not_picked":["Flex","Body Slam"],"picked":"Headbutt","floor":6},{"not_picked":["Sword Boomerang","Pommel Strike"],"picked":"Clothesline","floor":8},{"not_picked":["Sword Boomerang","Brutality"],"picked":"Shrug It Off","floor":10},{"not_picked":["Body Slam","Searing Blow"],"picked":"Shrug It Off","floor":12},{"not_picked":["Carnage","Body Slam"],"picked":"Clothesline","floor":14},{"not_picked":["Double Tap","Feed"],"picked":"Barricade","floor":16},{"not_picked":["Second Wind","Sword Boomerang"],"picked":"Clothesline+1","floor":18},{"not_picked":["Sever Soul","Armaments"],"picked":"Entrench+1","floor":19},{"not_picked":["Rupture","Cleave"],"picked":"Iron Wave","floor":21}],"player_experience":280373,"relics_obtained":[{"floor":6,"key":"Shuriken"},{"floor":9,"key":"Dead Branch"}],"event_choices":[{"event_name":"World of Goop","player_choice":"Gather Gold","floor":3,"damage_taken":0},{"event_name":"Liars Game","player_choice":"disagreed","floor":4,"damage_taken":0},{"event_name":"Dead Adventurer","player_choice":"Searched \u00273\u0027 times","floor":11,"damage_taken":0}],"boss_relics":[{"not_picked":["Orrery","Velvet Choker"],"picked":"Runic Pyramid"}],"items_purged_floors":[20],"is_endless":false,"potions_floor_spawned":[1,10,12,14,16,21],"killed_by":"3 Cultists","ascension_level":3}