{"gold_per_floor":[114,114,134,134,134,168,268,296,319,319,95,95],"floor_reached":12,"playtime":177,"items_purged":["Defend_G"],"score":114,"play_id":"987a6eed-f299-4771-a267-5201245a0d5a","local_time":"20190807232334","is_ascension_mode":true,"campfire_choices":[{"data":"Neutralize","floor":10,"key":"SMITH"}],"neow_cost":"NONE","seed_source_timestamp":2907560963145,"circlet_count":0,"master_deck":["Strike_G","Strike_G","Strike_G","Strike_G","Strike_G","Defend_G+1","Defend_G","Defend_G+1","Survivor","Neutralize+1","Tactician"],"relics":["Ring of the Snake","NeowsBlessing","Lantern","Boot","Anchor","Juzu Bracelet"],"potions_floor_usage":[8],"damage_taken":[{"damage":0,"enemies":"Jaw Worm","floor":1,"turns":1},{"damage":0,"enemies":"Cultist","floor":3,"turns":1},{"damage":0,"enemies":"3 Sentries","floor":6,"turns":2},{"damage":17,"enemies":"Lagavulin","floor":8,"turns":10},{"damage":0,"enemies":"3 Sentries","floor":12,"turns":2}],"seed_played":"1321491036359169105","potions_obtained":[{"floor":1,"key":"SteroidPotion"}],"is_trial":false,"path_per_floor":["M","?","M","?","?","E","?","E","T","R","$","E"],"character_chosen":"THE_SILENT","items_purchased":["Juzu Bracelet"],"campfire_rested":0,"item_purchase_floors":[11],"current_hp_per_floor":[70,70,70,56,56,56,56,39,39,39,39,39],"gold":95,"neow_bonus":"THREE_ENEMY_KILL","is_prod":false,"is_daily":false,"chose_seed":false,"campfire_upgraded":1,"win_rate":0,"timestamp":1565245414,"path_taken":["M","?","?","?","?","E","?","E","T","R","$","E"],"build_version":"2019-07-18","purchased_purges":1,"victory":false,"max_hp_per_floor":[70,70,70,70,70,70,70,70,70,70,70,70],"card_choices":[{"not_picked":["Predator","Riddle With Holes"],"picked":"Tactician","floor":1},{"not_picked":["Poisoned Stab","Skewer","Eviscerate"],"picked":"SKIP","floor":6},{"not_picked":["Cloak And Dagger","Dodge and Roll","Outmaneuver"],"picked":"SKIP","floor":8}],"player_experience":1388232,"relics_obtained":[{"floor":6,"key":"Lantern"},{"floor":8,"key":"Boot"},{"floor":9,"key":"Anchor"}],"event_choices":[{"cards_removed":["Defend_G"],"damage_healed":0,"gold_gain":0,"player_choice":"Card Removal","damage_taken":0,"max_hp_gain":0,"max_hp_loss":0,"event_name":"Wheel of Change","floor":2,"gold_loss":0},{"damage_healed":0,"gold_gain":0,"player_choice":"Entered Light","damage_taken":14,"max_hp_gain":0,"max_hp_loss":0,"event_name":"Shining Light","floor":4,"gold_loss":0,"cards_upgraded":["Defend_G","Defend_G"]},{"damage_healed":0,"gold_gain":0,"player_choice":"Ignored","damage_taken":0,"max_hp_gain":0,"max_hp_loss":0,"event_name":"Liars Game","floor":5,"gold_loss":0},{"damage_healed":0,"gold_gain":100,"player_choice":"Pray","damage_taken":0,"max_hp_gain":0,"max_hp_loss":0,"event_name":"Golden Shrine","floor":7,"gold_loss":0}],"is_beta":true,"boss_relics":[],"items_purged_floors":[11],"is_endless":false,"potions_floor_spawned":[1],"killed_by":"3 Sentries","ascension_level":1}