{"gold_per_floor":[115,132,132,132,146,146,146,161,161,180,146,176,193,213,213,310,310,321,321,332,8,21,31,31,31],"floor_reached":25,"playtime":1988,"items_purged":[],"score":207,"play_id":"3bbeb940-5bfb-4ca6-af13-c6c89b0e10f4","local_time":"20180701202100","is_ascension_mode":false,"campfire_choices":[{"data":"Entrench","floor":6,"key":"SMITH"},{"data":"True Grit","floor":15,"key":"SMITH"},{"floor":24,"key":"REST"}],"neow_cost":"TEN_PERCENT_HP_LOSS","seed_source_timestamp":1550721173840695,"circlet_count":0,"master_deck":["Strike_R+1","Strike_R+1","Defend_R","Defend_R","Defend_R","Defend_R","Bash","Uppercut","True Grit+1","Entrench+1","Flame Barrier","Bandage Up","Wild Strike","Shrug It Off","Battle Trance","Double Tap","Carnage","Sword Boomerang","Barricade","Rage","Infernal Blade+1","Burning Pact","Bloodletting","Wild Strike+1"],"relics":["Burning Blood","Dodecahedron","Strawberry","Whetstone","Runic Pyramid","Molten Egg 2"],"potions_floor_usage":[8,10,12,18,22],"damage_taken":[{"damage":6,"enemies":"Jaw Worm","floor":1,"turns":4},{"damage":1,"enemies":"Cultist","floor":2,"turns":3},{"damage":2,"enemies":"Small Slimes","floor":5,"turns":5},{"damage":19,"enemies":"2 Fungi Beasts","floor":8,"turns":5},{"damage":0,"enemies":"Exordium Wildlife","floor":10,"turns":1},{"damage":16,"enemies":"3 Sentries","floor":12,"turns":8},{"damage":2,"enemies":"3 Louse","floor":13,"turns":3},{"damage":8,"enemies":"Red Slaver","floor":14,"turns":4},{"damage":15,"enemies":"Slime Boss","floor":16,"turns":14},{"damage":10,"enemies":"2 Thieves","floor":18,"turns":4},{"damage":12,"enemies":"Chosen","floor":20,"turns":9},{"damage":26,"enemies":"Snecko","floor":22,"turns":5},{"damage":27,"enemies":"Snake Plant","floor":23,"turns":9},{"damage":68,"enemies":"Gremlin Leader","floor":25,"turns":5}],"seed_played":"-5627950518708826286","potions_obtained":[{"floor":1,"key":"Regen Potion"},{"floor":2,"key":"Regen Potion"},{"floor":5,"key":"Fire Potion"},{"floor":16,"key":"SteroidPotion"},{"floor":18,"key":"Fire Potion"},{"floor":22,"key":"GamblersBrew"},{"floor":23,"key":"Strength Potion"}],"is_trial":false,"path_per_floor":["M","M","?","?","M","R","?","M","T","M","$","E","M","M","R","B",null,"M","?","M","$","M","M","R"],"character_chosen":"IRONCLAD","items_purchased":["Battle Trance","Molten Egg 2","Burning Pact"],"campfire_rested":1,"item_purchase_floors":[11,21,21],"current_hp_per_floor":[72,72,72,47,51,51,51,57,64,70,70,77,79,79,79,74,79,79,79,77,77,57,40,63,0],"gold":31,"neow_bonus":"REMOVE_TWO","is_prod":false,"is_daily":false,"chose_seed":false,"campfire_upgraded":2,"win_rate":0,"timestamp":1530490860,"path_taken":["M","M","?","?","?","R","?","M","T","M","$","E","M","M","R","BOSS","M","?","M","$","M","M","R","E"],"build_version":"2018-06-28","purchased_purges":0,"victory":false,"max_hp_per_floor":[72,72,72,72,72,72,72,72,79,79,79,79,79,79,79,79,79,79,79,79,79,79,79,79,79],"card_choices":[{"not_picked":["Combust","Carnage"],"picked":"Uppercut","floor":1},{"not_picked":["Inflame","Heavy Blade"],"picked":"True Grit","floor":2},{"not_picked":["Metallicize","Perfected Strike"],"picked":"Flame Barrier","floor":5},{"not_picked":["Second Wind","Anger"],"picked":"Wild Strike","floor":8},{"not_picked":["Iron Wave","Body Slam"],"picked":"Shrug It Off","floor":10},{"not_picked":["True Grit","Heavy Blade"],"picked":"Double Tap","floor":12},{"not_picked":["Perfected Strike","Sentinel"],"picked":"Carnage","floor":13},{"not_picked":["Rupture","Sever Soul"],"picked":"Sword Boomerang","floor":14},{"not_picked":["Impervious","Exhume"],"picked":"Barricade","floor":16},{"not_picked":["Perfected Strike","Thunderclap"],"picked":"Rage","floor":18},{"not_picked":["Anger","Iron Wave+1"],"picked":"Infernal Blade+1","floor":20},{"not_picked":["Metallicize","Spot Weakness+1"],"picked":"Bloodletting","floor":22},{"not_picked":["Shrug It Off","Havoc"],"picked":"Wild Strike+1","floor":23}],"player_experience":170882,"relics_obtained":[{"floor":9,"key":"Strawberry"},{"floor":12,"key":"Whetstone"}],"event_choices":[{"event_name":"Transmorgrifier","player_choice":"Transform","floor":3,"damage_taken":0},{"event_name":"Scrap Ooze","player_choice":"success","floor":4,"damage_taken":25},{"event_name":"Match and Keep!","player_choice":"1 cards matched","floor":7,"damage_taken":0},{"event_name":"Ghosts","player_choice":"Ignored","floor":19,"damage_taken":0}],"boss_relics":[{"not_picked":["Snecko Eye","Pandora\u0027s Box"],"picked":"Runic Pyramid"}],"items_purged_floors":[],"is_endless":false,"potions_floor_spawned":[1,2,5,16,18,22,23],"killed_by":"Gremlin Leader","ascension_level":0}