{"gold_per_floor":[111,28,41,141,3,3,21,36,62,87,103,103,136,153,153,227,227,238,238,238],"floor_reached":20,"playtime":518,"items_purged":[],"score":368,"play_id":"d4df8f02-f355-4253-81ca-ace214b319b5","local_time":"20190120002006","is_ascension_mode":true,"campfire_choices":[{"data":"Sunder","floor":6,"key":"SMITH"},{"data":"Hologram","floor":12,"key":"SMITH"},{"data":"Echo Form","floor":15,"key":"SMITH"}],"neow_cost":"NONE","seed_source_timestamp":692696198513,"circlet_count":0,"master_deck":["AscendersBane","Strike_B","Strike_B+1","Strike_B","Defend_B","Defend_B","Defend_B","Defend_B","Zap","Dualcast","BootSequence","Streamline+1","Rebound","White Noise","Sunder+1","Leap","Echo Form+1","Hello World","Cold Snap","Hologram+1","Conserve Battery","Stack","Electrodynamics","Self Repair","Fission"],"relics":["Cracked Core","NeowsBlessing","Regal Pillow","Orichalcum","Whetstone","Sozu"],"potions_floor_usage":[13,18,18],"damage_taken":[{"damage":0,"enemies":"Cultist","floor":1,"turns":1},{"damage":0,"enemies":"Small Slimes","floor":3,"turns":1},{"damage":0,"enemies":"2 Louse","floor":7,"turns":1},{"damage":0,"enemies":"2 Fungi Beasts","floor":8,"turns":2},{"damage":13,"enemies":"Lagavulin","floor":10,"turns":6},{"damage":3,"enemies":"Lots of Slimes","floor":11,"turns":4},{"damage":18,"enemies":"Gremlin Nob","floor":13,"turns":4},{"damage":5,"enemies":"Exordium Thugs","floor":14,"turns":3},{"damage":16,"enemies":"The Guardian","floor":16,"turns":10},{"damage":45,"enemies":"3 Byrds","floor":18,"turns":4},{"damage":12,"enemies":"Spheric Guardian","floor":20,"turns":3}],"seed_played":"5609061402292547371","potions_obtained":[{"floor":3,"key":"Regen Potion"},{"floor":10,"key":"LiquidBronze"},{"floor":11,"key":"Energy Potion"},{"floor":13,"key":"Weak Potion"}],"is_trial":false,"path_per_floor":["M","$","M","?","$","R","M","M","T","E","M","R","E","M","R","B",null,"M","?","M"],"character_chosen":"DEFECT","items_purchased":["Streamline","Rebound","Sunder","Leap"],"campfire_rested":0,"item_purchase_floors":[2,2,5,5],"current_hp_per_floor":[64,64,64,64,64,64,64,64,64,51,48,48,30,25,25,9,56,11,11,0],"gold":238,"neow_bonus":"THREE_ENEMY_KILL","is_prod":false,"is_daily":false,"chose_seed":false,"campfire_upgraded":3,"win_rate":0,"timestamp":1547972406,"path_taken":["M","?","M","?","$","R","M","?","T","E","M","R","E","M","R","BOSS","M","?","?"],"build_version":"2019-01-17","purchased_purges":0,"victory":false,"max_hp_per_floor":[71,71,71,71,71,71,71,71,71,71,71,71,71,71,71,71,71,71,71,71],"card_choices":[{"not_picked":["Redo","Storm"],"picked":"BootSequence","floor":1},{"not_picked":["Barrage","Gash"],"picked":"White Noise","floor":3},{"not_picked":["Barrage","Cold Snap"],"picked":"Echo Form","floor":7},{"not_picked":["Barrage","Coolheaded"],"picked":"Hello World","floor":8},{"not_picked":["Amplify","Coolheaded"],"picked":"Cold Snap","floor":10},{"not_picked":["Stack","Gash"],"picked":"Hologram","floor":11},{"not_picked":["Stack","White Noise"],"picked":"Conserve Battery","floor":13},{"not_picked":["Beam Cell","Coolheaded"],"picked":"Stack","floor":14},{"not_picked":["Hyperbeam","Seek"],"picked":"Electrodynamics","floor":16},{"not_picked":["Hologram","Skim"],"picked":"Self Repair","floor":18}],"player_experience":1033879,"relics_obtained":[{"floor":9,"key":"Regal Pillow"},{"floor":10,"key":"Orichalcum"},{"floor":13,"key":"Whetstone"}],"event_choices":[{"damage_healed":0,"gold_gain":100,"player_choice":"Gold","damage_taken":0,"max_hp_gain":0,"max_hp_loss":0,"event_name":"Wheel of Change","floor":4,"gold_loss":0},{"damage_healed":0,"gold_gain":0,"cards_transformed":["Strike_B"],"player_choice":"Transformed","damage_taken":0,"max_hp_gain":0,"max_hp_loss":0,"event_name":"Transmorgrifier","floor":19,"gold_loss":0,"cards_obtained":["Fission"]}],"is_beta":true,"boss_relics":[{"not_picked":["Tiny House","Black Star"],"picked":"Sozu"}],"items_purged_floors":[],"is_endless":false,"potions_floor_spawned":[3,10,11,13,14,18],"killed_by":"Spheric Guardian","ascension_level":20}