{"gold_per_floor":[112,138,138,213,163,163,177,202,226,226,326],"floor_reached":11,"playtime":72,"items_purged":[],"score":99,"play_id":"7b8e382b-86f5-481b-a361-39f1d4edf2b2","local_time":"20190813232104","is_ascension_mode":true,"campfire_choices":[{"data":"Neutralize","floor":6,"key":"SMITH"}],"neow_cost":"NONE","seed_source_timestamp":1418884534583,"circlet_count":0,"master_deck":["Strike_G","Strike_G","Strike_G","Defend_G","Defend_G","Defend_G","Defend_G","Defend_G","Survivor","Neutralize+1","Poisoned Stab","Poisoned Stab","Crippling Poison"],"relics":["Ring of the Snake","NeowsBlessing","Centennial Puzzle","The Courier","Bag of Preparation","Potion Belt"],"potions_floor_usage":[],"damage_taken":[{"damage":0,"enemies":"Cultist","floor":1,"turns":1},{"damage":0,"enemies":"Small Slimes","floor":7,"turns":1},{"damage":0,"enemies":"Lagavulin","floor":8,"turns":1}],"seed_played":"3412784189178468404","potions_obtained":[{"floor":7,"key":"Dexterity Potion"}],"is_trial":false,"path_per_floor":["M","T","?","?","?","R","M","E","T","?","?"],"character_chosen":"THE_SILENT","items_purchased":[],"campfire_rested":0,"item_purchase_floors":[],"current_hp_per_floor":[70,70,63,52,52,52,52,52,52,45,45],"gold":326,"neow_bonus":"THREE_ENEMY_KILL","is_prod":false,"is_daily":false,"chose_seed":false,"campfire_upgraded":1,"win_rate":0,"timestamp":1565763664,"path_taken":["M","?","?","?","?","R","?","E","T","?","?"],"build_version":"2019-07-18","purchased_purges":0,"victory":false,"max_hp_per_floor":[70,70,70,70,70,70,70,70,70,70,70],"card_choices":[{"not_picked":["Acrobatics","Dagger Spray"],"picked":"Poisoned Stab","floor":1},{"not_picked":["Bane","Cloak And Dagger"],"picked":"Poisoned Stab","floor":7},{"not_picked":["Masterful Stab","Reflex"],"picked":"Crippling Poison","floor":8}],"player_experience":1411735,"relics_obtained":[{"floor":2,"key":"Centennial Puzzle"},{"floor":8,"key":"Bag of Preparation"},{"floor":9,"key":"Potion Belt"}],"event_choices":[{"damage_healed":0,"gold_gain":0,"player_choice":"Success","damage_taken":7,"relics_obtained":["The Courier"],"max_hp_gain":0,"max_hp_loss":0,"event_name":"Scrap Ooze","floor":3,"gold_loss":0},{"damage_healed":0,"gold_gain":75,"player_choice":"Gather Gold","damage_taken":11,"max_hp_gain":0,"max_hp_loss":0,"event_name":"World of Goop","floor":4,"gold_loss":0},{"cards_removed":["Strike_G"],"damage_healed":0,"gold_gain":0,"player_choice":"Card Removal","damage_taken":0,"max_hp_gain":0,"max_hp_loss":0,"event_name":"The Cleric","floor":5,"gold_loss":50},{"cards_removed":["Strike_G"],"damage_healed":0,"gold_gain":0,"player_choice":"Card Removal","damage_taken":7,"max_hp_gain":0,"max_hp_loss":0,"event_name":"Golden Wing","floor":10,"gold_loss":0},{"damage_healed":0,"gold_gain":100,"player_choice":"Pray","damage_taken":0,"max_hp_gain":0,"max_hp_loss":0,"event_name":"Golden Shrine","floor":11,"gold_loss":0}],"is_beta":true,"boss_relics":[],"items_purged_floors":[],"is_endless":false,"potions_floor_spawned":[7],"ascension_level":1}