{"gold_per_floor":[115,190,190,190,211,211,254,267,316,316,316,316,347,347,347,445,445,458,458,229,248,272,272,172,172,254,272,272,272,290,310,310,310],"floor_reached":33,"playtime":2620,"items_purged":["Strike_G","Strike_G"],"score":514,"play_id":"90367a76-3c21-4d5d-b047-6391804dc904","local_time":"20190726221917","is_ascension_mode":true,"campfire_choices":[{"data":"Dash","floor":6,"key":"SMITH"},{"data":"Neutralize","floor":12,"key":"SMITH"},{"data":"Leg Sweep","floor":15,"key":"SMITH"},{"data":"Noxious Fumes","floor":23,"key":"SMITH"},{"data":"Blur","floor":25,"key":"SMITH"},{"floor":28,"key":"REST"},{"floor":32,"key":"REST"}],"neow_cost":"NONE","seed_source_timestamp":1441468615075052,"circlet_count":0,"master_deck":["AscendersBane","Strike_G","Defend_G","Defend_G","Defend_G","Defend_G","Defend_G","Survivor","Neutralize+1","Dash+1","Poisoned Stab","Corpse Explosion","Blur+1","Leg Sweep+1","Backstab+1","Dagger Spray","Noxious Fumes+1","Deadly Poison","Backstab","PiercingWail+1"],"relics":["Ring of the Serpent","NeowsBlessing","Golden Idol","Vajra","Strawberry","Dodecahedron","Turnip","Tiny Chest"],"potions_floor_usage":[13,16,27,33,33],"damage_taken":[{"damage":0,"enemies":"Jaw Worm","floor":1,"turns":1},{"damage":0,"enemies":"2 Louse","floor":5,"turns":1},{"damage":0,"enemies":"Lagavulin","floor":7,"turns":1},{"damage":1,"enemies":"Small Slimes","floor":8,"turns":3},{"damage":3,"enemies":"3 Sentries","floor":13,"turns":3},{"damage":38,"enemies":"Slime Boss","floor":16,"turns":14},{"damage":10,"enemies":"Spheric Guardian","floor":18,"turns":11},{"damage":2,"enemies":"Shell Parasite","floor":21,"turns":7},{"damage":0,"enemies":"Snecko","floor":22,"turns":6},{"damage":10,"enemies":"Centurion and Healer","floor":27,"turns":7},{"damage":20,"enemies":"Shelled Parasite and Fungi","floor":30,"turns":7},{"damage":0,"enemies":"Sentry and Sphere","floor":31,"turns":6},{"damage":61,"enemies":"Champ","floor":33,"turns":16}],"seed_played":"-5055524700991850893","potions_obtained":[{"floor":5,"key":"PowerPotion"},{"floor":13,"key":"Poison Potion"},{"floor":21,"key":"Fire Potion"},{"floor":22,"key":"SpeedPotion"},{"floor":30,"key":"Energy Potion"}],"is_trial":false,"path_per_floor":["M","?","?","?","M","R","E","M","T","?","?","R","E","T","R","B",null,"M","?","$","M","M","R","$","R","T","M","R","?","M","M","R","B"],"character_chosen":"THE_SILENT","items_purchased":["Dagger Spray","Noxious Fumes","Deadly Poison"],"campfire_rested":2,"item_purchase_floors":[20,20,20],"current_hp_per_floor":[59,48,53,53,53,53,53,52,59,52,52,52,49,49,49,11,56,46,46,46,44,44,44,44,44,44,34,55,55,35,35,56,0],"gold":310,"neow_bonus":"THREE_ENEMY_KILL","is_prod":false,"is_daily":false,"chose_seed":false,"campfire_upgraded":5,"win_rate":0,"timestamp":1564197557,"path_taken":["M","?","?","?","M","R","E","M","T","?","?","R","E","?","R","BOSS","M","?","$","M","M","R","$","R","T","M","R","?","M","M","R","BOSS"],"build_version":"2019-07-17","purchased_purges":2,"victory":false,"max_hp_per_floor":[66,66,71,64,64,64,64,64,71,71,71,71,71,71,71,71,71,71,71,71,71,71,71,71,71,71,71,71,71,71,71,71,71],"card_choices":[{"not_picked":["Bane","Dodge and Roll"],"picked":"Dash","floor":1},{"not_picked":["Endless Agony","Flying Knee"],"picked":"Poisoned Stab","floor":5},{"not_picked":["Dodge and Roll","Bane"],"picked":"Corpse Explosion","floor":7},{"not_picked":["Dagger Throw","Outmaneuver"],"picked":"Blur","floor":8},{"not_picked":["Slice","Outmaneuver"],"picked":"Leg Sweep","floor":13},{"not_picked":["Cloak And Dagger+1","Dodge and Roll"],"picked":"Backstab+1","floor":18},{"not_picked":["Prepared+1","Setup"],"picked":"Backstab","floor":21},{"not_picked":["Eviscerate","Deflect+1"],"picked":"PiercingWail+1","floor":22},{"not_picked":["Outmaneuver","Backflip","Cloak And Dagger"],"picked":"SKIP","floor":27},{"not_picked":["Riddle With Holes","Flying Knee","Accuracy+1"],"picked":"SKIP","floor":30},{"not_picked":["Predator","Slice","Riddle With Holes"],"picked":"SKIP","floor":31}],"player_experience":901004,"relics_obtained":[{"floor":7,"key":"Vajra"},{"floor":9,"key":"Strawberry"},{"floor":13,"key":"Dodecahedron"},{"floor":14,"key":"Turnip"},{"floor":26,"key":"Tiny Chest"}],"event_choices":[{"damage_healed":0,"gold_gain":75,"player_choice":"Gather Gold","damage_taken":11,"max_hp_gain":0,"max_hp_loss":0,"event_name":"World of Goop","floor":2,"gold_loss":0},{"damage_healed":0,"gold_gain":0,"player_choice":"Donut","damage_taken":0,"max_hp_gain":5,"max_hp_loss":0,"event_name":"Big Fish","floor":3,"gold_loss":0},{"damage_healed":0,"gold_gain":0,"player_choice":"Lose Max HP","damage_taken":0,"relics_obtained":["Golden Idol"],"max_hp_gain":0,"max_hp_loss":7,"event_name":"Golden Idol","floor":4,"gold_loss":0},{"cards_removed":["Strike_G"],"damage_healed":0,"gold_gain":0,"player_choice":"Card Removal","damage_taken":7,"max_hp_gain":0,"max_hp_loss":0,"event_name":"Golden Wing","floor":10,"gold_loss":0},{"cards_removed":["Strike_G"],"damage_healed":0,"gold_gain":0,"player_choice":"Forget","damage_taken":0,"max_hp_gain":0,"max_hp_loss":0,"event_name":"Living Wall","floor":11,"gold_loss":0},{"damage_healed":0,"gold_gain":0,"player_choice":"Ignored","damage_taken":0,"max_hp_gain":0,"max_hp_loss":0,"event_name":"Vampires","floor":19,"gold_loss":0},{"damage_healed":0,"gold_gain":0,"player_choice":"Ignored","damage_taken":0,"max_hp_gain":0,"max_hp_loss":0,"event_name":"Cursed Tome","floor":29,"gold_loss":0}],"is_beta":false,"boss_relics":[{"not_picked":["Coffee Dripper","HoveringKite"],"picked":"Ring of the Serpent"}],"items_purged_floors":[20,24],"is_endless":false,"potions_floor_spawned":[5,13,21,22,30],"killed_by":"Champ","ascension_level":17}