{"gold_per_floor":[114,124,224,239,255,280,280,280,280,315,338,338,356,163,163,282,282,300,300,314,93,112,143,11,51,51,64,83,118,43,61,61,192,192,212,237,112,125,139,170,182,233,245,301,313,346,358,394,406,418,430,442,58,96,96],"floor_reached":56,"playtime":5264,"items_purged":["Injury","Strike_G","Strike_G"],"score":1409,"play_id":"4d758a46-ac46-41d7-8d3c-2536d456c057","local_time":"20190605003350","is_ascension_mode":true,"campfire_choices":[{"data":"Footwork","floor":7.0,"key":"SMITH"},{"data":"Neutralize","floor":12.0,"key":"SMITH"},{"floor":15.0,"key":"REST"},{"floor":32.0,"key":"REST"},{"data":"Envenom","floor":41.0,"key":"SMITH"},{"data":"Cloak And Dagger","floor":45.0,"key":"SMITH"},{"floor":47.0,"key":"RECALL"},{"data":"Well Laid Plans","floor":49.0,"key":"SMITH"},{"data":"Caltrops","floor":52.0,"key":"SMITH"}],"neow_cost":"NONE","seed_source_timestamp":432120962683400,"circlet_count":0,"master_deck":["Defend_G","Defend_G","Defend_G","Defend_G","Defend_G","Strike_G","Strike_G","Strike_G","Survivor","Neutralize+1","Dodge and Roll","Quick Slash","PiercingWail","Footwork+1","PiercingWail","Escape Plan","Footwork","Poisoned Stab+1","Envenom+1","Blind","Escape Plan","Caltrops+1","Blade Dance","Infinite Blades+1","Blade Dance+1","Noxious Fumes","Bandage Up","After Image","Escape Plan","Escape Plan","Adrenaline","Infinite Blades","Backflip+1","Envenom","PiercingWail","PiercingWail+1","Cloak And Dagger+1","After Image","Well Laid Plans+1","Accuracy","Catalyst","Cloak And Dagger+1"],"special_seed":0,"relics":["Ring of the Snake","Molten Egg 2","Golden Idol","Ninja Scroll","Darkstone Periapt","Oddly Smooth Stone","WristBlade","Gremlin Horn","Potion Belt","Pantograph","Boot","Busted Crown","MawBank","Bird Faced Urn","Blood Vial","Shuriken","Ornamental Fan"],"potions_floor_usage":[54,54,55,55,55],"damage_taken":[{"damage":1.0,"enemies":"Cultist","floor":1.0,"turns":4.0},{"damage":2.0,"enemies":"Small Slimes","floor":2.0,"turns":4.0},{"damage":0.0,"enemies":"Jaw Worm","floor":4.0,"turns":3.0},{"damage":1.0,"enemies":"3 Louse","floor":5.0,"turns":5.0},{"damage":20.0,"enemies":"3 Sentries","floor":6.0,"turns":15.0},{"damage":34.0,"enemies":"Gremlin Nob","floor":10.0,"turns":6.0},{"damage":2.0,"enemies":"Red Slaver","floor":13.0,"turns":6.0},{"damage":24.0,"enemies":"Hexaghost","floor":16.0,"turns":16.0},{"damage":13.0,"enemies":"Spheric Guardian","floor":18.0,"turns":9.0},{"damage":15.0,"enemies":"Shell Parasite","floor":20.0,"turns":5.0},{"damage":2.0,"enemies":"Centurion and Healer","floor":22.0,"turns":11.0},{"damage":15.0,"enemies":"Book of Stabbing","floor":23.0,"turns":8.0},{"damage":3.0,"enemies":"Gremlin Leader","floor":25.0,"turns":7.0},{"damage":11.0,"enemies":"3 Cultists","floor":27.0,"turns":5.0},{"damage":0.0,"enemies":"Cultist and Chosen","floor":28.0,"turns":8.0},{"damage":6.0,"enemies":"Slavers","floor":29.0,"turns":8.0},{"damage":11.0,"enemies":"Snecko","floor":31.0,"turns":4.0},{"damage":19.0,"enemies":"Champ","floor":33.0,"turns":12.0},{"damage":0.0,"enemies":"Orb Walker","floor":35.0,"turns":4.0},{"damage":1.0,"enemies":"3 Darklings","floor":36.0,"turns":5.0},{"damage":6.0,"enemies":"4 Shapes","floor":38.0,"turns":6.0},{"damage":2.0,"enemies":"Sphere and 2 Shapes","floor":39.0,"turns":6.0},{"damage":13.0,"enemies":"Giant Head","floor":40.0,"turns":9.0},{"damage":38.0,"enemies":"Reptomancer","floor":42.0,"turns":6.0},{"damage":30.0,"enemies":"Nemesis","floor":44.0,"turns":7.0},{"damage":14.0,"enemies":"Transient","floor":46.0,"turns":5.0},{"damage":8.0,"enemies":"Writhing Mass","floor":48.0,"turns":7.0},{"damage":6.0,"enemies":"Donu and Deca","floor":50.0,"turns":12.0},{"damage":13,"enemies":"Shield and Spear","floor":54,"turns":5},{"damage":50,"enemies":"The Heart","floor":55,"turns":8}],"seed_played":"-4473142060931587617","potions_obtained":[{"floor":10.0,"key":"LiquidBronze"},{"floor":13.0,"key":"Poison Potion"},{"floor":16.0,"key":"SteroidPotion"},{"floor":18.0,"key":"SkillPotion"},{"floor":20.0,"key":"GamblersBrew"},{"floor":25.0,"key":"SkillPotion"},{"floor":27.0,"key":"SmokeBomb"},{"floor":29.0,"key":"FearPotion"},{"floor":39.0,"key":"SteroidPotion"},{"floor":46.0,"key":"Poison Potion"},{"floor":48.0,"key":"SkillPotion"},{"floor":54,"key":"Poison Potion"}],"is_trial":false,"path_per_floor":["M","M","?","M","M","E","R","?","T","E","T","R","M","$","R","B",null,"M","?","M","$","M","E","$","E","T","M","M","E","$","M","R","B",null,"M","M","$","M","M","E","R","E","T","E","R","M","R","M","R","B",null,"R","$","E","B",null],"character_chosen":"THE_SILENT","items_purchased":["Footwork","Poisoned Stab+1","Caltrops","Blade Dance","Noxious Fumes","Bandage Up","Infinite Blades","Shuriken","Accuracy","Catalyst"],"campfire_rested":2,"item_purchase_floors":[14,14,21,21,24,24,30,53,53,53],"current_hp_per_floor":[76,74,74,74,73,53,53,53,53,19,19,19,17,17,40,16,77,64,50,35,35,33,18,18,19,19,12,16,14,14,7,30,40,77,77,77,77,75,77,68,68,34,34,24,24,30,30,48,48,77,77,77,77,77,44],"gold":96,"neow_bonus":"TEN_PERCENT_HP_BONUS","is_prod":false,"is_daily":false,"chose_seed":false,"campfire_upgraded":6,"win_rate":0,"timestamp":1559712830,"path_taken":["M","?","?","?","M","E","R","?","T","E","?","R","M","$","R","BOSS","M","?","?","$","M","E","?","E","T","M","M","E","?","M","R","BOSS","M","M","$","M","M","E","R","E","T","E","R","M","R","M","R","BOSS","R","$","E","BOSS"],"build_version":"2019-01-23","purchased_purges":3,"victory":true,"max_hp_per_floor":[77,77,77,77,77,77,77,77,77,77,77,77,77,77,77,77,77,77,77,77,77,77,77,77,77,77,77,77,77,77,77,77,77,77,77,77,77,77,77,77,77,77,77,77,77,77,77,77,77,77,77,77,77,77,77],"card_choices":[{"not_picked":["Flying Knee","Prepared"],"picked":"Dodge and Roll","floor":1.0},{"not_picked":["Masterful Stab","Dodge and Roll"],"picked":"Quick Slash","floor":2.0},{"not_picked":["Poisoned Stab","Concentrate"],"picked":"PiercingWail","floor":4.0},{"not_picked":["Finisher","Underhanded Strike","Prepared"],"picked":"SKIP","floor":5.0},{"not_picked":["Dagger Throw","Dash"],"picked":"Footwork","floor":6.0},{"not_picked":["Eviscerate+1","Prepared"],"picked":"PiercingWail","floor":10.0},{"not_picked":["Backstab+1","Underhanded Strike+1"],"picked":"Escape Plan","floor":13.0},{"not_picked":["Venomology","Wraith Form v2"],"picked":"Envenom","floor":16.0},{"not_picked":["Outmaneuver+1","Flying Knee+1","Quick Slash+1"],"picked":"SKIP","floor":18.0},{"not_picked":["Bouncing Flask","Outmaneuver"],"picked":"Escape Plan","floor":20.0},{"not_picked":["Skewer+1","Prepared"],"picked":"Infinite Blades+1","floor":22.0},{"not_picked":["Bouncing Flask","Backflip"],"picked":"Blade Dance+1","floor":23.0},{"not_picked":["Poisoned Stab+1","Deflect"],"picked":"After Image","floor":25.0},{"not_picked":["Quick Slash+1","Outmaneuver"],"picked":"Escape Plan","floor":27.0},{"not_picked":["PiercingWail","Deadly Poison"],"picked":"Escape Plan","floor":28.0},{"not_picked":["Blur","Eviscerate+1"],"picked":"Adrenaline","floor":29.0},{"not_picked":["Riddle With Holes+1","Predator+1"],"picked":"Backflip+1","floor":31.0},{"not_picked":["Phantasmal Killer","Storm of Steel"],"picked":"Envenom","floor":33.0},{"not_picked":["Poisoned Stab+1"],"picked":"SKIP","floor":35.0},{"not_picked":[],"picked":"PiercingWail","floor":36.0},{"not_picked":["Eviscerate+1"],"picked":"SKIP","floor":38.0},{"not_picked":["Quick Slash+1"],"picked":"SKIP","floor":39.0},{"not_picked":["Endless Agony+1"],"picked":"SKIP","floor":40.0},{"not_picked":[],"picked":"PiercingWail+1","floor":42.0},{"not_picked":[],"picked":"Cloak And Dagger","floor":44.0},{"not_picked":[],"picked":"After Image","floor":46.0},{"not_picked":[],"picked":"Well Laid Plans","floor":48.0},{"not_picked":[],"picked":"Cloak And Dagger+1","floor":54}],"player_experience":331575,"relics_obtained":[{"floor":6.0,"key":"Molten Egg 2"},{"floor":9.0,"key":"Ninja Scroll"},{"floor":10.0,"key":"Darkstone Periapt"},{"floor":11.0,"key":"Oddly Smooth Stone"},{"floor":23.0,"key":"Gremlin Horn"},{"floor":25.0,"key":"Potion Belt"},{"floor":26.0,"key":"Pantograph"},{"floor":29.0,"key":"Boot"},{"floor":40.0,"key":"MawBank"},{"floor":42.0,"key":"Bird Faced Urn"},{"floor":44.0,"key":"Blood Vial"},{"floor":54,"key":"Ornamental Fan"}],"event_choices":[{"damage_healed":0.0,"max_hp_gain":0.0,"max_hp_loss":0.0,"gold_gain":100.0,"event_name":"Golden Shrine","player_choice":"Pray","floor":3.0,"gold_loss":0.0,"damage_taken":0.0},{"damage_healed":0.0,"max_hp_gain":0.0,"max_hp_loss":0.0,"gold_gain":0.0,"event_name":"Golden Idol","player_choice":"Take Wound","floor":8.0,"gold_loss":0.0,"damage_taken":0.0,"relics_obtained":["Golden Idol"],"cards_obtained":["Injury"]},{"damage_healed":0.0,"max_hp_gain":0.0,"max_hp_loss":0.0,"gold_gain":0.0,"event_name":"Knowing Skull","player_choice":"CARD ","floor":19.0,"potions_obtained":[],"gold_loss":0.0,"damage_taken":14.0,"cards_obtained":["Blind"]}],"is_beta":false,"boss_relics":[{"not_picked":["Pandora\u0027s Box","Cursed Key"],"picked":"WristBlade"},{"not_picked":["Coffee Dripper","Calling Bell"],"picked":"Busted Crown"}],"items_purged_floors":[14,21,37],"is_endless":false,"potions_floor_spawned":[10,13,16,18,20,25,27,29,39,46,48,54],"ascension_level":1}