{"gold_per_floor":[117,134,146,58,23,23,58,70,70,98,98,98,98,58],"floor_reached":14,"playtime":343,"items_purged":[],"score":186,"play_id":"5b026f14-6a2b-40ef-b73e-3dc0fb53c252","local_time":"20190824164648","is_ascension_mode":true,"campfire_choices":[{"data":"Defragment","floor":6,"key":"SMITH"}],"neow_cost":"NONE","seed_source_timestamp":361661534311700,"circlet_count":0,"master_deck":["AscendersBane","Strike_B","Strike_B","Strike_B","Strike_B","Defend_B","Defend_B","Defend_B","Defend_B","Zap+1","Dualcast","Rainbow","Static Discharge+1","Coolheaded","Defragment+1","Reinforced Body","Sweeping Beam","Ball Lightning","Genetic Algorithm+1"],"relics":["Cracked Core","Unceasing Top","Meat on the Bone","Cables","Golden Idol"],"potions_floor_usage":[10],"damage_taken":[{"damage":12,"enemies":"2 Louse","floor":1,"turns":3},{"damage":1,"enemies":"Small Slimes","floor":2,"turns":3},{"damage":0,"enemies":"Cultist","floor":3,"turns":3},{"damage":16,"enemies":"3 Sentries","floor":7,"turns":7},{"damage":22,"enemies":"Large Slime","floor":8,"turns":5},{"damage":20,"enemies":"Gremlin Nob","floor":10,"turns":4},{"damage":11,"enemies":"Looter","floor":14,"turns":2}],"seed_played":"4647504902662046379","potions_obtained":[{"floor":3,"key":"FocusPotion"}],"is_trial":false,"path_per_floor":["M","M","M","$","?","R","E","M","T","E","?","?","?","M"],"character_chosen":"DEFECT","items_purchased":["Reinforced Body"],"campfire_rested":0,"item_purchase_floors":[4],"current_hp_per_floor":[52,51,51,51,68,68,52,30,30,22,22,3,3,0],"gold":58,"neow_bonus":"ONE_RANDOM_RARE_CARD","is_prod":false,"is_daily":false,"chose_seed":false,"campfire_upgraded":1,"win_rate":0,"timestamp":1566632808,"path_taken":["M","M","M","$","?","R","E","M","T","E","?","?","?","?"],"build_version":"2019-07-17","purchased_purges":0,"victory":false,"max_hp_per_floor":[71,71,71,71,71,71,71,71,71,71,64,64,64,64],"card_choices":[{"not_picked":["Stack","Cold Snap"],"picked":"Static Discharge","floor":1},{"not_picked":["Stack","Compile Driver"],"picked":"Coolheaded","floor":2},{"not_picked":["Aggregate","Sweeping Beam"],"picked":"Defragment","floor":3},{"not_picked":["All For One","Hologram"],"picked":"Sweeping Beam","floor":7},{"not_picked":["Turbo","Streamline"],"picked":"Ball Lightning","floor":8},{"not_picked":["FTL","Static Discharge"],"picked":"Genetic Algorithm","floor":10}],"player_experience":223677,"relics_obtained":[{"floor":7,"key":"Unceasing Top"},{"floor":9,"key":"Meat on the Bone"},{"floor":10,"key":"Cables"}],"event_choices":[{"damage_healed":17,"gold_gain":0,"player_choice":"Healed","damage_taken":0,"max_hp_gain":0,"max_hp_loss":0,"event_name":"The Cleric","floor":5,"gold_loss":35},{"damage_healed":0,"gold_gain":0,"player_choice":"Lose Max HP","damage_taken":0,"relics_obtained":["Golden Idol"],"max_hp_gain":0,"max_hp_loss":7,"event_name":"Golden Idol","floor":11,"gold_loss":0},{"damage_healed":0,"gold_gain":0,"player_choice":"Entered Light","damage_taken":19,"max_hp_gain":0,"max_hp_loss":0,"event_name":"Shining Light","floor":12,"gold_loss":0,"cards_upgraded":["Genetic Algorithm","Static Discharge"]},{"damage_healed":0,"gold_gain":0,"player_choice":"Upgraded","damage_taken":0,"max_hp_gain":0,"max_hp_loss":0,"event_name":"Upgrade Shrine","floor":13,"gold_loss":0,"cards_upgraded":["Zap"]}],"is_beta":false,"boss_relics":[],"items_purged_floors":[],"is_endless":false,"potions_floor_spawned":[3],"killed_by":"Looter","ascension_level":18}