{"gold_per_floor":[114,129,4,19,34,64,64,94,144,144,174,189,189,37,37,137,137,152,27,42,57,72,102,102,132,132,132,147,177,192,33,33,133,133,148,163,163,178,0,30,30,45,45,45,145,145,160,175,175,175],"floor_reached":51,"playtime":8392,"items_purged":["Strike_B","Strike_B","Pain"],"score":1184,"play_id":"57a0fe99-e132-4c66-bc58-dbdf63bcdba3","local_time":"20180630182041","daily_mods":["Heirloom","Cursed Run","Terminal"],"is_ascension_mode":false,"campfire_choices":[{"data":"Zap","floor":7,"key":"SMITH"},{"data":"Capacitor","floor":13,"key":"SMITH"},{"data":"Turbo","floor":15,"key":"SMITH"},{"data":"Machine Learning","floor":24,"key":"SMITH"},{"floor":27,"key":"REST"},{"data":"Machine Learning","floor":32,"key":"SMITH"},{"floor":41,"key":"REST"},{"data":"Dualcast","floor":46,"key":"SMITH"},{"floor":49,"key":"REST"}],"neow_cost":"","seed_source_timestamp":0,"circlet_count":0,"master_deck":["Strike_B","Strike_B","Defend_B","Defend_B","Defend_B","Defend_B","Zap+1","Dualcast+1","Coolheaded","Conserve Battery","Compile Driver","Lockon","Capacitor+1","Parasite","Turbo+1","Ball Lightning","Injury","Machine Learning+1","Skim+1","Streamline","Coolheaded","Machine Learning+1","Sweeping Beam+1","Doubt","Hologram+1","BootSequence","Ball Lightning","Echo Form+1","Clumsy","Creative AI","Steam+1","Darkness+1","Pain","Glacier+1","Defragment+1","Tempest+1","Clumsy"],"special_seed":17712,"relics":["Cursed Key","Darkstone Periapt","Du-Vu Doll","Torii","Emotion Chip","Dream Catcher","Vajra","Oddly Smooth Stone","Sozu","Ice Cream","Toolbox","Dead Branch","Mummified Hand","Nuclear Battery","Unceasing Top","Red Mask","Turnip","The Courier"],"potions_floor_usage":[8,16,21,22],"damage_taken":[{"damage":0,"enemies":"Cultist","floor":1,"turns":4},{"damage":0,"enemies":"2 Louse","floor":2,"turns":3},{"damage":0,"enemies":"Jaw Worm","floor":4,"turns":4},{"damage":0,"enemies":"Lots of Slimes","floor":5,"turns":5},{"damage":1,"enemies":"3 Sentries","floor":6,"turns":7},{"damage":7,"enemies":"Gremlin Nob","floor":8,"turns":4},{"damage":9,"enemies":"3 Sentries","floor":11,"turns":7},{"damage":3,"enemies":"Red Slaver","floor":12,"turns":3},{"damage":19,"enemies":"The Guardian","floor":16,"turns":8},{"damage":5,"enemies":"3 Byrds","floor":18,"turns":6},{"damage":1,"enemies":"Shell Parasite","floor":20,"turns":5},{"damage":15,"enemies":"Centurion and Healer","floor":21,"turns":5},{"damage":8,"enemies":"Slaver and Parasite","floor":22,"turns":6},{"damage":12,"enemies":"Book of Stabbing","floor":23,"turns":6},{"damage":21,"enemies":"Gremlin Leader","floor":25,"turns":7},{"damage":9,"enemies":"Snake Plant","floor":28,"turns":4},{"damage":0,"enemies":"Book of Stabbing","floor":29,"turns":5},{"damage":0,"enemies":"Centurion and Healer","floor":30,"turns":4},{"damage":10,"enemies":"Collector","floor":33,"turns":7},{"damage":23,"enemies":"3 Darklings","floor":35,"turns":4},{"damage":0,"enemies":"3 Shapes","floor":36,"turns":2},{"damage":0,"floor":37,"turns":5},{"damage":0,"enemies":"Maw","floor":38,"turns":6},{"damage":11,"enemies":"Nemesis","floor":40,"turns":6},{"damage":0,"enemies":"4 Shapes","floor":42,"turns":4},{"damage":5,"enemies":"3 Darklings","floor":47,"turns":5},{"damage":9,"enemies":"Maw","floor":48,"turns":6},{"damage":14,"enemies":"Time Eater","floor":50,"turns":8}],"seed_played":"-1755974802296634168","potions_obtained":[{"floor":2,"key":"GamblersBrew"},{"floor":11,"key":"Poison Potion"},{"floor":12,"key":"SpeedPotion"},{"floor":16,"key":"Regen Potion"}],"is_trial":false,"path_per_floor":["M","M","$","M","M","E","R","E","T","?","E","M","R","$","R","B",null,"M","$","M","M","M","E","R","E","T","R","M","E","M","$","R","B",null,"M","M","?","M","?","E","R","M","T","?","?","R","M","M","R","B"],"character_chosen":"DEFECT","items_purchased":["Compile Driver","Ball Lightning","Echo Form"],"campfire_rested":3,"item_purchase_floors":[3,14,31],"current_hp_per_floor":[73,72,71,70,69,68,67,60,66,76,67,64,64,64,64,51,75,70,70,69,66,58,46,46,25,31,52,47,47,47,47,47,43,70,47,47,47,47,47,36,55,55,61,61,61,61,56,47,61,53],"gold":175,"neow_bonus":"","is_prod":false,"is_daily":true,"chose_seed":false,"campfire_upgraded":6,"win_rate":0,"timestamp":1530375641,"path_taken":["M","M","$","M","M","E","R","E","T","?","E","?","R","?","R","BOSS","M","$","M","?","M","E","R","E","T","R","M","E","M","$","R","BOSS","M","M","?","?","?","E","R","M","T","?","?","R","M","M","R","BOSS"],"build_version":"2018-06-28","purchased_purges":3,"victory":true,"max_hp_per_floor":[73,72,71,70,69,68,67,66,71,76,75,74,73,72,71,76,75,74,73,72,71,70,69,68,67,72,71,70,69,68,67,66,71,70,69,68,67,66,65,64,63,62,67,66,65,64,63,62,61,66],"card_choices":[{"not_picked":["Turbo","Darkness"],"picked":"Coolheaded","floor":1},{"not_picked":["Go for the Eyes","Streamline"],"picked":"Conserve Battery","floor":2},{"not_picked":["Reinforced Body","Streamline","Rip and Tear"],"picked":"SKIP","floor":4},{"not_picked":["Auto Shields","Amplify"],"picked":"Lockon","floor":5},{"not_picked":["Rebound","Gash","White Noise"],"picked":"SKIP","floor":6},{"not_picked":["Defragment","Glacier"],"picked":"Capacitor","floor":8},{"not_picked":["Recycle","Redo","Reinforced Body"],"picked":"SKIP","floor":11},{"not_picked":["Coolheaded","Stack"],"picked":"Turbo","floor":12},{"not_picked":["Hyperbeam","Seek"],"picked":"Machine Learning","floor":16},{"not_picked":["Static Discharge","Cold Snap","Hello World"],"picked":"SKIP","floor":18},{"not_picked":["Ball Lightning","Chill"],"picked":"Skim+1","floor":20},{"not_picked":["Cold Snap","Rebound"],"picked":"Streamline","floor":21},{"not_picked":["Barrage","Capacitor+1"],"picked":"Coolheaded","floor":22},{"not_picked":["Stack+1","Leap+1"],"picked":"Machine Learning","floor":23},{"not_picked":["Stack","Force Field"],"picked":"Sweeping Beam+1","floor":25},{"not_picked":["Conserve Battery","Stack"],"picked":"Hologram+1","floor":28},{"not_picked":["Coolheaded","Reinforced Body"],"picked":"BootSequence","floor":29},{"not_picked":["Barrage","Sweeping Beam+1"],"picked":"Ball Lightning","floor":30},{"not_picked":["All For One","Seek"],"picked":"Creative AI","floor":33},{"not_picked":["Aggregate","Leap","Lockon"],"picked":"SKIP","floor":35},{"not_picked":["Cold Snap+1","Streamline","Redo+1"],"picked":"SKIP","floor":36},{"not_picked":["Ball Lightning+1","Darkness"],"picked":"Steam+1","floor":37},{"not_picked":["Melter","Cold Snap+1","Glacier+1"],"picked":"SKIP","floor":38},{"not_picked":["Stack+1","Rainbow"],"picked":"Darkness+1","floor":40},{"not_picked":["Hologram+1","Cold Snap","Go for the Eyes+1"],"picked":"SKIP","floor":42},{"not_picked":["Hologram+1","Leap"],"picked":"Glacier+1","floor":47},{"not_picked":["Barrage","Hologram+1"],"picked":"Defragment+1","floor":48},{"not_picked":["Core Surge","Coolheaded"],"picked":"Tempest+1","floor":49}],"player_experience":226494,"relics_obtained":[{"floor":6,"key":"Emotion Chip"},{"floor":8,"key":"Dream Catcher"},{"floor":9,"key":"Vajra"},{"floor":11,"key":"Oddly Smooth Stone"},{"floor":23,"key":"Ice Cream"},{"floor":25,"key":"Toolbox"},{"floor":26,"key":"Dead Branch"},{"floor":29,"key":"Mummified Hand"},{"floor":37,"key":"Unceasing Top"},{"floor":40,"key":"Turnip"},{"floor":43,"key":"The Courier"}],"event_choices":[{"event_name":"Mushrooms","player_choice":"Healed and dodged fight","floor":10,"damage_taken":0},{"event_name":"MindBloom","player_choice":"Fight","floor":37,"damage_taken":0},{"event_name":"Tomb of Lord Red Mask","player_choice":"Paid","floor":39,"damage_taken":0},{"event_name":"Accursed Blacksmith","player_choice":"Forge","floor":44,"damage_taken":0},{"event_name":"Golden Shrine","player_choice":"Pray","floor":45,"damage_taken":0}],"boss_relics":[{"not_picked":["Astrolabe","Orrery"],"picked":"Sozu"},{"not_picked":["White Beast Statue","Black Star"],"picked":"Nuclear Battery"}],"items_purged_floors":[3,14,19],"is_endless":false,"potions_floor_spawned":[2,11,12,16,18,21,22,28,29,35,37,40,48],"ascension_level":0}