{"gold_per_floor":[213,17,30,105,255,280,293,293,340,350,233,233,252,270,270,344,344,359,369,385,49,62,62],"floor_reached":23,"playtime":1652,"items_purged":["Doubt","Strike_G"],"score":351,"play_id":"457a864f-4a1f-4629-9286-80a76aed8a72","local_time":"20190723230053","is_ascension_mode":true,"campfire_choices":[{"floor":8,"key":"REST"},{"data":"Footwork","floor":15,"key":"SMITH"}],"neow_cost":"NONE","seed_source_timestamp":1185731617146377,"circlet_count":0,"master_deck":["AscendersBane","Strike_G","Strike_G","Strike_G","Strike_G","Defend_G","Defend_G","Defend_G","Defend_G","Defend_G","Survivor","Neutralize","Blade Dance","Footwork+1","Dash","Deflect","PiercingWail","Adrenaline","Cloak And Dagger","Backstab","Infinite Blades","A Thousand Cuts","Leg Sweep+1","Burst","Finisher","Infinite Blades"],"relics":["Ring of the Snake","PreservedInsect","Boot","Sozu"],"potions_floor_usage":[6,16,16,18],"damage_taken":[{"damage":1,"enemies":"2 Louse","floor":1,"turns":3},{"damage":0,"enemies":"Small Slimes","floor":3,"turns":4},{"damage":39,"enemies":"Gremlin Nob","floor":6,"turns":7},{"damage":0,"enemies":"Cultist","floor":7,"turns":5},{"damage":5,"enemies":"3 Louse","floor":10,"turns":4},{"damage":5,"enemies":"Lots of Slimes","floor":13,"turns":5},{"damage":8,"enemies":"Exordium Thugs","floor":14,"turns":7},{"damage":29,"enemies":"Hexaghost","floor":16,"turns":16},{"damage":23,"enemies":"Spheric Guardian","floor":18,"turns":6},{"damage":0,"enemies":"Shell Parasite","floor":19,"turns":6},{"damage":5,"enemies":"Shelled Parasite and Fungi","floor":20,"turns":8},{"damage":17,"enemies":"3 Cultists","floor":22,"turns":6},{"damage":12,"enemies":"Slavers","floor":23,"turns":2}],"seed_played":"2440888775739871093","potions_obtained":[{"floor":3,"key":"Energy Potion"},{"floor":10,"key":"Dexterity Potion"},{"floor":13,"key":"Block Potion"},{"floor":16,"key":"Swift Potion"}],"is_trial":false,"path_per_floor":["M","$","M","?","?","E","M","R","T","M","$","?","M","M","R","B",null,"M","M","M","$","M","E"],"character_chosen":"THE_SILENT","items_purchased":["Footwork","Dash","Deflect","Escape Plan","Burst","Finisher"],"campfire_rested":1,"item_purchase_floors":[2,2,2,11,21,21],"current_hp_per_floor":[58,58,58,47,47,8,8,27,27,22,22,66,61,53,53,24,56,33,33,28,28,11,0],"gold":62,"neow_bonus":"HUNDRED_GOLD","is_prod":false,"is_daily":false,"chose_seed":false,"campfire_upgraded":1,"win_rate":0,"timestamp":1563940853,"path_taken":["M","$","M","?","?","E","M","R","T","M","$","?","M","M","R","BOSS","M","?","M","$","M","E"],"build_version":"2019-07-17","purchased_purges":2,"victory":false,"max_hp_per_floor":[66,66,66,66,66,66,66,66,66,66,66,66,66,66,66,66,66,66,66,66,66,66,66],"card_choices":[{"not_picked":["Concentrate","Acrobatics"],"picked":"Blade Dance","floor":1},{"not_picked":["Acrobatics","Poisoned Stab"],"picked":"PiercingWail","floor":3},{"not_picked":["Bane","Accuracy"],"picked":"Adrenaline","floor":6},{"not_picked":["Outmaneuver","Riddle With Holes"],"picked":"Cloak And Dagger","floor":7},{"not_picked":["Dodge and Roll","Quick Slash","Dagger Throw"],"picked":"SKIP","floor":10},{"not_picked":["Well Laid Plans","Sucker Punch"],"picked":"Backstab","floor":13},{"not_picked":["Dagger Throw","Acrobatics"],"picked":"Infinite Blades","floor":14},{"not_picked":["Malaise","Venomology"],"picked":"A Thousand Cuts","floor":16},{"not_picked":["Prepared","Cloak And Dagger"],"picked":"Leg Sweep+1","floor":18},{"not_picked":["Outmaneuver","Bane+1","Underhanded Strike+1"],"picked":"SKIP","floor":19},{"not_picked":["Calculated Gamble","Expertise","Backflip"],"picked":"SKIP","floor":20},{"not_picked":["Finisher","Prepared"],"picked":"Infinite Blades","floor":22}],"player_experience":871767,"relics_obtained":[{"floor":6,"key":"PreservedInsect"},{"floor":9,"key":"Boot"}],"event_choices":[{"damage_healed":0,"gold_gain":75,"player_choice":"Gather Gold","damage_taken":11,"max_hp_gain":0,"max_hp_loss":0,"event_name":"World of Goop","floor":4,"gold_loss":0},{"damage_healed":0,"gold_gain":150,"player_choice":"AGREE","damage_taken":0,"max_hp_gain":0,"max_hp_loss":0,"event_name":"Liars Game","floor":5,"gold_loss":0,"cards_obtained":["Doubt"]},{"cards_removed":["Escape Plan"],"damage_healed":44,"gold_gain":0,"player_choice":"Offered Uncommon","damage_taken":0,"max_hp_gain":0,"max_hp_loss":0,"event_name":"Bonfire Elementals","floor":12,"gold_loss":0}],"is_beta":false,"boss_relics":[{"not_picked":["Velvet Choker","Busted Crown"],"picked":"Sozu"}],"items_purged_floors":[11,21],"is_endless":false,"potions_floor_spawned":[3,10,13,16,19,20,22],"killed_by":"Slavers","ascension_level":16}