{"gold_per_floor":[111,8,25,25,25,25,51,66,66,76,41,1,1,12,12,86,86],"floor_reached":17,"playtime":597,"items_purged":[],"score":271,"play_id":"d2cd860d-fd08-4af7-b610-ccf253049613","local_time":"20180811214133","is_ascension_mode":true,"campfire_choices":[{"data":"Neutralize","floor":6,"key":"SMITH"},{"data":"Sucker Punch","floor":13,"key":"SMITH"},{"data":"Crippling Poison","floor":15,"key":"SMITH"}],"neow_cost":"","seed_source_timestamp":17334527560993,"circlet_count":0,"master_deck":["Defend_G","Defend_G","Defend_G","Defend_G","Defend_G","Strike_G","Strike_G","Strike_G","Strike_G","Survivor","Neutralize+1","AscendersBane","Terror","Dagger Spray","Blur","Sucker Punch+1","Dodge and Roll","Quick Slash","Deflect","Crippling Poison+1","Poisoned Stab","Burst","All Out Attack","Leg Sweep","Infinite Blades","Masterful Stab","Deadly Poison"],"relics":["Ring of the Snake","Ornamental Fan","Oddly Smooth Stone","Orrery"],"potions_floor_usage":[7],"damage_taken":[{"damage":0,"enemies":"Jaw Worm","floor":1,"turns":6},{"damage":0,"enemies":"2 Louse","floor":3,"turns":4},{"damage":33,"enemies":"3 Sentries","floor":7,"turns":13},{"damage":0,"enemies":"Cultist","floor":8,"turns":3},{"damage":0,"enemies":"Exordium Wildlife","floor":10,"turns":4},{"damage":0,"enemies":"3 Louse","floor":14,"turns":4},{"damage":13,"enemies":"The Guardian","floor":16,"turns":13}],"seed_played":"5048122542140221699","potions_obtained":[{"floor":1,"key":"SpeedPotion"},{"floor":8,"key":"Swift Potion"}],"is_trial":false,"path_per_floor":["M","$","M","?","?","R","E","M","T","M","?","$","R","M","R","B"],"character_chosen":"THE_SILENT","items_purchased":["Dagger Spray","Blur","Crippling Poison"],"campfire_rested":0,"item_purchase_floors":[2,2,12],"current_hp_per_floor":[59,59,59,59,52,52,19,19,19,19,35,35,35,35,35,22,55],"gold":86,"neow_bonus":"","is_prod":false,"is_daily":false,"chose_seed":false,"campfire_upgraded":3,"win_rate":0,"timestamp":1534048893,"path_taken":["M","$","M","?","?","R","E","?","T","M","?","$","R","M","R","BOSS"],"build_version":"2018-08-08","purchased_purges":0,"victory":false,"max_hp_per_floor":[66,66,66,66,66,66,66,66,66,66,66,66,66,66,66,66,66],"card_choices":[{"not_picked":["Prepared","Backflip"],"picked":"Terror","floor":1},{"not_picked":["Eviscerate","Bouncing Flask"],"picked":"Sucker Punch","floor":3},{"not_picked":["Underhanded Strike","Predator"],"picked":"Dodge and Roll","floor":7},{"not_picked":["Dodge and Roll","Deadly Poison"],"picked":"Quick Slash","floor":8},{"not_picked":["Skewer","Distraction"],"picked":"Deflect","floor":10},{"not_picked":["Flying Knee","Riddle With Holes"],"picked":"Poisoned Stab","floor":14},{"not_picked":["Unload","Night Terror"],"picked":"Burst","floor":16},{"not_picked":["Catalyst","Bouncing Flask"],"picked":"All Out Attack","floor":17},{"not_picked":["Deadly Poison","Poisoned Stab"],"picked":"Leg Sweep","floor":17},{"not_picked":["Slice","Backflip"],"picked":"Infinite Blades","floor":17},{"not_picked":["Sucker Punch","Dagger Throw"],"picked":"Masterful Stab","floor":17},{"not_picked":["Expertise","Endless Agony"],"picked":"Deadly Poison","floor":17}],"player_experience":800530,"relics_obtained":[{"floor":7,"key":"Ornamental Fan"},{"floor":9,"key":"Oddly Smooth Stone"}],"event_choices":[{"event_name":"Liars Game","player_choice":"disagreed","floor":4,"damage_taken":0},{"event_name":"Golden Wing","player_choice":"Card Removal","floor":5,"damage_taken":0},{"event_name":"The Cleric","player_choice":"Healed","floor":11,"damage_taken":0}],"is_beta":true,"boss_relics":[{"not_picked":["Philosopher\u0027s Stone","Eternal Feather"],"picked":"Orrery"}],"items_purged_floors":[],"is_endless":false,"potions_floor_spawned":[1,8],"ascension_level":15}