{"gold_per_floor":[116,129,33,0,11,11,66,66,90,119,119,148,171,189,189,264,264,278,289,299,92,112,112,146,146,146,166,166,166,181,98,98,170,170,184,203,203,213,213,213,241,256,256,256,236,250,250,92,92,92],"floor_reached":50,"playtime":3263,"items_purged":["Strike_B","Pain"],"score":1107,"play_id":"a0e3b439-276e-4c0f-a3e1-524c5ec1238a","local_time":"20190824121313","is_ascension_mode":true,"campfire_choices":[{"data":"Zap","floor":6,"key":"SMITH"},{"data":"Defragment","floor":8,"key":"SMITH"},{"data":"Redo","floor":11,"key":"SMITH"},{"floor":15,"key":"REST"},{"data":"Fission","floor":23,"key":"SMITH"},{"data":"Fusion","floor":29,"key":"SMITH"},{"floor":32,"key":"REST"},{"data":"Thunder Strike","floor":40,"key":"SMITH"},{"floor":44,"key":"REST"},{"data":"Rainbow","floor":47,"key":"SMITH"},{"floor":49,"key":"REST"}],"neow_cost":"PERCENT_DAMAGE","seed_source_timestamp":4887736978210,"circlet_count":0,"master_deck":["AscendersBane","Defend_B","Defend_B","Zap+1","Electrodynamics","Ball Lightning","Redo+1","Lockon","Conserve Battery","Glacier","Defragment+1","Loop","Fission+1","Loop","Fusion+1","Thunder Strike+1","Buffer+1","Double Energy+1","Tempest+1","Chill","Compile Driver+1","Storm","Coolheaded","Skim","FTL","Cold Snap","White Noise","Blizzard","Reboot","Hologram","Coolheaded","Rainbow+1","Madness","Madness","Defragment+1","Regret","Redo+1","Conserve Battery+1"],"relics":["Cracked Core","Tiny Chest","Blood Vial","Happy Flower","Oddly Smooth Stone","Odd Mushroom","Astrolabe","Meat on the Bone","Symbiotic Virus","Cursed Key","Matryoshka","Orichalcum","Bottled Lightning","Toxic Egg 2"],"potions_floor_usage":[7,12,18,22,33,41,50,50],"damage_taken":[{"damage":8,"enemies":"Small Slimes","floor":1,"turns":2},{"damage":0,"enemies":"2 Louse","floor":2,"turns":1},{"damage":0,"enemies":"Jaw Worm","floor":5,"turns":3},{"damage":11,"enemies":"Gremlin Nob","floor":7,"turns":3},{"damage":3,"enemies":"3 Sentries","floor":10,"turns":4},{"damage":6,"enemies":"Lagavulin","floor":12,"turns":5},{"damage":7,"enemies":"The Mushroom Lair","floor":13,"turns":4},{"damage":16,"enemies":"Lots of Slimes","floor":14,"turns":4},{"damage":8,"enemies":"The Guardian","floor":16,"turns":11},{"damage":0,"enemies":"Spheric Guardian","floor":18,"turns":4},{"damage":15,"enemies":"2 Thieves","floor":19,"turns":5},{"damage":18,"enemies":"Shelled Parasite and Fungi","floor":20,"turns":4},{"damage":0,"enemies":"3 Cultists","floor":22,"turns":4},{"damage":0,"enemies":"Gremlin Leader","floor":24,"turns":4},{"damage":0,"enemies":"Centurion and Healer","floor":27,"turns":3},{"damage":0,"enemies":"Snake Plant","floor":30,"turns":4},{"damage":0,"enemies":"Collector","floor":33,"turns":4},{"damage":12,"enemies":"3 Darklings","floor":35,"turns":3},{"damage":2,"enemies":"3 Shapes","floor":36,"turns":3},{"damage":0,"enemies":"Transient","floor":38,"turns":6},{"damage":43,"enemies":"Nemesis","floor":41,"turns":7},{"damage":19,"enemies":"Spire Growth","floor":42,"turns":4},{"damage":10,"enemies":"Jaw Worm Horde","floor":46,"turns":2},{"damage":65,"enemies":"Time Eater","floor":50,"turns":10}],"seed_played":"2192342552024570168","potions_obtained":[{"floor":1,"key":"SkillPotion"},{"floor":5,"key":"Regen Potion"},{"floor":7,"key":"FairyPotion"},{"floor":16,"key":"SkillPotion"},{"floor":18,"key":"FocusPotion"},{"floor":24,"key":"EssenceOfSteel"},{"floor":27,"key":"Strength Potion"},{"floor":36,"key":"GamblersBrew"},{"floor":42,"key":"Energy Potion"},{"floor":45,"key":"Ancient Potion"}],"is_trial":false,"path_per_floor":["M","M","$","?","M","R","E","R","T","E","R","E","?","M","R","B",null,"M","M","M","$","M","R","E","?","T","M","?","R","M","$","R","B",null,"M","M","?","M","T","R","E","M","T","R","?","M","R","$","R","B"],"character_chosen":"DEFECT","items_purchased":["Lockon","Conserve Battery","Storm","PowerPotion","Hologram","Coolheaded","Conserve Battery+1"],"campfire_rested":4,"item_purchase_floors":[3,3,21,21,31,31,48],"current_hp_per_floor":[38,38,38,38,38,38,36,36,36,35,35,31,26,12,33,27,60,62,49,33,33,35,35,37,37,37,39,39,39,41,41,62,64,69,59,59,46,48,48,48,19,14,14,35,35,39,39,39,60,0],"gold":92,"neow_bonus":"THREE_RARE_CARDS","is_prod":false,"is_daily":false,"chose_seed":false,"campfire_upgraded":7,"win_rate":0,"timestamp":1566673993,"path_taken":["M","M","$","?","M","R","E","R","T","E","R","E","?","M","R","BOSS","M","M","M","$","M","R","E","?","T","M","?","R","?","$","R","BOSS","M","M","?","M","?","R","E","M","T","R","?","M","R","$","R","BOSS"],"build_version":"2019-07-17","purchased_purges":2,"victory":false,"max_hp_per_floor":[71,71,71,71,71,71,71,71,71,71,71,71,71,71,71,71,71,71,71,71,71,71,71,71,71,71,71,71,71,71,71,71,71,71,71,71,71,71,71,71,71,71,71,71,71,71,71,71,71,71],"card_choices":[{"not_picked":["Meteor Strike","Seek"],"picked":"Electrodynamics","floor":0},{"not_picked":["BootSequence","Gash"],"picked":"Ball Lightning","floor":1},{"not_picked":["Stack","Auto Shields"],"picked":"Redo","floor":2},{"not_picked":["Stack","Turbo"],"picked":"Glacier","floor":5},{"not_picked":["Steam","Stack"],"picked":"Defragment","floor":7},{"not_picked":["Sweeping Beam","Streamline"],"picked":"Loop","floor":10},{"not_picked":["Steam","BootSequence"],"picked":"Fission","floor":12},{"not_picked":["Redo","Rip and Tear"],"picked":"Loop","floor":13},{"not_picked":["Turbo","Conserve Battery"],"picked":"Fusion","floor":14},{"not_picked":["Amplify","Meteor Strike"],"picked":"Thunder Strike","floor":16},{"not_picked":["Steam","Streamline+1"],"picked":"Chill","floor":18},{"not_picked":["Stack","Ball Lightning","Blizzard"],"picked":"SKIP","floor":19},{"not_picked":["Beam Cell","Ball Lightning"],"picked":"Compile Driver+1","floor":20},{"not_picked":["Skim","Loop"],"picked":"Coolheaded","floor":22},{"not_picked":["Force Field","Double Energy"],"picked":"Skim","floor":24},{"not_picked":["Conserve Battery","Redo"],"picked":"White Noise","floor":27},{"not_picked":["Gash","Ball Lightning"],"picked":"Reboot","floor":30},{"not_picked":["Meteor Strike","Reboot"],"picked":"Rainbow","floor":33},{"not_picked":["Steam","Compile Driver","Cold Snap"],"picked":"SKIP","floor":35},{"not_picked":["Scrape","Streamline","Rebound"],"picked":"SKIP","floor":36},{"not_picked":["Redo","Hologram","Sweeping Beam"],"picked":"SKIP","floor":38},{"not_picked":["Storm","Static Discharge"],"picked":"Defragment+1","floor":41},{"not_picked":["Blizzard+1","Skim","Rip and Tear"],"picked":"SKIP","floor":42},{"not_picked":["Glacier+1","Reboot+1"],"picked":"Redo+1","floor":46}],"player_experience":696998,"relics_obtained":[{"floor":7,"key":"Tiny Chest"},{"floor":9,"key":"Blood Vial"},{"floor":10,"key":"Happy Flower"},{"floor":12,"key":"Oddly Smooth Stone"},{"floor":13,"key":"Odd Mushroom"},{"floor":24,"key":"Meat on the Bone"},{"floor":26,"key":"Symbiotic Virus"},{"floor":39,"key":"Matryoshka"},{"floor":41,"key":"Orichalcum"},{"floor":43,"key":"Bottled Lightning"},{"floor":43,"key":"Toxic Egg 2"}],"event_choices":[{"damage_healed":0,"gold_gain":0,"player_choice":"Left Gold","damage_taken":0,"max_hp_gain":0,"max_hp_loss":0,"event_name":"World of Goop","floor":4,"gold_loss":33},{"damage_healed":0,"gold_gain":0,"player_choice":"Fought Mushrooms","damage_taken":0,"max_hp_gain":0,"max_hp_loss":0,"event_name":"Mushrooms","floor":13,"gold_loss":0},{"damage_healed":0,"gold_gain":0,"cards_transformed":["Dualcast","Defend_B"],"player_choice":"Became Test Subject","damage_taken":0,"max_hp_gain":0,"max_hp_loss":0,"event_name":"Drug Dealer","floor":25,"gold_loss":0,"cards_obtained":["FTL","Cold Snap"]},{"damage_healed":0,"gold_gain":0,"cards_transformed":["Defend_B"],"player_choice":"Transformed","damage_taken":0,"max_hp_gain":0,"max_hp_loss":0,"event_name":"Transmorgrifier","floor":28,"gold_loss":0,"cards_obtained":["Blizzard"]},{"damage_healed":0,"gold_gain":0,"player_choice":"Embrace Madness","damage_taken":13,"max_hp_gain":0,"max_hp_loss":0,"event_name":"Winding Halls","floor":37,"gold_loss":0,"cards_obtained":["Madness","Madness"]},{"damage_healed":0,"gold_gain":0,"player_choice":"Bought 1 Potion","damage_taken":0,"max_hp_gain":0,"max_hp_loss":0,"event_name":"The Woman in Blue","floor":45,"gold_loss":0}],"is_beta":false,"boss_relics":[{"not_picked":["Orrery","Lizard Tail"],"picked":"Astrolabe"},{"not_picked":["Runic Pyramid","Nuclear Battery"],"picked":"Cursed Key"}],"items_purged_floors":[21,48],"is_endless":false,"potions_floor_spawned":[1,5,7,16,18,24,27,36,42,46],"killed_by":"Time Eater","ascension_level":17}