{"gold_per_floor":[118,118,139,64,9,9,30,71,71,109,109,109,132,148,148,241,241,259,274,298,298,298,298,298,342,342,342,267,285,323,337,337,428,428,442,442,140,161,177,202,202,202,202,202,220,259,259,280,280,280,280],"floor_reached":51,"playtime":2443,"items_purged":["Doubt"],"score":1379,"play_id":"5ad840aa-a5d7-46c1-b7dc-ac3b6981ddde","local_time":"20190813231737","is_ascension_mode":true,"campfire_choices":[{"data":"Armaments","floor":6.0,"key":"SMITH"},{"data":"True Grit","floor":11.0,"key":"SMITH"},{"floor":15.0,"key":"REST"},{"data":"Ghostly","floor":23.0,"key":"SMITH"},{"data":"Ghostly","floor":27.0,"key":"SMITH"},{"floor":32.0,"key":"REST"},{"data":"Ghostly","floor":41.0,"key":"SMITH"},{"data":"Footwork","floor":49,"key":"SMITH"}],"neow_cost":"NONE","seed_source_timestamp":0,"circlet_count":0,"master_deck":["AscendersBane","Bash","Armaments+1","Spot Weakness","Clash","Carnage","Feed","Heavy Blade","Bludgeon","Armaments","Clash","Clothesline","Anger","True Grit+1","Offering","True Grit+1","Impervious","Dual Wield","Ghostly+1","Ghostly+1","Ghostly+1","Shockwave","Disarm","Metallicize+1","Shockwave+1","Juggernaut","Disarm","Feel No Pain","Conserve Battery+1","Parasite","Discovery","Footwork+1","Leg Sweep"],"special_seed":0,"relics":["Pandora\u0027s Box","Golden Idol","Sundial","Self Forming Clay","Blood Vial","Singing Bowl","Cursed Key","Bag of Marbles","Matryoshka","Thread and Needle","Lizard Tail","Centennial Puzzle","PrismaticShard","Gremlin Horn"],"potions_floor_usage":[46,48,50,50],"damage_taken":[{"damage":6.0,"enemies":"2 Louse","floor":1.0,"turns":2.0},{"damage":7.0,"enemies":"Jaw Worm","floor":3.0,"turns":3.0},{"damage":4.0,"enemies":"Cultist","floor":7.0,"turns":3.0},{"damage":11.0,"enemies":"Gremlin Nob","floor":8.0,"turns":3.0},{"damage":20.0,"enemies":"3 Sentries","floor":10.0,"turns":7.0},{"damage":0.0,"enemies":"Exordium Thugs","floor":13.0,"turns":3.0},{"damage":12.0,"enemies":"Gremlin Gang","floor":14.0,"turns":3.0},{"damage":32.0,"enemies":"The Guardian","floor":16.0,"turns":9.0},{"damage":10.0,"enemies":"Spheric Guardian","floor":18.0,"turns":3.0},{"damage":7.0,"enemies":"3 Byrds","floor":19.0,"turns":5.0},{"damage":20.0,"enemies":"Snake Plant","floor":20.0,"turns":4.0},{"damage":11.0,"enemies":"Gremlin Leader","floor":25.0,"turns":6.0},{"damage":4.0,"enemies":"3 Cultists","floor":29.0,"turns":6.0},{"damage":8.0,"enemies":"Book of Stabbing","floor":30.0,"turns":6.0},{"damage":0.0,"enemies":"Cultist and Chosen","floor":31.0,"turns":7.0},{"damage":29.0,"enemies":"Automaton","floor":33.0,"turns":12.0},{"damage":6.0,"enemies":"Orb Walker","floor":35.0,"turns":3.0},{"damage":1.0,"enemies":"3 Darklings","floor":38.0,"turns":8.0},{"damage":0.0,"enemies":"4 Shapes","floor":39.0,"turns":7.0},{"damage":6.0,"enemies":"Writhing Mass","floor":40.0,"turns":7.0},{"damage":7.0,"enemies":"3 Darklings","floor":45.0,"turns":6.0},{"damage":21,"enemies":"Reptomancer","floor":46,"turns":8},{"damage":0,"enemies":"Sphere and 2 Shapes","floor":48,"turns":4},{"damage":86,"enemies":"Donu and Deca","floor":50,"turns":13},{"damage":9,"enemies":"Awakened One","floor":51,"turns":3}],"seed_played":"2988734728278942888","potions_obtained":[{"floor":1.0,"key":"LiquidBronze"},{"floor":10.0,"key":"SkillPotion"},{"floor":14.0,"key":"SteroidPotion"},{"floor":16.0,"key":"SpeedPotion"},{"floor":18.0,"key":"Regen Potion"},{"floor":29.0,"key":"PowerPotion"},{"floor":31.0,"key":"Fire Potion"},{"floor":33.0,"key":"EssenceOfSteel"},{"floor":45.0,"key":"FearPotion"},{"floor":46,"key":"Explosive Potion"},{"floor":48,"key":"LiquidBronze"}],"is_trial":false,"path_per_floor":["M","?","M","?","$","R","M","E","T","E","R","T","M","M","R","B",null,"M","M","M","?","?","R","?","E","T","R","$","M","E","M","R","B",null,"M","?","$","M","M","M","R","?","T","?","M","E","?","M","R","B","B"],"character_chosen":"IRONCLAD","items_purchased":["Clothesline","Feel No Pain","PrismaticShard"],"campfire_rested":2,"item_purchase_floors":[5,37,37],"current_hp_per_floor":[65,65,58,58,58,58,54,43,43,26,26,26,28,23,46,16,63,57,52,36,36,36,36,36,27,27,27,27,30,28,30,45,18,42,41,41,41,46,53,51,51,51,51,51,46,39,52,55,55,6,0],"gold":280,"neow_bonus":"BOSS_RELIC","is_prod":false,"is_daily":false,"chose_seed":false,"campfire_upgraded":6,"win_rate":0,"timestamp":1565763457,"path_taken":["M","?","M","?","?","R","?","E","T","E","R","?","M","?","R","BOSS","M","M","M","?","?","R","?","E","T","R","$","M","E","M","R","BOSS","M","?","$","M","M","?","R","?","T","?","?","E","?","M","R","BOSS","BOSS"],"build_version":"2019-07-18","purchased_purges":1,"victory":false,"max_hp_per_floor":[78,71,71,71,71,71,71,71,71,74,74,74,74,79,79,79,79,81,81,83,41,41,41,41,41,41,41,41,46,50,50,50,50,50,53,53,53,57,62,64,64,64,64,64,64,64,52,55,55,55,55],"card_choices":[{"not_picked":["Flex","Sword Boomerang"],"picked":"Armaments","floor":1.0},{"not_picked":["Thunderclap","Spot Weakness"],"picked":"Clash","floor":3.0},{"not_picked":["Heavy Blade","Thunderclap"],"picked":"Anger","floor":7.0},{"not_picked":["Fire Breathing","Dropkick"],"picked":"True Grit","floor":8.0},{"not_picked":["Clothesline","Perfected Strike"],"picked":"Offering","floor":10.0},{"not_picked":["Clash","Hemokinesis"],"picked":"True Grit","floor":13.0},{"not_picked":["Cleave","Thunderclap","Sword Boomerang"],"picked":"Singing Bowl","floor":14.0},{"not_picked":["Brutality","Bludgeon"],"picked":"Impervious","floor":16.0},{"not_picked":["Warcry","Body Slam","Entrench"],"picked":"Singing Bowl","floor":18.0},{"not_picked":["Clash","Power Through"],"picked":"Dual Wield","floor":19.0},{"not_picked":["Rampage+1","True Grit","Second Wind"],"picked":"Singing Bowl","floor":20.0},{"not_picked":["Shockwave","Burning Pact+1"],"picked":"Disarm","floor":25.0},{"not_picked":["Pommel Strike","Intimidate","Dropkick+1"],"picked":"Singing Bowl","floor":29.0},{"not_picked":["Flex","Bludgeon"],"picked":"Metallicize+1","floor":30.0},{"not_picked":["Wild Strike","Battle Trance"],"picked":"Shockwave+1","floor":31.0},{"not_picked":["Impervious","Offering"],"picked":"Juggernaut","floor":33.0},{"not_picked":["Clothesline","Uppercut"],"picked":"Disarm","floor":35.0},{"not_picked":["Shrug It Off","Auto Shields+1"],"picked":"Conserve Battery+1","floor":38.0},{"not_picked":["Dagger Spray","Gash+1","Turbo"],"picked":"Singing Bowl","floor":39.0},{"not_picked":["Purity+1","Shockwave+1","Blizzard"],"picked":"Singing Bowl","floor":40.0},{"not_picked":["Iron Wave","Turbo+1"],"picked":"Discovery","floor":45.0},{"not_picked":["Flying Knee+1","Rupture+1"],"picked":"Footwork","floor":46},{"not_picked":["Cold Snap","Flying Knee"],"picked":"Leg Sweep","floor":48}],"player_experience":1409190,"relics_obtained":[{"floor":8.0,"key":"Sundial"},{"floor":9.0,"key":"Self Forming Clay"},{"floor":10.0,"key":"Blood Vial"},{"floor":12.0,"key":"Singing Bowl"},{"floor":25.0,"key":"Bag of Marbles"},{"floor":26.0,"key":"Matryoshka"},{"floor":30.0,"key":"Thread and Needle"},{"floor":46,"key":"Gremlin Horn"}],"event_choices":[{"damage_healed":0.0,"max_hp_gain":0.0,"max_hp_loss":7.0,"gold_gain":0.0,"event_name":"Golden Idol","player_choice":"Lose Max HP","floor":2.0,"gold_loss":0.0,"damage_taken":0.0,"relics_obtained":["Golden Idol"]},{"cards_removed":["Hemokinesis"],"damage_healed":0.0,"max_hp_gain":0.0,"max_hp_loss":0.0,"gold_gain":0.0,"event_name":"The Cleric","player_choice":"Card Removal","floor":4.0,"gold_loss":75.0,"damage_taken":0.0},{"damage_healed":0.0,"max_hp_gain":0.0,"max_hp_loss":42.0,"gold_gain":0.0,"event_name":"Ghosts","player_choice":"Became a Ghost","floor":21.0,"gold_loss":0.0,"damage_taken":0.0,"cards_obtained":["Ghostly","Ghostly","Ghostly"]},{"damage_healed":0.0,"max_hp_gain":0.0,"max_hp_loss":0.0,"gold_gain":0.0,"event_name":"The Library","player_choice":"Read","floor":22.0,"gold_loss":0.0,"damage_taken":0.0,"cards_obtained":["Shockwave"]},{"damage_healed":0.0,"max_hp_gain":0.0,"max_hp_loss":0.0,"gold_gain":0.0,"event_name":"The Mausoleum","player_choice":"Ignored","floor":24.0,"gold_loss":0.0,"damage_taken":0.0},{"cards_removed":["Infernal Blade"],"damage_healed":0.0,"max_hp_gain":0.0,"max_hp_loss":0.0,"gold_gain":0.0,"event_name":"WeMeetAgain","player_choice":"Gave Card","floor":36.0,"gold_loss":0.0,"damage_taken":0.0,"relics_obtained":["Centennial Puzzle"]},{"damage_healed":0.0,"max_hp_gain":0.0,"max_hp_loss":0.0,"gold_gain":0.0,"event_name":"Tomb of Lord Red Mask","player_choice":"Ignored","floor":42.0,"gold_loss":0.0,"damage_taken":0.0},{"damage_healed":0.0,"max_hp_gain":0.0,"max_hp_loss":0.0,"gold_gain":0.0,"event_name":"Accursed Blacksmith","player_choice":"Forge","floor":44.0,"gold_loss":0.0,"damage_taken":0.0,"cards_upgraded":["True Grit"]},{"damage_healed":52,"gold_gain":0,"player_choice":"Heal","damage_taken":0,"max_hp_gain":0,"max_hp_loss":12,"event_name":"The Moai Head","floor":47,"gold_loss":0}],"is_beta":true,"boss_relics":[{"not_picked":["Runic Cube","Runic Pyramid"],"picked":"Cursed Key"},{"not_picked":["Calling Bell","White Beast Statue"],"picked":"Lizard Tail"}],"items_purged_floors":[28],"is_endless":false,"potions_floor_spawned":[1,10,14,16,18,29,31,33,38,45,46,48],"killed_by":"Awakened One","ascension_level":20}