{"path_per_floor":["M","M","M","$","M","R","E","R","T","M","M","R","?","E","R","B",null,"M","?","$","M","?","R","?","R","T","R"],"character_chosen":"THE_SILENT","items_purchased":["Acrobatics","Terror"],"gold_per_floor":[115,129,148,73,86,86,117,117,117,133,149,149,149,174,174,277,277,294,294,64,78,78,78,78,78,78,78],"floor_reached":28,"campfire_rested":2,"playtime":3867,"current_hp_per_floor":[70,70,70,70,62,62,10,31,31,31,31,31,17,28,49,7,70,48,32,32,26,26,26,26,26,26,26],"items_purged":["Strike_G","Strike_G"],"gold":78,"score":237,"play_id":"9a28b9d9-550b-4f5d-87d2-c970905a4c25","is_prod":false,"is_daily":false,"is_ascension_mode":true,"campfire_upgraded":5,"path_taken":["M","M","M","$","M","R","E","R","T","M","M","R","?","E","R","BOSS","M","?","$","?","?","R","?","R","T","R","M"],"build_version":"2018-02-22-PROD2","purchased_purges":2,"victory":false,"master_deck":["Defend_G","Defend_G","Defend_G","Defend_G","Defend_G","Strike_G","Strike_G+1","Strike_G+1","Survivor","Neutralize+1","Prepared+1","Outmaneuver+1","Sucker Punch","Dash+1","Backflip","Backflip","Acrobatics+1","Terror","Deflect"],"max_hp_per_floor":[70,70,70,70,70,70,70,70,70,70,70,70,70,70,70,70,70,70,70,70,70,70,70,70,70,70,70],"relics":["Ring of the Snake","Oddly Smooth Stone","Gambling Chip","Mummified Hand","Cursed Key","Enchiridion"],"card_choices":[{"not_picked":["Bane","Caltrops"],"picked":"Prepared"},{"not_picked":["Sucker Punch","Cloak And Dagger"],"picked":"Outmaneuver"},{"not_picked":["Backstab","Catalyst"],"picked":"Sucker Punch"},{"not_picked":["Bouncing Flask","Outmaneuver"],"picked":"Dash"},{"not_picked":["Cloak And Dagger","Predator"],"picked":"Backflip"},{"not_picked":["Choke","Quick Slash"],"picked":"Backflip"},{"not_picked":["Quick Slash","All Out Attack"],"picked":"Deflect"}],"player_experience":119234,"potions_floor_usage":[5,10,14,16],"damage_taken":[{"damage":0,"enemies":"Small Slimes","floor":1,"turns":3},{"damage":0,"enemies":"2 Louse","floor":2,"turns":4},{"damage":0,"enemies":"Cultist","floor":3,"turns":4},{"damage":8,"enemies":"Red Slaver","floor":5,"turns":6},{"damage":52,"enemies":"Lagavulin","floor":7,"turns":13},{"damage":0,"enemies":"Large Slime","floor":10,"turns":5},{"damage":0,"enemies":"Blue Slaver","floor":11,"turns":5},{"damage":4,"enemies":"3 Sentries","floor":14,"turns":8},{"damage":42,"enemies":"Slime Boss","floor":16,"turns":18},{"damage":22,"enemies":"Chosen","floor":18,"turns":9},{"damage":6,"enemies":"3 Byrds","floor":21,"turns":10},{"damage":37,"enemies":"Cultist and Chosen","floor":28,"turns":9}],"event_choices":[{"event_name":"Shining Light","player_choice":"Entered Light","floor":13,"damage_taken":0},{"event_name":"Cursed Tome","player_choice":"Obtained Book","floor":19,"damage_taken":0},{"event_name":"Match and Keep!","player_choice":"0 cards matched","floor":22,"damage_taken":0},{"event_name":"Addict","player_choice":"Ignored","floor":24,"damage_taken":0}],"boss_relics":[{"not_picked":["Velvet Choker","Runic Pyramid"],"picked":"Cursed Key"}],"potions_floor_spawned":[3,7,11,14],"seed_played":"-2465051117886439293","killed_by":"Cultist and Chosen","ascension_level":1,"is_trial":false}