{"gold_per_floor":[109,128,32,46,64,95,95,125,125,125,144,172,234,24,24,100,100,120,120,5,5,19,19,54,66,104,116,128],"floor_reached":28,"playtime":721,"items_purged":[],"score":608,"play_id":"82f5d251-bcd0-44f2-ac95-713146e14e99","local_time":"20190228173525","is_ascension_mode":true,"campfire_choices":[{"floor":7,"key":"REST"},{"data":"Beam Cell","floor":10,"key":"SMITH"},{"data":"Hologram","floor":15,"key":"SMITH"},{"data":"Sunder","floor":23,"key":"SMITH"},{"data":"Buffer","floor":25,"key":"SMITH"}],"neow_cost":"NONE","seed_source_timestamp":1115818472376,"circlet_count":0,"master_deck":["AscendersBane","Zap+1","Dualcast","Cold Snap","Steam","Sunder+1","Leap","Beam Cell+1","Hologram+1","Core Surge","Steam","Sweeping Beam","Buffer+1","Creative AI","Multi-Cast","Undo","Core Surge","Multi-Cast","White Noise","Chill","Ball Lightning","Ball Lightning","Stack","Capacitor","Turbo+1","Ghostly","Ghostly","Ghostly"],"relics":["Busted Crown","Blood Vial","Art of War","Sundial","Symbiotic Virus","Lee\u0027s Waffle","Pandora\u0027s Box","MawBank","War Paint"],"potions_floor_usage":[12,28],"damage_taken":[{"damage":4,"enemies":"Jaw Worm","floor":1,"turns":4},{"damage":0,"enemies":"Small Slimes","floor":2,"turns":3},{"damage":0,"enemies":"2 Louse","floor":4,"turns":2},{"damage":4,"enemies":"Looter","floor":5,"turns":3},{"damage":46,"enemies":"Gremlin Nob","floor":6,"turns":5},{"damage":16,"enemies":"Lagavulin","floor":8,"turns":8},{"damage":8,"enemies":"Blue Slaver","floor":11,"turns":2},{"damage":1,"enemies":"3 Sentries","floor":12,"turns":10},{"damage":0,"enemies":"Slime Boss","floor":16,"turns":5},{"damage":7,"enemies":"2 Thieves","floor":18,"turns":4},{"damage":0,"enemies":"Spheric Guardian","floor":22,"turns":5},{"damage":27,"enemies":"Slavers","floor":24,"turns":5},{"damage":36,"enemies":"Book of Stabbing","floor":28,"turns":6}],"seed_played":"3440746427985995987","potions_obtained":[{"floor":2,"key":"SpeedPotion"},{"floor":8,"key":"EssenceOfSteel"},{"floor":18,"key":"LiquidBronze"}],"is_trial":false,"path_per_floor":["M","M","$","M","M","E","R","E","T","R","M","E","?","$","R","B",null,"M","?","$","?","M","R","E","R","T","?","E"],"character_chosen":"DEFECT","items_purchased":["Sunder","Leap","Lee\u0027s Waffle","Capacitor","Turbo"],"campfire_rested":1,"item_purchase_floors":[3,3,14,20,20],"current_hp_per_floor":[60,60,60,60,56,10,31,17,17,17,11,12,12,78,78,78,78,71,71,71,49,51,51,26,26,26,26,0],"gold":128,"neow_bonus":"BOSS_RELIC","is_prod":false,"is_daily":false,"chose_seed":false,"campfire_upgraded":4,"win_rate":0,"timestamp":1551404125,"path_taken":["M","M","$","M","M","E","R","E","T","R","M","E","?","$","R","BOSS","M","?","$","?","M","R","E","R","T","?","E"],"build_version":"2019-02-06","purchased_purges":0,"victory":false,"max_hp_per_floor":[71,71,71,71,71,71,71,71,71,71,71,71,71,78,78,78,78,78,78,78,83,83,83,83,83,83,41,41],"card_choices":[{"not_picked":[],"picked":"Cold Snap","floor":1},{"not_picked":[],"picked":"Steam","floor":2},{"not_picked":[],"picked":"Beam Cell","floor":4},{"not_picked":[],"picked":"Hologram","floor":5},{"not_picked":[],"picked":"Core Surge","floor":6},{"not_picked":[],"picked":"Steam","floor":8},{"not_picked":[],"picked":"Sweeping Beam","floor":11},{"not_picked":[],"picked":"Buffer","floor":12},{"not_picked":[],"picked":"Creative AI","floor":16},{"not_picked":[],"picked":"Stack","floor":18},{"not_picked":["Streamline"],"picked":"SKIP","floor":22},{"not_picked":["Rip and Tear"],"picked":"SKIP","floor":24}],"player_experience":1227891,"relics_obtained":[{"floor":6,"key":"Blood Vial"},{"floor":8,"key":"Art of War"},{"floor":9,"key":"Sundial"},{"floor":12,"key":"Symbiotic Virus"},{"floor":24,"key":"MawBank"},{"floor":26,"key":"War Paint"}],"event_choices":[{"damage_healed":0,"gold_gain":62,"player_choice":"Gained Gold","damage_taken":0,"max_hp_gain":0,"max_hp_loss":0,"event_name":"Golden Wing","floor":13,"gold_loss":0},{"damage_healed":0,"gold_gain":0,"player_choice":"Ignored","damage_taken":0,"max_hp_gain":0,"max_hp_loss":0,"event_name":"Beggar","floor":19,"gold_loss":0},{"damage_healed":0,"gold_gain":0,"player_choice":"Shed Blood","damage_taken":27,"max_hp_gain":5,"max_hp_loss":0,"event_name":"Forgotten Altar","floor":21,"gold_loss":0},{"damage_healed":0,"gold_gain":0,"player_choice":"Became a Ghost","damage_taken":0,"max_hp_gain":0,"max_hp_loss":42,"event_name":"Ghosts","floor":27,"gold_loss":0,"cards_obtained":["Ghostly","Ghostly","Ghostly"]}],"is_beta":true,"boss_relics":[{"not_picked":["Ectoplasm","Runic Pyramid"],"picked":"Pandora\u0027s Box"}],"items_purged_floors":[],"is_endless":false,"potions_floor_spawned":[2,8,11,18],"killed_by":"Book of Stabbing","ascension_level":20}