{"gold_per_floor":[109,184,65,82,101,101,134,134,161,196,210,210,220,246,246,321,321,339,357,132,132,132,132,165,165,215,215,234,6,18,30,30,104,104,115,115,125,50,63,63,120,120,120,20,30,30,48,78,78,78],"floor_reached":50,"playtime":1389,"items_purged":["Writhe","Injury"],"score":1214,"play_id":"578cfd1b-15ef-4e98-8fc1-31592ea9a80a","local_time":"20180713023548","is_ascension_mode":true,"campfire_choices":[{"data":"Perfected Strike","floor":6,"key":"SMITH"},{"data":"Perfected Strike","floor":8,"key":"SMITH"},{"data":"Armaments","floor":12,"key":"SMITH"},{"data":"Inflame","floor":15,"key":"SMITH"},{"data":"True Grit","floor":23,"key":"SMITH"},{"floor":25,"key":"REST"},{"data":"Uppercut","floor":27,"key":"SMITH"},{"floor":32,"key":"REST"},{"data":"Perfected Strike","floor":40,"key":"SMITH"},{"floor":46,"key":"REST"},{"floor":49,"key":"REST"}],"neow_cost":"NONE","seed_source_timestamp":250191214288132,"circlet_count":0,"master_deck":["Strike_R","Strike_R+1","Strike_R","Strike_R+1","Strike_R","Defend_R","Bash","AscendersBane","True Grit+1","Inflame+1","Perfected Strike+1","Perfected Strike+1","Heavy Blade","Armaments+1","Shockwave","Shrug It Off","Limit Break","Barricade+1","Combust+1","Perfected Strike+1","Pommel Strike","Inflame","Perfected Strike+1","Offering","Clothesline","Uppercut+1","Pommel Strike","Inflame","Feel No Pain","Seeing Red","Limit Break","Whirlwind+1","Perfected Strike","Metallicize","True Grit"],"relics":["Snecko Eye","Orichalcum","Potion Belt","Blood Vial","Singing Bowl","Astrolabe","Whetstone","Art of War","Sling","Cursed Key","Tiny Chest","Meat on the Bone","Blue Candle"],"potions_floor_usage":[7,18,24,28,31,33,35,45,50],"damage_taken":[{"damage":18,"enemies":"2 Louse","floor":1,"turns":4},{"damage":2,"enemies":"Jaw Worm","floor":4,"turns":2},{"damage":0,"enemies":"Cultist","floor":5,"turns":3},{"damage":0,"enemies":"Lagavulin","floor":7,"turns":4},{"damage":5,"enemies":"Gremlin Nob","floor":10,"turns":3},{"damage":0,"enemies":"Blue Slaver","floor":11,"turns":2},{"damage":0,"enemies":"Large Slime","floor":13,"turns":4},{"damage":3,"enemies":"3 Sentries","floor":14,"turns":6},{"damage":0,"enemies":"Slime Boss","floor":16,"turns":5},{"damage":0,"enemies":"3 Byrds","floor":18,"turns":4},{"damage":7,"enemies":"Chosen","floor":19,"turns":2},{"damage":32,"enemies":"Gremlin Leader","floor":24,"turns":5},{"damage":4,"enemies":"3 Cultists","floor":28,"turns":3},{"damage":0,"enemies":"Snecko","floor":30,"turns":2},{"damage":25,"enemies":"Snake Plant","floor":31,"turns":3},{"damage":62,"enemies":"Collector","floor":33,"turns":8},{"damage":10,"enemies":"Flame Bruiser 1 Orb","floor":35,"turns":3},{"damage":2,"enemies":"Orb Walker","floor":37,"turns":2},{"damage":8,"enemies":"Spire Growth","floor":39,"turns":2},{"damage":4,"enemies":"Giant Head","floor":41,"turns":3},{"damage":36,"enemies":"Sphere and 2 Shapes","floor":45,"turns":4},{"damage":11,"enemies":"4 Shapes","floor":47,"turns":5},{"damage":35,"enemies":"Nemesis","floor":48,"turns":3},{"damage":80,"enemies":"Donu and Deca","floor":50,"turns":4}],"seed_played":"-4050326094476998727","potions_obtained":[{"floor":1,"key":"AttackPotion"},{"floor":11,"key":"Block Potion"},{"floor":13,"key":"Swift Potion"},{"floor":18,"key":"Fire Potion"},{"floor":28,"key":"Regen Potion"},{"floor":30,"key":"Explosive Potion"},{"floor":31,"key":"Fire Potion"},{"floor":37,"key":"Dexterity Potion"},{"floor":41,"key":"Regen Potion"}],"is_trial":false,"path_per_floor":["M","?","$","M","M","R","E","R","T","E","M","R","M","E","R","B",null,"M","M","$","?","?","R","E","R","T","R","M","$","M","M","R","B",null,"M","?","M","$","M","R","E","?","T","$","M","R","M","E","R"],"character_chosen":"IRONCLAD","items_purchased":["True Grit","Inflame","Perfected Strike","Offering","Clothesline","Sling","Inflame"],"campfire_rested":4,"item_purchase_floors":[3,3,20,20,20,29,29],"current_hp_per_floor":[50,39,39,37,37,37,37,37,37,32,34,34,36,37,37,39,68,70,65,65,65,65,65,35,58,58,58,56,56,58,44,67,7,60,52,67,69,69,63,63,61,63,63,63,48,72,65,44,69,0],"gold":78,"neow_bonus":"BOSS_RELIC","is_prod":false,"is_daily":false,"chose_seed":false,"campfire_upgraded":7,"win_rate":0,"timestamp":1531474548,"path_taken":["M","?","$","M","M","R","E","R","T","E","M","R","M","E","R","BOSS","M","M","$","?","?","R","E","R","T","R","M","$","M","M","R","BOSS","M","?","?","?","M","R","E","?","T","$","M","R","M","E","R","BOSS"],"build_version":"2018-07-12","purchased_purges":2,"victory":false,"max_hp_per_floor":[75,75,75,75,75,75,75,75,75,75,75,75,75,77,77,77,77,77,77,77,77,77,77,77,77,77,77,77,77,77,77,77,77,77,77,77,79,79,79,79,79,81,81,81,83,83,85,85,85,85],"card_choices":[{"not_picked":["Bloodletting","Headbutt"],"picked":"Perfected Strike","floor":4},{"not_picked":["Rage","Flex"],"picked":"Perfected Strike","floor":5},{"not_picked":["Thunderclap","Anger"],"picked":"Heavy Blade","floor":7},{"not_picked":["Wild Strike","Inflame"],"picked":"Armaments","floor":10},{"not_picked":["Anger","Armaments"],"picked":"Shockwave","floor":11},{"not_picked":["Clothesline","True Grit"],"picked":"Shrug It Off","floor":13},{"not_picked":["Body Slam","Exhume","Warcry"],"picked":"Singing Bowl","floor":14},{"not_picked":["Barricade","Brutality"],"picked":"Limit Break","floor":16},{"not_picked":["Infernal Blade","Flex"],"picked":"Pommel Strike","floor":18},{"not_picked":["Pummel","Havoc"],"picked":"Inflame","floor":19},{"not_picked":["Dual Wield","Cleave"],"picked":"Uppercut","floor":24},{"not_picked":["Anger","Bloodletting"],"picked":"Pommel Strike","floor":28},{"not_picked":["Dropkick+1","Rupture"],"picked":"Feel No Pain","floor":30},{"not_picked":["Clash","Headbutt"],"picked":"Seeing Red","floor":31},{"not_picked":["Juggernaut","Barricade"],"picked":"Limit Break","floor":33},{"not_picked":["Pummel+1","Flex"],"picked":"Whirlwind+1","floor":35},{"not_picked":["Pommel Strike","Iron Wave","Wild Strike"],"picked":"Singing Bowl","floor":37},{"not_picked":["Bludgeon","Shrug It Off"],"picked":"Perfected Strike","floor":39},{"not_picked":["Berserk","Evolve+1"],"picked":"Metallicize","floor":41},{"not_picked":["Transmutation","Deep Breath","Trip"],"picked":"Singing Bowl","floor":42},{"not_picked":["Seeing Red","Rage","Intimidate"],"picked":"Singing Bowl","floor":45},{"not_picked":["Flex","Iron Wave","Clash"],"picked":"Singing Bowl","floor":47},{"not_picked":["Wild Strike","Flex"],"picked":"True Grit","floor":48}],"player_experience":623183,"relics_obtained":[{"floor":7,"key":"Orichalcum"},{"floor":9,"key":"Potion Belt"},{"floor":10,"key":"Blood Vial"},{"floor":14,"key":"Singing Bowl"},{"floor":24,"key":"Whetstone"},{"floor":26,"key":"Art of War"},{"floor":41,"key":"Tiny Chest"},{"floor":43,"key":"Meat on the Bone"},{"floor":48,"key":"Blue Candle"}],"event_choices":[{"event_name":"World of Goop","player_choice":"Gather Gold","floor":2,"damage_taken":0},{"event_name":"The Mausoleum","player_choice":"No","floor":21,"damage_taken":0},{"event_name":"Drug Dealer","player_choice":"Ignored","floor":22,"damage_taken":0},{"event_name":"Winding Halls","player_choice":"Writhe","floor":36,"damage_taken":0},{"event_name":"SensoryStone","player_choice":"Memory 1","floor":42,"damage_taken":0}],"boss_relics":[{"not_picked":["White Beast Statue","Empty Cage"],"picked":"Astrolabe"},{"not_picked":["Coffee Dripper","Calling Bell"],"picked":"Cursed Key"}],"items_purged_floors":[38,44],"is_endless":false,"potions_floor_spawned":[1,11,13,18,28,30,31,37,41],"killed_by":"Donu and Deca","ascension_level":15}