{"gold_per_floor":[112,72,72,72,222,257,257,282,282,282,313,333,347,347,347,347],"floor_reached":16,"playtime":291,"items_purged":[],"score":332,"play_id":"367244e8-841b-4e1f-9803-c7ce4cb2019d","local_time":"20190102094814","is_ascension_mode":true,"campfire_choices":[{"data":"Cloak And Dagger","floor":7,"key":"SMITH"},{"data":"Noxious Fumes","floor":10,"key":"SMITH"},{"floor":15,"key":"REST"}],"neow_cost":"NONE","seed_source_timestamp":1814700894656,"circlet_count":0,"master_deck":["AscendersBane","Defend_G","Defend_G","Defend_G","Defend_G","Defend_G","Strike_G+1","Strike_G","Strike_G","Strike_G","Strike_G","Survivor","Neutralize+1","Dagger Throw","Noxious Fumes+1","Regret","Doubt","Cloak And Dagger+1","Noxious Fumes","Bane","Well Laid Plans","PiercingWail"],"relics":["Ring of the Snake","NeowsBlessing","Du-Vu Doll","Matryoshka","Vajra","Ancient Tea Set","Darkstone Periapt","Letter Opener","Lantern","Anchor"],"potions_floor_usage":[11],"damage_taken":[{"damage":0,"enemies":"Cultist","floor":1,"turns":1},{"damage":0,"enemies":"3 Sentries","floor":6,"turns":1},{"damage":0,"enemies":"Lagavulin","floor":8,"turns":1},{"damage":24,"enemies":"Gremlin Nob","floor":11,"turns":4},{"damage":6,"enemies":"Jaw Worm","floor":12,"turns":4},{"damage":3,"enemies":"2 Louse","floor":13,"turns":2},{"damage":25,"enemies":"Hexaghost","floor":16,"turns":9}],"seed_played":"-651835599382556126","potions_obtained":[{"floor":6,"key":"EssenceOfSteel"},{"floor":8,"key":"Strength Potion"},{"floor":11,"key":"Energy Potion"}],"is_trial":false,"path_per_floor":["M","$","?","?","?","E","R","E","T","R","E","M","M","T","R","B"],"character_chosen":"THE_SILENT","items_purchased":["Noxious Fumes"],"campfire_rested":1,"item_purchase_floors":[2],"current_hp_per_floor":[59,59,59,39,39,39,39,39,39,39,15,9,6,6,25,0],"gold":347,"neow_bonus":"THREE_ENEMY_KILL","is_prod":false,"is_daily":false,"chose_seed":false,"campfire_upgraded":2,"win_rate":0,"timestamp":1546451294,"path_taken":["M","$","?","?","?","E","R","E","T","R","E","?","M","?","R","BOSS"],"build_version":"2019-01-01v2","purchased_purges":0,"victory":false,"max_hp_per_floor":[66,66,66,66,66,66,66,66,66,66,66,66,66,66,66,66],"card_choices":[{"not_picked":["Dodge and Roll","Flechettes"],"picked":"Dagger Throw","floor":1},{"not_picked":["Tactician","Grand Finale"],"picked":"Cloak And Dagger","floor":6},{"not_picked":["Poisoned Stab","Prepared"],"picked":"Noxious Fumes","floor":8},{"not_picked":["Quick Slash","Poisoned Stab"],"picked":"Bane","floor":11},{"not_picked":["Finisher","Concentrate"],"picked":"Well Laid Plans","floor":12},{"not_picked":["Venomology","Poisoned Stab"],"picked":"PiercingWail","floor":13}],"player_experience":1012427,"relics_obtained":[{"floor":6,"key":"Matryoshka"},{"floor":8,"key":"Vajra"},{"floor":9,"key":"Ancient Tea Set"},{"floor":9,"key":"Darkstone Periapt"},{"floor":11,"key":"Letter Opener"},{"floor":14,"key":"Lantern"},{"floor":14,"key":"Anchor"}],"event_choices":[{"damage_healed":0,"gold_gain":0,"player_choice":"Box","damage_taken":0,"relics_obtained":["Du-Vu Doll"],"max_hp_gain":0,"max_hp_loss":0,"event_name":"Big Fish","floor":3,"gold_loss":0,"cards_obtained":["Regret"]},{"damage_healed":0,"gold_gain":0,"player_choice":"Entered Light","damage_taken":20,"max_hp_gain":0,"max_hp_loss":0,"event_name":"Shining Light","floor":4,"gold_loss":0,"cards_upgraded":["Strike_G","Neutralize"]},{"damage_healed":0,"gold_gain":150,"player_choice":"AGREE","damage_taken":0,"max_hp_gain":0,"max_hp_loss":0,"event_name":"Liars Game","floor":5,"gold_loss":0,"cards_obtained":["Doubt"]}],"is_beta":true,"boss_relics":[],"items_purged_floors":[],"is_endless":false,"potions_floor_spawned":[6,8,11,13],"killed_by":"Hexaghost","ascension_level":20}