{"gold_per_floor":[112,125,22,22,33,33,33,33,86,99,99,129,144,172,172,270,270,290,301,301,312,323,351,364,364,390,390,424,444,456,487,487,591,591,601,601,139,151,164,164,164,164,239,254,289,289,304,86,86,86],"floor_reached":51,"playtime":2833,"items_purged":["Strike_R"],"score":846,"play_id":"c0816771-f1bf-4457-b87b-ea61bdf0df53","local_time":"20190814175702","is_ascension_mode":true,"campfire_choices":[{"data":"Body Slam","floor":6,"key":"SMITH"},{"data":"Bash","floor":11,"key":"SMITH"},{"data":"Flame Barrier","floor":15,"key":"SMITH"},{"data":"Reaper","floor":25,"key":"SMITH"},{"floor":27,"key":"REST"},{"data":"Limit Break","floor":32,"key":"SMITH"},{"data":"Heavy Blade","floor":40,"key":"SMITH"},{"data":"Heavy Blade","floor":42,"key":"SMITH"},{"floor":49,"key":"REST"}],"neow_cost":"NONE","seed_source_timestamp":361227494791700,"circlet_count":0,"master_deck":["Strike_R","Strike_R","Defend_R","Defend_R","Defend_R","Defend_R","Bash+1","Sever Soul","True Grit","Shrug It Off","Disarm","Reaper+1","Bandage Up","Body Slam+1","Uppercut","Anger","Flex","Flame Barrier+1","Infernal Blade","Limit Break+1","Heavy Blade+1","Intimidate+1","Clash+1","Heavy Blade+1","Iron Wave+1","Sentinel","Flame Barrier","Impervious","Inflame","Juggernaut","Iron Wave+1","Demon Form","Madness","Body Slam+1","True Grit","Battle Trance"],"relics":["Burning Blood","Tiny Chest","Thread and Needle","Shuriken","Mark of Pain","Gremlin Horn","Darkstone Periapt","Centennial Puzzle","Dead Branch","Torii","Busted Crown","Juzu Bracelet","Pen Nib","Frozen Egg 2","Omamori","Bag of Preparation"],"potions_floor_usage":[12,16,21,23,33,45,50,50,50],"damage_taken":[{"damage":1,"enemies":"Cultist","floor":1,"turns":3},{"damage":13,"enemies":"Jaw Worm","floor":2,"turns":4},{"damage":7,"enemies":"Small Slimes","floor":5,"turns":3},{"damage":13,"enemies":"Blue Slaver","floor":10,"turns":2},{"damage":13,"enemies":"3 Sentries","floor":12,"turns":7},{"damage":3,"enemies":"Red Slaver","floor":13,"turns":3},{"damage":30,"enemies":"Gremlin Nob","floor":14,"turns":5},{"damage":47,"enemies":"Hexaghost","floor":16,"turns":10},{"damage":0,"enemies":"Spheric Guardian","floor":18,"turns":3},{"damage":9,"enemies":"Shell Parasite","floor":19,"turns":4},{"damage":0,"enemies":"3 Cultists","floor":21,"turns":4},{"damage":26,"enemies":"Centurion and Healer","floor":22,"turns":7},{"damage":57,"enemies":"Slavers","floor":23,"turns":6},{"damage":31,"enemies":"Chosen and Byrds","floor":24,"turns":8},{"damage":34,"enemies":"Book of Stabbing","floor":28,"turns":7},{"damage":12,"enemies":"Cultist and Chosen","floor":29,"turns":6},{"damage":11,"enemies":"Centurion and Healer","floor":30,"turns":5},{"damage":3,"enemies":"Gremlin Leader","floor":31,"turns":5},{"damage":30,"enemies":"Collector","floor":33,"turns":10},{"damage":11,"enemies":"3 Darklings","floor":35,"turns":5},{"damage":10,"enemies":"Orb Walker","floor":38,"turns":3},{"damage":21,"enemies":"Transient","floor":39,"turns":5},{"damage":9,"enemies":"Maw","floor":44,"turns":7},{"damage":63,"enemies":"Nemesis","floor":45,"turns":9},{"damage":0,"enemies":"Sphere and 2 Shapes","floor":47,"turns":6},{"damage":87,"enemies":"Donu and Deca","floor":50,"turns":9}],"seed_played":"144357122802122653","potions_obtained":[{"floor":1,"key":"BloodPotion"},{"floor":2,"key":"Fire Potion"},{"floor":10,"key":"Explosive Potion"},{"floor":14,"key":"AttackPotion"},{"floor":16,"key":"SpeedPotion"},{"floor":21,"key":"SteroidPotion"},{"floor":22,"key":"Regen Potion"},{"floor":24,"key":"SteroidPotion"},{"floor":38,"key":"Explosive Potion"},{"floor":39,"key":"BloodPotion"},{"floor":47,"key":"SteroidPotion"}],"is_trial":false,"path_per_floor":["M","M","$","?","M","R","?","?","T","M","R","E","M","E","R","B",null,"M","M","T","M","M","E","M","R","T","R","E","M","M","E","R","B",null,"M","T","$","M","M","R","?","R","T","M","E","?","M","$","R","B",null],"character_chosen":"IRONCLAD","items_purchased":["Disarm","Clash","Demon Form","Pen Nib","Madness","Battle Trance","Bag of Preparation"],"campfire_rested":2,"item_purchase_floors":[3,3,37,37,37,48,48],"current_hp_per_floor":[80,73,73,73,76,76,69,69,69,62,62,67,76,52,52,22,80,80,77,77,80,76,55,40,40,40,64,52,58,60,80,80,65,80,76,76,76,76,65,65,65,65,65,66,34,34,44,44,68,80],"gold":86,"neow_bonus":"THREE_CARDS","is_prod":false,"is_daily":false,"chose_seed":false,"campfire_upgraded":7,"win_rate":0,"timestamp":1565773022,"path_taken":["M","M","?","?","?","R","?","?","T","M","R","E","M","E","R","BOSS","M","M","?","M","M","E","M","R","T","R","E","M","M","E","R","BOSS","M","?","$","M","M","R","?","R","T","M","E","?","M","?","R","BOSS"],"build_version":"2019-07-17","purchased_purges":1,"victory":true,"max_hp_per_floor":[80,80,80,80,80,80,80,80,80,80,80,80,80,80,80,80,80,80,80,80,80,80,80,80,80,80,80,80,80,80,80,80,80,80,80,80,80,80,80,80,80,80,80,80,80,80,80,80,80,80],"card_choices":[{"not_picked":["Shockwave","Entrench"],"picked":"Sever Soul","floor":0},{"not_picked":["Havoc","Armaments"],"picked":"True Grit","floor":1},{"not_picked":["Cleave","Uppercut"],"picked":"Shrug It Off","floor":2},{"not_picked":["Clothesline","Havoc"],"picked":"Body Slam","floor":5},{"not_picked":["Dropkick","Thunderclap"],"picked":"Anger","floor":10},{"not_picked":["Rupture","Perfected Strike"],"picked":"Flex","floor":12},{"not_picked":["Flex","Shrug It Off"],"picked":"Flame Barrier","floor":13},{"not_picked":["Rage","Rupture"],"picked":"Infernal Blade","floor":14},{"not_picked":["Offering","Reaper"],"picked":"Limit Break","floor":16},{"not_picked":["Thunderclap","Pummel"],"picked":"Heavy Blade","floor":18},{"not_picked":["Entrench","Rupture+1"],"picked":"Intimidate+1","floor":19},{"not_picked":["Carnage","Twin Strike"],"picked":"Clash+1","floor":21},{"not_picked":["Blood for Blood","Wild Strike+1"],"picked":"Heavy Blade","floor":22},{"not_picked":["Perfected Strike","Heavy Blade"],"picked":"Iron Wave+1","floor":23},{"not_picked":["Twin Strike","Clothesline+1"],"picked":"Sentinel","floor":24},{"not_picked":["Sever Soul","Second Wind"],"picked":"Flame Barrier","floor":28},{"not_picked":["Body Slam","Armaments"],"picked":"Impervious","floor":29},{"not_picked":["Carnage+1","Entrench"],"picked":"Inflame","floor":30},{"not_picked":["Cleave","Metallicize","Clash"],"picked":"SKIP","floor":31},{"not_picked":["Reaper","Bludgeon"],"picked":"Juggernaut","floor":33},{"not_picked":[],"picked":"Iron Wave+1","floor":35},{"not_picked":["Blood for Blood"],"picked":"SKIP","floor":38},{"not_picked":["Thunderclap+1"],"picked":"SKIP","floor":39},{"not_picked":[],"picked":"Body Slam+1","floor":44},{"not_picked":["Perfected Strike+1"],"picked":"SKIP","floor":45},{"not_picked":[],"picked":"True Grit","floor":47}],"player_experience":138749,"relics_obtained":[{"floor":9,"key":"Tiny Chest"},{"floor":12,"key":"Thread and Needle"},{"floor":14,"key":"Shuriken"},{"floor":20,"key":"Gremlin Horn"},{"floor":23,"key":"Darkstone Periapt"},{"floor":26,"key":"Centennial Puzzle"},{"floor":28,"key":"Dead Branch"},{"floor":31,"key":"Torii"},{"floor":36,"key":"Juzu Bracelet"},{"floor":43,"key":"Frozen Egg 2"},{"floor":45,"key":"Omamori"}],"event_choices":[{"damage_healed":0,"gold_gain":0,"player_choice":"2 cards matched","damage_taken":0,"max_hp_gain":0,"max_hp_loss":0,"event_name":"Match and Keep!","floor":4,"gold_loss":0,"cards_obtained":["Reaper","Bandage Up"]},{"cards_removed":["Strike_R"],"damage_healed":0,"gold_gain":0,"player_choice":"Card Removal","damage_taken":7,"max_hp_gain":0,"max_hp_loss":0,"event_name":"Golden Wing","floor":7,"gold_loss":0},{"damage_healed":0,"gold_gain":0,"cards_transformed":["Strike_R"],"player_choice":"Transformed","damage_taken":0,"max_hp_gain":0,"max_hp_loss":0,"event_name":"Transmorgrifier","floor":8,"gold_loss":0,"cards_obtained":["Uppercut"]},{"cards_removed":["Clash"],"damage_healed":0,"gold_gain":0,"player_choice":"Removed Attack","damage_taken":0,"max_hp_gain":0,"max_hp_loss":0,"event_name":"Falling","floor":41,"gold_loss":0},{"damage_healed":0,"gold_gain":0,"player_choice":"Ignored","damage_taken":0,"max_hp_gain":0,"max_hp_loss":0,"event_name":"SecretPortal","floor":46,"gold_loss":0}],"is_beta":false,"boss_relics":[{"not_picked":["Fusion Hammer","Tiny House"],"picked":"Mark of Pain"},{"not_picked":["Eternal Feather","Empty Cage"],"picked":"Busted Crown"}],"items_purged_floors":[37],"is_endless":false,"potions_floor_spawned":[1,2,10,14,16,21,22,24,28,38,39,47],"ascension_level":2}