{"gold_per_floor":[113,15,35,35,110,110,136,136,161,171,222,236,260,279,279,279],"floor_reached":16,"playtime":326,"items_purged":[],"score":175,"play_id":"c27fcaab-7632-4f9d-a718-3228a2d544e6","local_time":"20180726153436","is_ascension_mode":true,"campfire_choices":[{"data":"All Out Attack","floor":6.0,"key":"SMITH"},{"floor":8.0,"key":"REST"},{"floor":15.0,"key":"REST"}],"neow_cost":"NONE","seed_source_timestamp":0,"circlet_count":0,"master_deck":["Defend_G","Defend_G","Defend_G","Defend_G","Defend_G","Strike_G","Strike_G+1","Strike_G+1","Strike_G","Strike_G","Survivor","Neutralize+1","AscendersBane","All Out Attack+1","Infinite Blades","Acrobatics","Quick Slash","Terror","Noxious Fumes","Backflip","PiercingWail","Cloak And Dagger"],"special_seed":0,"relics":["Snecko Eye","Paper Crane","Regal Pillow","Whetstone","Odd Mushroom"],"potions_floor_usage":[],"damage_taken":[{"damage":7.0,"enemies":"Cultist","floor":1.0,"turns":5.0},{"damage":0.0,"enemies":"2 Louse","floor":3.0,"turns":2.0},{"damage":26.0,"enemies":"Gremlin Nob","floor":7.0,"turns":5.0},{"damage":1.0,"enemies":"Jaw Worm","floor":10.0,"turns":5.0},{"damage":1.0,"enemies":"Blue Slaver","floor":12.0,"turns":2.0},{"damage":4.0,"floor":13.0,"turns":3.0},{"damage":14.0,"enemies":"3 Louse","floor":14.0,"turns":3.0},{"damage":0,"enemies":"The Guardian","floor":16,"turns":1}],"seed_played":"6741901474899655743","potions_obtained":[{"floor":1.0,"key":"Swift Potion"},{"floor":12.0,"key":"SteroidPotion"},{"floor":13.0,"key":"Energy Potion"}],"is_trial":false,"path_per_floor":["M","$","M","?","?","R","E","R","T","M","T","M","?","M","R"],"character_chosen":"THE_SILENT","items_purchased":["Infinite Blades","Acrobatics"],"campfire_rested":2,"item_purchase_floors":[2,2],"current_hp_per_floor":[52,52,52,52,41,41,15,34,34,33,33,32,28,14,48,48],"gold":279,"neow_bonus":"BOSS_RELIC","is_prod":false,"is_daily":false,"chose_seed":false,"campfire_upgraded":1,"win_rate":0,"timestamp":1532644476,"path_taken":["M","$","M","?","?","R","E","R","T","M","?","M","?","?","R","BOSS"],"build_version":"2018-07-26","purchased_purges":0,"victory":false,"max_hp_per_floor":[66,66,66,66,66,66,66,66,66,66,66,66,66,66,66,66],"card_choices":[{"not_picked":["Sucker Punch","Flying Knee"],"picked":"All Out Attack","floor":1.0},{"not_picked":["Deflect","Acrobatics"],"picked":"Quick Slash","floor":3.0},{"not_picked":["Quick Slash","Calculated Gamble"],"picked":"Terror","floor":7.0},{"not_picked":["Backflip","Dagger Throw"],"picked":"Noxious Fumes","floor":10.0},{"not_picked":["Sucker Punch","Concentrate"],"picked":"Backflip","floor":12.0},{"not_picked":["Deflect","Heel Hook"],"picked":"PiercingWail","floor":13.0},{"not_picked":["Blade Dance","Infinite Blades"],"picked":"Cloak And Dagger","floor":14.0}],"player_experience":687627,"relics_obtained":[{"floor":7.0,"key":"Paper Crane"},{"floor":9.0,"key":"Regal Pillow"},{"floor":11.0,"key":"Whetstone"},{"floor":13.0,"key":"Odd Mushroom"}],"event_choices":[{"event_name":"Living Wall","player_choice":"Grow","floor":4.0,"damage_taken":0.0},{"event_name":"World of Goop","player_choice":"Gather Gold","floor":5.0,"damage_taken":0.0},{"event_name":"Mushrooms","player_choice":"Fought Mushrooms","floor":13.0,"damage_taken":0.0}],"is_beta":true,"boss_relics":[],"items_purged_floors":[],"is_endless":false,"potions_floor_spawned":[1,12,13,14],"killed_by":"The Guardian","ascension_level":15}