{"gold_per_floor":[217,232,232,232,250,250,268,268,268,34,66,82,82,92,92,168,168,181,181,192,192,192],"floor_reached":22,"playtime":511,"items_purged":[],"score":326,"play_id":"b03f5329-4dab-4606-bbb4-21feb6b17647","local_time":"20180807160058","is_ascension_mode":true,"campfire_choices":[{"data":"Zap","floor":6,"key":"SMITH"},{"data":"Go for the Eyes","floor":8,"key":"SMITH"},{"data":"Loop","floor":13,"key":"SMITH"},{"floor":15,"key":"REST"}],"neow_cost":"NONE","seed_source_timestamp":729288617141174,"circlet_count":0,"master_deck":["Strike_B","Strike_B","Strike_B","Strike_B","Defend_B","Defend_B","Defend_B","Defend_B","Zap+1","Dualcast","AscendersBane","Leap","Conserve Battery","Compile Driver","Go for the Eyes+1","All For One","White Noise","Static Discharge","Loop+1","Cold Snap","Echo Form","Parasite","Regret","Injury","Reinforced Body","Streamline"],"relics":["Cracked Core","Mercury Hourglass","Bottled Tornado","Calling Bell","Omamori","Kunai","Du-Vu Doll","Meat on the Bone"],"potions_floor_usage":[7,16,20,20],"damage_taken":[{"damage":7,"enemies":"Jaw Worm","floor":1,"turns":3},{"damage":0,"enemies":"2 Louse","floor":2,"turns":3},{"damage":4,"enemies":"Small Slimes","floor":5,"turns":4},{"damage":0,"enemies":"3 Louse","floor":7,"turns":4},{"damage":18,"enemies":"Gremlin Nob","floor":11,"turns":3},{"damage":8,"enemies":"Exordium Thugs","floor":12,"turns":4},{"damage":0,"enemies":"Exordium Wildlife","floor":14,"turns":2},{"damage":21,"enemies":"Slime Boss","floor":16,"turns":6},{"damage":11,"enemies":"Spheric Guardian","floor":18,"turns":4},{"damage":38,"enemies":"2 Thieves","floor":20,"turns":4},{"damage":29,"enemies":"Snecko","floor":22,"turns":3}],"seed_played":"-7119084855721611073","potions_obtained":[{"floor":5,"key":"SkillPotion"},{"floor":7,"key":"FocusPotion"},{"floor":11,"key":"Poison Potion"},{"floor":18,"key":"EssenceOfSteel"}],"is_trial":false,"path_per_floor":["M","M","?","?","M","R","M","R","T","$","E","M","R","M","R","B",null,"M","?","M","T"],"character_chosen":"DEFECT","items_purchased":["All For One","White Noise","Static Discharge"],"campfire_rested":1,"item_purchase_floors":[10,10,10],"current_hp_per_floor":[57,57,57,57,53,53,53,53,53,53,35,27,27,27,48,27,60,49,49,11,11,0],"gold":192,"neow_bonus":"HUNDRED_GOLD","is_prod":false,"is_daily":false,"chose_seed":false,"campfire_upgraded":3,"win_rate":0,"timestamp":1533682858,"path_taken":["M","M","?","?","M","R","M","R","T","$","E","M","R","M","R","BOSS","M","?","M","?","M"],"build_version":"2018-08-07","purchased_purges":0,"victory":false,"max_hp_per_floor":[71,71,71,71,71,71,71,71,71,71,71,71,71,71,71,71,71,71,71,71,71,71],"card_choices":[{"not_picked":["Gash","Fusion"],"picked":"Leap","floor":1},{"not_picked":["Steam","Double Energy"],"picked":"Conserve Battery","floor":2},{"not_picked":["Turbo","Reprogram"],"picked":"Compile Driver","floor":5},{"not_picked":["Conserve Battery","Turbo"],"picked":"Go for the Eyes","floor":7},{"not_picked":["Hologram","Sweeping Beam"],"picked":"Loop","floor":11},{"not_picked":["Ball Lightning","Reprogram"],"picked":"Cold Snap","floor":12},{"not_picked":["Amplify","Buffer"],"picked":"Echo Form","floor":16},{"not_picked":["Compile Driver","Turbo"],"picked":"Reinforced Body","floor":18},{"not_picked":["Consume","Cold Snap"],"picked":"Streamline","floor":20}],"player_experience":757958,"relics_obtained":[{"floor":9,"key":"Mercury Hourglass"},{"floor":11,"key":"Bottled Tornado"},{"floor":17,"key":"Omamori"},{"floor":17,"key":"Kunai"},{"floor":17,"key":"Du-Vu Doll"},{"floor":21,"key":"Meat on the Bone"}],"event_choices":[{"event_name":"Liars Game","player_choice":"disagreed","floor":3,"damage_taken":0},{"event_name":"Shining Light","player_choice":"Ignored","floor":4,"damage_taken":0},{"event_name":"Forgotten Altar","player_choice":"Smashed Altar","floor":19,"damage_taken":0}],"is_beta":true,"boss_relics":[{"not_picked":["Coffee Dripper","White Beast Statue"],"picked":"Calling Bell"}],"items_purged_floors":[],"is_endless":false,"potions_floor_spawned":[5,7,11,18],"killed_by":"Snecko","ascension_level":15}