{"gold_per_floor":[113,40,53,65,65,65,95,95,95,95,170,170,15,46,46,46],"floor_reached":16,"playtime":423,"items_purged":[],"score":186,"play_id":"b14b043c-d0a2-414c-ad50-9a129047f703","local_time":"20180709225928","is_ascension_mode":true,"campfire_choices":[{"data":"Neutralize","floor":6,"key":"SMITH"},{"floor":8,"key":"REST"},{"data":"Dagger Spray","floor":10,"key":"SMITH"},{"data":"Crippling Poison","floor":12,"key":"SMITH"},{"data":"Footwork","floor":15,"key":"SMITH"}],"neow_cost":"","seed_source_timestamp":149966699699284,"circlet_count":0,"master_deck":["Defend_G","Defend_G","Defend_G","Defend_G","Defend_G","Strike_G","Strike_G","Strike_G","Strike_G","Strike_G","Survivor","Neutralize+1","AscendersBane","Leg Sweep","Crippling Poison+1","Dagger Spray+1","Slice","Night Terror","Footwork+1","Dash"],"relics":["Ring of the Snake","Mummified Hand","Matryoshka","Blue Candle"],"potions_floor_usage":[7,7],"damage_taken":[{"damage":5,"enemies":"Jaw Worm","floor":1,"turns":6},{"damage":0,"enemies":"Small Slimes","floor":3,"turns":4},{"damage":0,"enemies":"2 Louse","floor":4,"turns":3},{"damage":21,"enemies":"Gremlin Nob","floor":7,"turns":6},{"damage":3,"enemies":"3 Sentries","floor":14,"turns":8},{"damage":27,"enemies":"Hexaghost","floor":16,"turns":16}],"seed_played":"-270311114235057800","potions_obtained":[{"floor":3,"key":"Dexterity Potion"},{"floor":4,"key":"SpeedPotion"}],"is_trial":false,"path_per_floor":["M","$","M","M","?","R","E","R","T","R","?","R","$","E","R"],"character_chosen":"THE_SILENT","items_purchased":["Crippling Poison","Footwork","Dash"],"campfire_rested":1,"item_purchase_floors":[2,13,13],"current_hp_per_floor":[54,54,54,54,54,54,33,52,52,52,41,41,41,38,38,11],"gold":46,"neow_bonus":"","is_prod":false,"is_daily":false,"chose_seed":false,"campfire_upgraded":4,"win_rate":0,"timestamp":1531202368,"path_taken":["M","$","M","M","?","R","E","R","T","R","?","R","$","E","R","BOSS"],"build_version":"2018-07-05","purchased_purges":0,"victory":false,"max_hp_per_floor":[66,66,66,66,66,66,66,66,66,66,66,66,66,66,66,66],"card_choices":[{"not_picked":["Cloak And Dagger","Acrobatics"],"picked":"Leg Sweep","floor":1},{"not_picked":["Dagger Throw","Slice"],"picked":"Dagger Spray","floor":3},{"not_picked":["Heel Hook","Distraction"],"picked":"Slice","floor":4},{"not_picked":["Quick Slash","Calculated Gamble"],"picked":"Night Terror","floor":7},{"not_picked":["Poisoned Stab","Dagger Spray","Eviscerate"],"picked":"SKIP","floor":14}],"player_experience":560676,"relics_obtained":[{"floor":7,"key":"Mummified Hand"},{"floor":9,"key":"Matryoshka"},{"floor":14,"key":"Blue Candle"}],"event_choices":[{"event_name":"Liars Game","player_choice":"disagreed","floor":5,"damage_taken":0},{"event_name":"World of Goop","player_choice":"Gather Gold","floor":11,"damage_taken":0}],"boss_relics":[],"items_purged_floors":[],"is_endless":false,"potions_floor_spawned":[3,4],"killed_by":"Hexaghost","ascension_level":15}