{"gold_per_floor":[109,109,209,228,10,10,41,41,41,62,62,77,2,2,2,2],"floor_reached":16,"playtime":356,"items_purged":["Strike_R"],"score":172,"play_id":"5a124c73-6b44-49b8-9c9b-277d95218a4c","local_time":"20180730231844","is_ascension_mode":true,"campfire_choices":[{"data":"Armaments","floor":6,"key":"SMITH"},{"data":"Bludgeon","floor":8,"key":"SMITH"},{"data":"Bash","floor":11,"key":"SMITH"},{"data":"Inflame","floor":15,"key":"SMITH"}],"neow_cost":"NONE","seed_source_timestamp":452268914075719,"circlet_count":0,"master_deck":["Strike_R+1","Strike_R","Strike_R","Strike_R+1","Defend_R","Defend_R","Defend_R","Defend_R","Bash+1","AscendersBane","Armaments+1","Thunderclap","Inflame+1","Bludgeon+1","Shrug It Off","Shrug It Off","Ghostly Armor"],"relics":["White Beast Statue","Golden Idol","Whetstone","Gremlin Horn"],"potions_floor_usage":[12,16,16],"damage_taken":[{"damage":3,"enemies":"Small Slimes","floor":1,"turns":3},{"damage":13,"enemies":"Jaw Worm","floor":4,"turns":4},{"damage":22,"enemies":"Lagavulin","floor":7,"turns":6},{"damage":0,"enemies":"Cultist","floor":10,"turns":3},{"damage":3,"enemies":"Blue Slaver","floor":12,"turns":5},{"damage":25,"enemies":"Slime Boss","floor":16,"turns":9}],"seed_played":"1732502783802321172","potions_obtained":[{"floor":1,"key":"LiquidBronze"},{"floor":4,"key":"GamblersBrew"},{"floor":10,"key":"Block Potion"},{"floor":12,"key":"AttackPotion"}],"is_trial":false,"path_per_floor":["M","?","?","M","$","R","E","R","T","M","R","M","$","?","R"],"character_chosen":"IRONCLAD","items_purchased":["Inflame","Bludgeon"],"campfire_rested":0,"item_purchase_floors":[5,5],"current_hp_per_floor":[65,65,65,52,52,52,30,30,30,30,30,27,27,27,27,2],"gold":2,"neow_bonus":"BOSS_RELIC","is_prod":false,"is_daily":false,"chose_seed":false,"campfire_upgraded":4,"win_rate":0,"timestamp":1533017924,"path_taken":["M","?","?","M","$","R","E","R","T","M","R","M","$","?","R","BOSS"],"build_version":"2018-07-30","purchased_purges":1,"victory":false,"max_hp_per_floor":[75,68,68,68,68,68,68,68,68,68,68,68,68,68,68,68],"card_choices":[{"not_picked":["Headbutt","Body Slam"],"picked":"Armaments","floor":1},{"not_picked":["Wild Strike","Second Wind"],"picked":"Thunderclap","floor":4},{"not_picked":["Anger","Rage"],"picked":"Shrug It Off","floor":7},{"not_picked":["Cleave","Heavy Blade"],"picked":"Shrug It Off","floor":10},{"not_picked":["Corruption","Seeing Red"],"picked":"Ghostly Armor","floor":12}],"player_experience":704405,"relics_obtained":[{"floor":7,"key":"Whetstone"},{"floor":9,"key":"Gremlin Horn"}],"event_choices":[{"event_name":"Golden Idol","player_choice":"Lose Max HP","floor":2,"damage_taken":0},{"event_name":"Wheel of Change","player_choice":"Gold","floor":3,"damage_taken":0},{"event_name":"The Cleric","player_choice":"Leave","floor":14,"damage_taken":0}],"is_beta":true,"boss_relics":[],"items_purged_floors":[13],"is_endless":false,"potions_floor_spawned":[1,4,7,10,12],"killed_by":"Slime Boss","ascension_level":15}