{"gold_per_floor":[145,220,220,220,10,38,38,368,368,368],"floor_reached":10,"playtime":532,"items_purged":[],"score":144,"play_id":"19099a4f-6221-4a1c-b7d5-757eed697981","local_time":"20190815120519","is_ascension_mode":true,"campfire_choices":[{"data":"Zap","floor":7.0,"key":"SMITH"}],"neow_cost":"NONE","seed_source_timestamp":610763375897700,"circlet_count":0,"master_deck":["AscendersBane","Strike_B","Strike_B","Strike_B","Strike_B","Defend_B","Defend_B","Defend_B","Defend_B","Zap+1","Dualcast","Steam","Compile Driver","Rebound"],"special_seed":0,"relics":["Cracked Core","Tiny Chest","Dream Catcher","Membership Card","Bronze Scales","Old Coin","Shuriken"],"potions_floor_usage":[],"damage_taken":[{"damage":1.0,"enemies":"2 Louse","floor":1.0,"turns":3.0},{"damage":19.0,"enemies":"Lagavulin","floor":6.0,"turns":7.0},{"damage":35,"enemies":"3 Sentries","floor":8,"turns":9},{"damage":42,"enemies":"Gremlin Nob","floor":10,"turns":3}],"seed_played":"3816082185010281235","potions_obtained":[{"floor":1.0,"key":"FocusPotion"}],"is_trial":false,"path_per_floor":["M","?","?","?","$","E","R","E","T","E"],"character_chosen":"DEFECT","items_purchased":["Membership Card"],"campfire_rested":0,"item_purchase_floors":[5],"current_hp_per_floor":[63,52,41,64,64,45,45,10,10,0],"gold":368,"neow_bonus":"RANDOM_COMMON_RELIC","is_prod":false,"is_daily":false,"chose_seed":false,"campfire_upgraded":1,"win_rate":0,"timestamp":1565885119,"path_taken":["M","?","?","?","$","E","R","E","T","E"],"build_version":"2019-07-17","purchased_purges":0,"victory":false,"max_hp_per_floor":[71,71,71,71,71,71,71,71,71,71],"card_choices":[{"not_picked":["Steam Power","Recycle"],"picked":"Steam","floor":1.0},{"not_picked":["Beam Cell","Leap"],"picked":"Compile Driver","floor":6.0},{"not_picked":["Buffer","Skim"],"picked":"Rebound","floor":8}],"player_experience":2675383,"relics_obtained":[{"floor":6.0,"key":"Bronze Scales"},{"floor":8,"key":"Old Coin"},{"floor":9,"key":"Shuriken"}],"event_choices":[{"damage_healed":0.0,"max_hp_gain":0.0,"max_hp_loss":0.0,"gold_gain":75.0,"event_name":"World of Goop","player_choice":"Gather Gold","floor":2.0,"gold_loss":0.0,"damage_taken":11.0},{"damage_healed":0.0,"max_hp_gain":0.0,"max_hp_loss":0.0,"gold_gain":0.0,"event_name":"Scrap Ooze","player_choice":"Success","floor":3.0,"gold_loss":0.0,"damage_taken":11.0,"relics_obtained":["Dream Catcher"]},{"damage_healed":23.0,"max_hp_gain":0.0,"max_hp_loss":0.0,"gold_gain":0.0,"event_name":"Big Fish","player_choice":"Banana","floor":4.0,"gold_loss":0.0,"damage_taken":0.0}],"is_beta":false,"boss_relics":[],"items_purged_floors":[],"is_endless":false,"potions_floor_spawned":[1],"killed_by":"Gremlin Nob","ascension_level":20}