{"gold_per_floor":[119,131,131,145,160,160,186,186,240,256,256,290,20,34,34,108,108,119,44,60,60,60,60,24,24,24,53,53,64,93,113,113,185,185,203,222,63,63,63,63,74,74,74,74,174,185,185],"floor_reached":47,"playtime":2333,"items_purged":["Pain","Strike_G"],"score":996,"play_id":"48b95df1-6ee2-4bf7-a0c4-ea9865b6b9bd","local_time":"20181230110222","is_ascension_mode":true,"campfire_choices":[{"data":"Neutralize","floor":6.0,"key":"SMITH"},{"data":"Bouncing Flask","floor":8.0,"key":"SMITH"},{"data":"Finisher","floor":11.0,"key":"SMITH"},{"floor":15.0,"key":"REST"},{"data":"Cloak And Dagger","floor":23.0,"key":"SMITH"},{"floor":25.0,"key":"REST"},{"floor":28.0,"key":"REST"},{"data":"Malaise","floor":32.0,"key":"SMITH"},{"floor":40.0,"key":"RECALL"},{"data":"Malaise","floor":44.0,"key":"SMITH"}],"neow_cost":"NONE","seed_source_timestamp":1648698420466618,"circlet_count":0,"master_deck":["AscendersBane","Defend_G","Defend_G+1","Defend_G","Defend_G","Strike_G","Strike_G","Survivor+1","Neutralize+1","Predator+1","Flying Knee+1","Distraction+1","Bouncing Flask+1","Dagger Throw","Cloak And Dagger+1","Cloak And Dagger","Backflip","Finisher+1","Bouncing Flask","Night Terror","Infinite Blades","Well Laid Plans","Footwork","Footwork","Caltrops","Noxious Fumes","Malaise+1","Cloak And Dagger","Malaise+1","Noxious Fumes","Dodge and Roll","PiercingWail","Infinite Blades","Malaise"],"special_seed":0,"relics":["Astrolabe","WarpedTongs","Mummified Hand","Potion Belt","Strawberry","Kunai","Sozu","War Paint","Lantern","Happy Flower","Philosopher\u0027s Stone","Nunchaku"],"potions_floor_usage":[],"damage_taken":[{"damage":0.0,"enemies":"Cultist","floor":1.0,"turns":2.0},{"damage":7.0,"enemies":"Small Slimes","floor":2.0,"turns":3.0},{"damage":0.0,"enemies":"2 Louse","floor":4.0,"turns":1.0},{"damage":13.0,"enemies":"Looter","floor":5.0,"turns":2.0},{"damage":7.0,"enemies":"3 Sentries","floor":7.0,"turns":5.0},{"damage":4.0,"enemies":"Lots of Slimes","floor":10.0,"turns":4.0},{"damage":21.0,"enemies":"Gremlin Nob","floor":12.0,"turns":4.0},{"damage":4.0,"enemies":"2 Fungi Beasts","floor":14.0,"turns":4.0},{"damage":12.0,"enemies":"Slime Boss","floor":16.0,"turns":7.0},{"damage":26.0,"enemies":"Shell Parasite","floor":18.0,"turns":6.0},{"damage":6.0,"enemies":"2 Thieves","floor":20.0,"turns":3.0},{"damage":22.0,"enemies":"Book of Stabbing","floor":27.0,"turns":4.0},{"damage":2.0,"enemies":"Centurion and Healer","floor":29.0,"turns":6.0},{"damage":0.0,"enemies":"Gremlin Leader","floor":30.0,"turns":7.0},{"damage":4.0,"enemies":"Sentry and Sphere","floor":31.0,"turns":5.0},{"damage":26.0,"enemies":"Collector","floor":33.0,"turns":13.0},{"damage":17.0,"enemies":"3 Shapes","floor":35.0,"turns":5.0},{"damage":7.0,"enemies":"3 Darklings","floor":36.0,"turns":5.0},{"damage":22.0,"enemies":"4 Shapes","floor":41.0,"turns":3.0},{"damage":0.0,"enemies":"Mind Bloom Boss Battle","floor":45.0,"turns":6.0},{"damage":3,"enemies":"Writhing Mass","floor":46,"turns":6},{"damage":35,"enemies":"Nemesis","floor":47,"turns":3}],"seed_played":"2877725859892128999","potions_obtained":[{"floor":1.0,"key":"Poison Potion"},{"floor":5.0,"key":"Explosive Potion"},{"floor":14.0,"key":"SteroidPotion"}],"is_trial":false,"path_per_floor":["M","M","?","M","M","R","E","R","T","M","R","E","$","M","R","B",null,"M","$","M","?","?","R","$","R","T","E","R","M","E","M","R","B",null,"M","M","$","?","R","M","?","T","R","?","E"],"character_chosen":"THE_SILENT","items_purchased":["Kunai","Caltrops","Dodge and Roll"],"campfire_rested":3,"item_purchase_floors":[13,24,37],"current_hp_per_floor":[59,52,52,52,39,39,32,32,32,28,28,14,14,10,31,19,60,34,34,28,28,28,28,28,49,49,27,48,46,46,42,42,16,59,42,35,35,60,60,60,38,38,38,38,38,35,0],"gold":185,"neow_bonus":"BOSS_RELIC","is_prod":false,"is_daily":false,"chose_seed":false,"campfire_upgraded":6,"win_rate":0,"timestamp":1546196542,"path_taken":["M","?","?","?","M","R","E","R","T","M","R","E","$","M","R","BOSS","M","$","M","?","?","R","$","R","T","E","R","?","E","M","R","BOSS","M","M","$","?","?","R","M","?","T","R","?","M","E"],"build_version":"2018-12-25","purchased_purges":2,"victory":false,"max_hp_per_floor":[66,66,66,66,66,66,66,66,66,66,66,73,73,73,73,73,73,73,73,73,73,73,73,73,73,73,73,73,73,73,73,73,73,73,73,73,73,60,60,60,60,57,57,57,57,57,57],"card_choices":[{"not_picked":["Masterful Stab","Blade Dance"],"picked":"Bouncing Flask","floor":1.0},{"not_picked":["Poisoned Stab","Endless Agony"],"picked":"Dagger Throw","floor":2.0},{"not_picked":["Flying Knee","Prepared"],"picked":"Cloak And Dagger","floor":4.0},{"not_picked":["Sucker Punch","Slice"],"picked":"Cloak And Dagger","floor":5.0},{"not_picked":["Underhanded Strike","Flechettes"],"picked":"Backflip","floor":7.0},{"not_picked":["Backstab","Poisoned Stab"],"picked":"Finisher","floor":10.0},{"not_picked":["Eviscerate","Reflex","Flying Knee"],"picked":"SKIP","floor":12.0},{"not_picked":["Eviscerate","Underhanded Strike"],"picked":"Bouncing Flask","floor":14.0},{"not_picked":["Grand Finale","A Thousand Cuts"],"picked":"Night Terror","floor":16.0},{"not_picked":["Quick Slash","Dodge and Roll"],"picked":"Infinite Blades","floor":18.0},{"not_picked":["Bouncing Flask","Sucker Punch"],"picked":"Well Laid Plans","floor":20.0},{"not_picked":["Masterful Stab+1","Underhanded Strike"],"picked":"Noxious Fumes","floor":27.0},{"not_picked":["Reflex","Dash"],"picked":"Malaise","floor":30.0},{"not_picked":["Outmaneuver","Dagger Throw"],"picked":"Cloak And Dagger","floor":31.0},{"not_picked":["Night Terror","Die Die Die"],"picked":"Malaise","floor":33.0},{"not_picked":["Eviscerate","Outmaneuver"],"picked":"Noxious Fumes","floor":36.0},{"not_picked":["Sucker Punch","Backstab"],"picked":"PiercingWail","floor":41.0},{"not_picked":["All Out Attack","Blade Dance"],"picked":"Infinite Blades","floor":45.0},{"not_picked":["PiercingWail","Concentrate+1"],"picked":"Malaise","floor":46}],"player_experience":997833,"relics_obtained":[{"floor":7.0,"key":"Mummified Hand"},{"floor":9.0,"key":"Potion Belt"},{"floor":12.0,"key":"Strawberry"},{"floor":26.0,"key":"War Paint"},{"floor":27.0,"key":"Lantern"},{"floor":30.0,"key":"Happy Flower"},{"floor":45.0,"key":"Nunchaku"}],"event_choices":[{"damage_healed":0.0,"max_hp_gain":0.0,"max_hp_loss":0.0,"gold_gain":0.0,"event_name":"Accursed Blacksmith","player_choice":"Rummage","floor":3.0,"gold_loss":0.0,"damage_taken":0.0,"relics_obtained":["WarpedTongs"],"cards_obtained":["Pain"]},{"damage_healed":0.0,"max_hp_gain":0.0,"max_hp_loss":0.0,"gold_gain":0.0,"event_name":"The Library","player_choice":"Read","floor":21.0,"gold_loss":0.0,"damage_taken":0.0,"cards_obtained":["Footwork"]},{"damage_healed":0.0,"max_hp_gain":0.0,"max_hp_loss":0.0,"gold_gain":0.0,"event_name":"Duplicator","player_choice":"Copied","floor":22.0,"gold_loss":0.0,"damage_taken":0.0,"cards_obtained":["Footwork"]},{"damage_healed":60.0,"max_hp_gain":0.0,"max_hp_loss":13.0,"gold_gain":0.0,"event_name":"The Moai Head","player_choice":"Heal","floor":38.0,"gold_loss":0.0,"damage_taken":0.0},{"damage_healed":0.0,"max_hp_gain":0.0,"max_hp_loss":0.0,"gold_gain":0.0,"event_name":"Mysterious Sphere","player_choice":"Ignored","floor":39.0,"gold_loss":0.0,"damage_taken":0.0},{"damage_healed":0.0,"max_hp_gain":0.0,"max_hp_loss":3.0,"gold_gain":0.0,"event_name":"Winding Halls","player_choice":"Max HP","floor":42.0,"gold_loss":0.0,"damage_taken":0.0},{"damage_healed":0.0,"max_hp_gain":0.0,"max_hp_loss":0.0,"gold_gain":0.0,"event_name":"MindBloom","player_choice":"Fight","floor":45.0,"gold_loss":0.0,"damage_taken":0.0}],"is_beta":true,"boss_relics":[{"not_picked":["Eternal Feather","Busted Crown"],"picked":"Sozu"},{"not_picked":["White Beast Statue","Calling Bell"],"picked":"Philosopher\u0027s Stone"}],"items_purged_floors":[19,37],"is_endless":false,"potions_floor_spawned":[1,5,14,27,29,30,33,36,45],"killed_by":"Nemesis","ascension_level":20}