{"gold_per_floor":[119,22,37,47,47,47,73,73,151,165,180,180,180,180],"floor_reached":14,"playtime":373,"items_purged":[],"score":180,"play_id":"3a20fc5a-8d8f-40ff-b163-ece955aa1858","local_time":"20190326175352","is_ascension_mode":true,"campfire_choices":[{"data":"Neutralize","floor":6,"key":"SMITH"},{"data":"Deadly Poison","floor":8,"key":"SMITH"},{"data":"Deadly Poison","floor":13,"key":"SMITH"}],"neow_cost":"NONE","seed_source_timestamp":2281555548757,"circlet_count":0,"master_deck":["AscendersBane","Defend_G","Defend_G","Defend_G","Defend_G","Defend_G","Strike_G","Strike_G","Strike_G","Strike_G","Strike_G","Survivor","Neutralize+1","Quick Slash","Backflip","Blur","Flying Knee","Deadly Poison+1","Deadly Poison+1","Terror"],"relics":["Velvet Choker","Bronze Scales","Blue Candle","Unceasing Top"],"potions_floor_usage":[7,11,14],"damage_taken":[{"damage":1,"enemies":"2 Louse","floor":1,"turns":3},{"damage":0,"enemies":"Cultist","floor":3,"turns":4},{"damage":1,"enemies":"Small Slimes","floor":4,"turns":3},{"damage":10,"enemies":"Lagavulin","floor":7,"turns":7},{"damage":0,"enemies":"Exordium Wildlife","floor":10,"turns":4},{"damage":0,"enemies":"Lots of Slimes","floor":11,"turns":3},{"damage":11,"enemies":"3 Sentries","floor":14,"turns":7}],"seed_played":"-1590855601837580762","potions_obtained":[{"floor":3,"key":"EssenceOfSteel"},{"floor":7,"key":"EssenceOfSteel"},{"floor":10,"key":"AttackPotion"}],"is_trial":false,"path_per_floor":["M","$","M","M","?","R","E","R","T","M","M","?","R","E"],"character_chosen":"THE_SILENT","items_purchased":["Backflip","Blur"],"campfire_rested":0,"item_purchase_floors":[2,2],"current_hp_per_floor":[58,58,58,57,57,57,47,47,47,47,47,12,12,1],"gold":180,"neow_bonus":"BOSS_RELIC","is_prod":false,"is_daily":false,"chose_seed":false,"campfire_upgraded":3,"win_rate":0,"timestamp":1553648032,"path_taken":["M","$","M","M","?","R","E","R","T","M","?","?","R","E"],"build_version":"2019-03-15","purchased_purges":0,"victory":false,"max_hp_per_floor":[66,66,66,66,66,66,66,66,66,66,66,66,66,66],"card_choices":[{"not_picked":["Blade Dance","Sucker Punch"],"picked":"Quick Slash","floor":1},{"not_picked":["PiercingWail","Flechettes"],"picked":"Flying Knee","floor":3},{"not_picked":["Backflip","Dagger Throw"],"picked":"Deadly Poison","floor":4},{"not_picked":["Choke","Escape Plan"],"picked":"Terror","floor":11}],"player_experience":1361366,"relics_obtained":[{"floor":7,"key":"Bronze Scales"},{"floor":9,"key":"Blue Candle"}],"event_choices":[{"damage_healed":0,"gold_gain":0,"player_choice":"1 cards matched","damage_taken":0,"max_hp_gain":0,"max_hp_loss":0,"event_name":"Match and Keep!","floor":5,"gold_loss":0,"cards_obtained":["Deadly Poison"]},{"damage_healed":0,"gold_gain":0,"player_choice":"Success","damage_taken":35,"relics_obtained":["Unceasing Top"],"max_hp_gain":0,"max_hp_loss":0,"event_name":"Scrap Ooze","floor":12,"gold_loss":0}],"is_beta":true,"boss_relics":[],"items_purged_floors":[],"is_endless":false,"potions_floor_spawned":[3,7,10],"killed_by":"3 Sentries","ascension_level":20}