{"gold_per_floor":[117,130,130,38,58,58,86,86,109,128,128,162,179,191,191,262,262,272,272,282,121,148,181,181,216,216,235,235,235,235,22,22,22],"floor_reached":33,"playtime":1575,"items_purged":["Strike_R","Shame"],"score":527,"play_id":"7f8e3d6d-456b-4636-a390-703c184667a2","local_time":"20190825121210","is_ascension_mode":true,"campfire_choices":[{"data":"Whirlwind","floor":6.0,"key":"SMITH"},{"data":"True Grit","floor":8.0,"key":"SMITH"},{"data":"Shockwave","floor":11.0,"key":"SMITH"},{"data":"Demon Form","floor":15.0,"key":"SMITH"},{"data":"Havoc","floor":24.0,"key":"SMITH"},{"data":"Heavy Blade","floor":30,"key":"SMITH"},{"data":"Intimidate","floor":32,"key":"SMITH"}],"neow_cost":"NONE","seed_source_timestamp":92885221643639,"circlet_count":0,"master_deck":["AscendersBane","Strike_R","Strike_R","Strike_R","Strike_R","Defend_R","Defend_R","Defend_R+1","Defend_R+1","Bash","Carnage","Evolve","Spot Weakness","Thunderclap","Whirlwind+1","True Grit+1","Shockwave+1","Intimidate+1","Twin Strike","Demon Form+1","Fiend Fire","Burning Pact","Cleave+1","Inflame","Shrug It Off+1","Havoc+1","True Grit+1","Heavy Blade+1","Carnage","Impervious"],"special_seed":0,"relics":["Burning Blood","War Paint","Juzu Bracelet","Potion Belt","Happy Flower","Coffee Dripper","Red Mask","Incense Burner","Blood Vial","Dodecahedron"],"potions_floor_usage":[27,33,33,33],"damage_taken":[{"damage":6.0,"enemies":"2 Louse","floor":1.0,"turns":3.0},{"damage":0.0,"enemies":"Cultist","floor":2.0,"turns":3.0},{"damage":4.0,"enemies":"Jaw Worm","floor":5.0,"turns":3.0},{"damage":25.0,"enemies":"Lagavulin","floor":7.0,"turns":7.0},{"damage":1.0,"enemies":"2 Fungi Beasts","floor":10.0,"turns":3.0},{"damage":26.0,"enemies":"3 Sentries","floor":12.0,"turns":4.0},{"damage":1.0,"enemies":"Red Slaver","floor":13.0,"turns":3.0},{"damage":0.0,"enemies":"Exordium Wildlife","floor":14.0,"turns":3.0},{"damage":11.0,"enemies":"The Guardian","floor":16.0,"turns":8.0},{"damage":5.0,"enemies":"2 Thieves","floor":18.0,"turns":2.0},{"damage":19.0,"enemies":"Spheric Guardian","floor":20.0,"turns":4.0},{"damage":8.0,"enemies":"Masked Bandits","floor":22.0,"turns":2.0},{"damage":32.0,"enemies":"Book of Stabbing","floor":23.0,"turns":4.0},{"damage":12,"enemies":"Gremlin Leader","floor":25,"turns":7},{"damage":23,"enemies":"Snecko","floor":27,"turns":6},{"damage":32,"enemies":"Champ","floor":33,"turns":3}],"seed_played":"-8918829535851713534","potions_obtained":[{"floor":1.0,"key":"SkillPotion"},{"floor":2.0,"key":"Poison Potion"},{"floor":3.0,"key":"Block Potion"},{"floor":12.0,"key":"Ancient Potion"},{"floor":13.0,"key":"SkillPotion"},{"floor":14.0,"key":"SkillPotion"},{"floor":18.0,"key":"Swift Potion"},{"floor":22.0,"key":"PowerPotion"},{"floor":27,"key":"AttackPotion"}],"is_trial":false,"path_per_floor":["M","M","?","$","M","R","E","R","T","M","R","E","M","M","R","B",null,"M","?","M","$","?","E","R","E","T","M","?","?","R","$","R","B"],"character_chosen":"IRONCLAD","items_purchased":["Spot Weakness","Thunderclap","Inflame","Energy Potion","Swift Potion"],"campfire_rested":0,"item_purchase_floors":[4,4,21,31,31],"current_hp_per_floor":[68,74,74,74,75,75,56,56,56,61,61,41,46,52,52,47,68,69,69,56,56,54,28,28,22,22,7,7,22,22,22,22,0],"gold":22,"neow_bonus":"RANDOM_COMMON_RELIC","is_prod":false,"is_daily":false,"chose_seed":false,"campfire_upgraded":7,"win_rate":0,"timestamp":1566760330,"path_taken":["M","M","?","$","M","R","E","R","T","M","R","E","M","M","R","BOSS","M","?","M","$","?","E","R","E","T","M","?","?","R","$","R","BOSS"],"build_version":"2019-07-17","purchased_purges":2,"victory":false,"max_hp_per_floor":[75,75,75,75,75,75,75,75,75,75,75,75,75,75,75,75,75,75,75,75,75,75,75,75,75,75,75,75,75,75,75,75,75],"card_choices":[{"not_picked":["Seeing Red","Sentinel"],"picked":"Carnage","floor":1.0},{"not_picked":["Carnage","Bloodletting"],"picked":"Evolve","floor":2.0},{"not_picked":["Warcry","Dropkick"],"picked":"Whirlwind","floor":5.0},{"not_picked":["Perfected Strike","Heavy Blade"],"picked":"True Grit","floor":7.0},{"not_picked":["Entrench","Flex"],"picked":"Shockwave","floor":10.0},{"not_picked":["Rampage","Bloodletting"],"picked":"Intimidate","floor":12.0},{"not_picked":["Anger","Clash"],"picked":"Twin Strike","floor":13.0},{"not_picked":["Headbutt","Blood for Blood"],"picked":"Demon Form","floor":14.0},{"not_picked":["Bludgeon","Brutality"],"picked":"Fiend Fire","floor":16.0},{"not_picked":["Perfected Strike","Clash"],"picked":"Burning Pact","floor":18.0},{"not_picked":["Sever Soul","Ghostly Armor+1"],"picked":"Cleave+1","floor":20.0},{"not_picked":["Clash","Perfected Strike"],"picked":"Shrug It Off+1","floor":22.0},{"not_picked":["Ghostly Armor","Perfected Strike"],"picked":"Havoc","floor":23.0},{"not_picked":["Iron Wave","Sever Soul"],"picked":"True Grit+1","floor":25},{"not_picked":["Warcry","Flame Barrier"],"picked":"Heavy Blade","floor":27}],"player_experience":717444,"relics_obtained":[{"floor":7.0,"key":"Juzu Bracelet"},{"floor":9.0,"key":"Potion Belt"},{"floor":12.0,"key":"Happy Flower"},{"floor":22.0,"key":"Red Mask"},{"floor":23.0,"key":"Incense Burner"},{"floor":25,"key":"Blood Vial"},{"floor":26,"key":"Dodecahedron"}],"event_choices":[{"damage_healed":0.0,"max_hp_gain":0.0,"max_hp_loss":0.0,"gold_gain":0.0,"event_name":"Lab","player_choice":"Got Potions","floor":3.0,"gold_loss":0.0,"damage_taken":0.0},{"damage_healed":0.0,"max_hp_gain":0.0,"max_hp_loss":0.0,"gold_gain":0.0,"event_name":"Ghosts","player_choice":"Ignored","floor":19.0,"gold_loss":0.0,"damage_taken":0.0},{"damage_healed":0.0,"max_hp_gain":0.0,"max_hp_loss":0.0,"gold_gain":0.0,"event_name":"Masked Bandits","player_choice":"Fought Bandits","floor":22.0,"gold_loss":0.0,"damage_taken":0.0},{"damage_healed":0,"gold_gain":0,"player_choice":"3 cards matched","damage_taken":0,"max_hp_gain":0,"max_hp_loss":0,"event_name":"Match and Keep!","floor":28,"gold_loss":0,"cards_obtained":["Shame","Carnage","Impervious"]},{"damage_healed":15,"gold_gain":0,"player_choice":"Heal","damage_taken":0,"max_hp_gain":0,"max_hp_loss":0,"event_name":"The Library","floor":29,"gold_loss":0}],"is_beta":false,"boss_relics":[{"not_picked":["Sozu","Runic Dome"],"picked":"Coffee Dripper"}],"items_purged_floors":[21,31],"is_endless":false,"potions_floor_spawned":[1,2,12,13,14,18,22,27],"killed_by":"Champ","ascension_level":16}