{"gold_per_floor":[109,109,129,143,158,187,206,223,223,223,223,223,235,266,266,368,368,379,304,60,60,89,122,122,122,145,171,171,171,49,64,64,160,160,175,191,191,204,14,14,34,67,67,93,112,125,125,140,140,140],"floor_reached":51,"playtime":2660,"items_purged":[],"score":905,"play_id":"3ed41847-73db-4f9f-af64-587d8cfb2881","local_time":"20190812000523","is_ascension_mode":true,"campfire_choices":[{"floor":10.0,"key":"REST"},{"data":"Zap","floor":12.0,"key":"SMITH"},{"data":"Redo","floor":15.0,"key":"SMITH"},{"floor":25.0,"key":"REST"},{"data":"Apotheosis","floor":29.0,"key":"SMITH"},{"floor":32.0,"key":"REST"},{"data":"Seek","floor":40.0,"key":"SMITH"},{"floor":47,"key":"REST"},{"floor":49,"key":"REST"}],"neow_cost":"NONE","seed_source_timestamp":0,"circlet_count":0,"master_deck":["Strike_B+1","Defend_B","Defend_B","Zap+1","Dualcast","Compile Driver+1","Consume","Skim","Defragment","Cold Snap","Electrodynamics","Hologram","Redo+1","Reboot","Recycle+1","Cold Snap+1","Conserve Battery","Apotheosis+1","Go for the Eyes","Barrage+1","Capacitor+1","Buffer","Coolheaded","Finesse","Leap","Seek+1","Conserve Battery+1","White Noise","Defragment+1","Loop","Coolheaded+1","Machine Learning","Go for the Eyes+1","BootSequence+1","Hologram+1"],"special_seed":0,"relics":["Cracked Core","Bronze Scales","Du-Vu Doll","Whetstone","Astrolabe","Ginger","Red Mask","Singing Bowl","Potion Belt","Molten Egg 2","Mango","Sozu","Vajra","Centennial Puzzle","Dream Catcher","Lantern"],"potions_floor_usage":[50],"damage_taken":[{"damage":2.0,"enemies":"Jaw Worm","floor":1.0,"turns":3.0},{"damage":17.0,"enemies":"Small Slimes","floor":3.0,"turns":3.0},{"damage":2.0,"enemies":"2 Louse","floor":4.0,"turns":3.0},{"damage":6.0,"enemies":"2 Fungi Beasts","floor":5.0,"turns":4.0},{"damage":19.0,"enemies":"Gremlin Nob","floor":6.0,"turns":4.0},{"damage":11.0,"enemies":"Red Slaver","floor":7.0,"turns":4.0},{"damage":6.0,"enemies":"Lots of Slimes","floor":8.0,"turns":1.0},{"damage":7.0,"enemies":"Large Slime","floor":13.0,"turns":4.0},{"damage":15.0,"enemies":"3 Sentries","floor":14.0,"turns":3.0},{"damage":28.0,"enemies":"The Guardian","floor":16.0,"turns":11.0},{"damage":8.0,"enemies":"3 Byrds","floor":18.0,"turns":1.0},{"damage":20.0,"enemies":"Masked Bandits","floor":22.0,"turns":3.0},{"damage":31.0,"enemies":"Slavers","floor":23.0,"turns":5.0},{"damage":20.0,"enemies":"Book of Stabbing","floor":27.0,"turns":4.0},{"damage":1.0,"enemies":"Spheric Guardian","floor":31.0,"turns":5.0},{"damage":20.0,"enemies":"Champ","floor":33.0,"turns":10.0},{"damage":5.0,"enemies":"3 Darklings","floor":35.0,"turns":4.0},{"damage":5.0,"enemies":"Orb Walker","floor":36.0,"turns":4.0},{"damage":18.0,"enemies":"Writhing Mass","floor":38.0,"turns":7.0},{"damage":23.0,"enemies":"Maw","floor":41.0,"turns":7.0},{"damage":0.0,"enemies":"Giant Head","floor":42.0,"turns":7.0},{"damage":4,"enemies":"Reptomancer","floor":44,"turns":5},{"damage":10,"enemies":"Spire Growth","floor":45,"turns":4},{"damage":7,"enemies":"4 Shapes","floor":46,"turns":2},{"damage":0,"enemies":"3 Darklings","floor":48,"turns":3},{"damage":14,"enemies":"Time Eater","floor":50,"turns":12}],"seed_played":"6488496314390682878","potions_obtained":[{"floor":4.0,"key":"LiquidBronze"},{"floor":5.0,"key":"Weak Potion"},{"floor":7.0,"key":"Weak Potion"},{"floor":8.0,"key":"SteroidPotion"},{"floor":23.0,"key":"LiquidBronze"},{"floor":33.0,"key":"SkillPotion"}],"is_trial":false,"path_per_floor":["M","?","M","M","M","E","M","M","T","R","?","R","M","E","R","B",null,"M","?","$","?","?","E","?","R","T","E","?","R","$","M","R","B",null,"M","M","?","M","$","R","M","E","T","E","M","M","R","M","R","B",null],"character_chosen":"DEFECT","items_purchased":["Apotheosis","Go for the Eyes","Coolheaded","Finesse","Loop","Vajra"],"campfire_rested":5,"item_purchase_floors":[20,20,30,30,39,39],"current_hp_per_floor":[73,73,56,54,48,29,18,12,12,34,59,59,52,37,37,9,75,67,67,67,67,47,16,16,38,38,18,32,32,32,31,57,37,89,86,81,81,63,63,63,40,42,42,38,30,23,51,53,82,68],"gold":140,"neow_bonus":"REMOVE_CARD","is_prod":false,"is_daily":false,"chose_seed":false,"campfire_upgraded":4,"win_rate":0,"timestamp":1565535923,"path_taken":["M","?","M","M","M","E","M","M","T","R","?","R","M","E","R","BOSS","M","?","$","?","?","E","?","R","T","E","?","R","$","M","R","BOSS","M","M","?","M","$","R","M","E","T","E","M","M","R","M","R","BOSS"],"build_version":"2019-07-17","purchased_purges":0,"victory":true,"max_hp_per_floor":[75,75,75,75,75,75,75,75,75,75,75,75,75,75,75,75,75,75,75,75,75,75,75,75,75,75,75,89,89,89,89,89,89,89,91,91,91,91,91,91,91,93,93,93,95,95,95,97,97,97],"card_choices":[{"not_picked":["Barrage","Force Field"],"picked":"Compile Driver","floor":1.0},{"not_picked":["Steam","White Noise"],"picked":"Skim","floor":3.0},{"not_picked":["Streamline","Gash"],"picked":"Recycle","floor":4.0},{"not_picked":["Rebound","Chaos"],"picked":"Defragment","floor":5.0},{"not_picked":["Auto Shields","Fusion"],"picked":"Cold Snap","floor":6.0},{"not_picked":["FTL","Beam Cell"],"picked":"Electrodynamics","floor":7.0},{"not_picked":["FTL","Steam"],"picked":"Hologram","floor":8.0},{"not_picked":["Fusion","Scrape","Gash"],"picked":"SKIP","floor":13.0},{"not_picked":["Gash","Rebound"],"picked":"Redo","floor":14.0},{"not_picked":["Meteor Strike","Thunder Strike"],"picked":"Reboot","floor":16.0},{"not_picked":["Force Field+1","Streamline"],"picked":"Conserve Battery","floor":18.0},{"not_picked":["Rebound+1","Melter"],"picked":"Barrage+1","floor":22.0},{"not_picked":["Stack","Amplify"],"picked":"Capacitor+1","floor":23.0},{"not_picked":["Rebound","Ball Lightning"],"picked":"Buffer","floor":27.0},{"not_picked":["Go for the Eyes+1","Sweeping Beam+1"],"picked":"Leap","floor":31.0},{"not_picked":["Machine Learning","Amplify"],"picked":"Seek","floor":33.0},{"not_picked":["Rebound+1","Undo+1","Steam+1"],"picked":"Singing Bowl","floor":35.0},{"not_picked":["Beam Cell+1","Go for the Eyes+1"],"picked":"Conserve Battery+1","floor":36.0},{"not_picked":["Sunder+1","Leap"],"picked":"Defragment+1","floor":38.0},{"not_picked":["Loop","Redo+1"],"picked":"Coolheaded+1","floor":41.0},{"not_picked":["Aggregate+1","Rip and Tear+1","Turbo+1"],"picked":"Singing Bowl","floor":42.0},{"not_picked":["Redo+1","Hyperbeam+1"],"picked":"Machine Learning","floor":44},{"not_picked":["Melter+1","Gash+1","Barrage+1"],"picked":"Singing Bowl","floor":45},{"not_picked":["Coolheaded+1","Self Repair+1"],"picked":"Go for the Eyes+1","floor":46},{"not_picked":["Streamline+1","Rebound+1"],"picked":"BootSequence+1","floor":47},{"not_picked":["Sweeping Beam+1","Go for the Eyes+1","Conserve Battery"],"picked":"Singing Bowl","floor":48},{"not_picked":["Ball Lightning+1","Melter+1"],"picked":"Hologram+1","floor":49}],"player_experience":125311,"relics_obtained":[{"floor":6.0,"key":"Bronze Scales"},{"floor":9.0,"key":"Du-Vu Doll"},{"floor":14.0,"key":"Whetstone"},{"floor":22.0,"key":"Red Mask"},{"floor":23.0,"key":"Singing Bowl"},{"floor":26.0,"key":"Potion Belt"},{"floor":27.0,"key":"Molten Egg 2"},{"floor":42.0,"key":"Centennial Puzzle"},{"floor":43,"key":"Dream Catcher"},{"floor":44,"key":"Lantern"}],"event_choices":[{"damage_healed":0.0,"max_hp_gain":0.0,"max_hp_loss":0.0,"gold_gain":0.0,"cards_transformed":["Strike_B"],"event_name":"Living Wall","player_choice":"Change","floor":2.0,"gold_loss":0.0,"damage_taken":0.0,"cards_obtained":["Consume"]},{"damage_healed":25.0,"max_hp_gain":0.0,"max_hp_loss":0.0,"gold_gain":0.0,"event_name":"Big Fish","player_choice":"Banana","floor":11.0,"gold_loss":0.0,"damage_taken":0.0},{"cards_removed":["Meteor Strike"],"damage_healed":0.0,"max_hp_gain":0.0,"max_hp_loss":0.0,"gold_gain":0.0,"event_name":"Beggar","player_choice":"Gave Gold","floor":19.0,"gold_loss":75.0,"damage_taken":0.0},{"damage_healed":0.0,"max_hp_gain":0.0,"max_hp_loss":0.0,"gold_gain":0.0,"event_name":"The Mausoleum","player_choice":"Opened","floor":21.0,"gold_loss":0.0,"damage_taken":0.0,"relics_obtained":["Ginger"]},{"damage_healed":0.0,"max_hp_gain":0.0,"max_hp_loss":0.0,"gold_gain":0.0,"event_name":"Masked Bandits","player_choice":"Fought Bandits","floor":22.0,"gold_loss":0.0,"damage_taken":0.0},{"damage_healed":0.0,"max_hp_gain":0.0,"max_hp_loss":0.0,"gold_gain":0.0,"event_name":"Ghosts","player_choice":"Ignored","floor":24.0,"gold_loss":0.0,"damage_taken":0.0},{"damage_healed":0.0,"max_hp_gain":0.0,"max_hp_loss":0.0,"gold_gain":0.0,"event_name":"WeMeetAgain","player_choice":"Gave Potion","floor":28.0,"gold_loss":0.0,"damage_taken":0.0,"relics_obtained":["Mango"]},{"damage_healed":0.0,"max_hp_gain":0.0,"max_hp_loss":0.0,"gold_gain":0.0,"cards_transformed":["Defend_B"],"event_name":"Transmorgrifier","player_choice":"Transformed","floor":37.0,"gold_loss":0.0,"damage_taken":0.0,"cards_obtained":["White Noise"]}],"is_beta":false,"boss_relics":[{"not_picked":["FrozenCore","Tiny House"],"picked":"Astrolabe"},{"not_picked":["Pandora\u0027s Box","Orrery"],"picked":"Sozu"}],"items_purged_floors":[],"is_endless":false,"potions_floor_spawned":[4,5,7,8,23,33,35,41,42,44],"ascension_level":2}