{"gold_per_floor":[115,165,184,184,184,214,50,50,50,50,62,62,94,105,105,105],"floor_reached":16,"playtime":406,"items_purged":["Regret"],"score":266,"play_id":"a2e49e07-73b6-4f57-86a8-932ff6766d19","local_time":"20190825171325","is_ascension_mode":true,"campfire_choices":[{"floor":8,"key":"REST"},{"data":"Zap","floor":10,"key":"SMITH"},{"floor":12,"key":"REST"},{"data":"Capacitor","floor":15,"key":"SMITH"}],"neow_cost":"NONE","seed_source_timestamp":449596826849200,"circlet_count":0,"master_deck":["AscendersBane","Strike_B","Strike_B","Strike_B","Strike_B","Defend_B","Defend_B","Defend_B","Defend_B","Zap+1","Dualcast","Hyperbeam+1","Go for the Eyes","Cold Snap","Stack+1","Steam Power+1","Melter","Reinforced Body+1","Capacitor+1"],"relics":["Cracked Core","Anchor","Toxic Egg 2","Cables","Centennial Puzzle"],"potions_floor_usage":[14],"damage_taken":[{"damage":4,"enemies":"Jaw Worm","floor":1,"turns":4},{"damage":0,"enemies":"Cultist","floor":3,"turns":3},{"damage":45,"enemies":"Lagavulin","floor":6,"turns":8},{"damage":0,"enemies":"2 Louse","floor":11,"turns":1},{"damage":0,"enemies":"3 Sentries","floor":13,"turns":3},{"damage":0,"enemies":"2 Fungi Beasts","floor":14,"turns":2},{"damage":51,"enemies":"Slime Boss","floor":16,"turns":5}],"seed_played":"-99592238806963239","potions_obtained":[{"floor":3,"key":"FearPotion"}],"is_trial":false,"path_per_floor":["M","?","M","?","?","E","$","R","T","R","M","R","E","M","R","B"],"character_chosen":"DEFECT","items_purchased":["Steam Power+1"],"campfire_rested":2,"item_purchase_floors":[7],"current_hp_per_floor":[60,53,53,53,53,8,8,29,29,29,29,50,50,50,50,0],"gold":105,"neow_bonus":"ONE_RANDOM_RARE_CARD","is_prod":false,"is_daily":false,"chose_seed":false,"campfire_upgraded":2,"win_rate":0,"timestamp":1566720805,"path_taken":["M","?","?","?","?","E","$","R","T","R","M","R","E","?","R","BOSS"],"build_version":"2019-07-17","purchased_purges":1,"victory":false,"max_hp_per_floor":[71,71,71,71,71,71,71,71,71,71,71,71,71,71,71,71],"card_choices":[{"not_picked":["Turbo","Double Energy"],"picked":"Go for the Eyes","floor":1},{"not_picked":["Conserve Battery","Go for the Eyes"],"picked":"Cold Snap","floor":3},{"not_picked":["Barrage","Turbo"],"picked":"Stack","floor":6},{"not_picked":["Darkness+1","Reprogram+1"],"picked":"Melter","floor":11},{"not_picked":["Cold Snap","Beam Cell"],"picked":"Reinforced Body+1","floor":13},{"not_picked":["Cold Snap","Coolheaded+1"],"picked":"Capacitor","floor":14}],"player_experience":240373,"relics_obtained":[{"floor":6,"key":"Toxic Egg 2"},{"floor":9,"key":"Cables"},{"floor":13,"key":"Centennial Puzzle"}],"event_choices":[{"damage_healed":0,"gold_gain":50,"player_choice":"Touch","damage_taken":7,"max_hp_gain":0,"max_hp_loss":0,"event_name":"FaceTrader","floor":2,"gold_loss":0},{"damage_healed":0,"gold_gain":0,"player_choice":"Box","damage_taken":0,"relics_obtained":["Anchor"],"max_hp_gain":0,"max_hp_loss":0,"event_name":"Big Fish","floor":4,"gold_loss":0,"cards_obtained":["Regret"]},{"damage_healed":0,"gold_gain":0,"player_choice":"Forge","damage_taken":0,"max_hp_gain":0,"max_hp_loss":0,"event_name":"Accursed Blacksmith","floor":5,"gold_loss":0,"cards_upgraded":["Hyperbeam"]}],"is_beta":false,"boss_relics":[],"items_purged_floors":[7],"is_endless":false,"potions_floor_spawned":[3],"killed_by":"Slime Boss","ascension_level":20}