{"gold_per_floor":[99,26,26,26,26,26,26,26,26,26,26,26,26,26,26,26,26,26,26,26,26,26,26,26],"floor_reached":24,"playtime":574,"items_purged":[],"score":333,"play_id":"f94b7513-ceea-4da6-9c50-a59f156deba3","local_time":"20180714164034","is_ascension_mode":true,"campfire_choices":[{"data":"Neutralize","floor":6,"key":"SMITH"},{"data":"Dagger Throw","floor":8,"key":"SMITH"},{"data":"Catalyst","floor":15,"key":"SMITH"},{"floor":23,"key":"REST"}],"neow_cost":"NONE","seed_source_timestamp":316197203344299,"circlet_count":0,"master_deck":["Defend_G","Defend_G","Defend_G","Defend_G","Defend_G","Strike_G","Strike_G","Strike_G","Strike_G","Survivor","Neutralize+1","AscendersBane","Terror","Caltrops","Footwork","Dagger Throw+1","All Out Attack","Bouncing Flask","Catalyst+1","Deflect","Corpse Explosion","Catalyst","Footwork","Dash","Deflect","Noxious Fumes+1"],"relics":["Ectoplasm","Blue Candle","Orrery","Enchiridion"],"potions_floor_usage":[14,14,16],"damage_taken":[{"damage":0,"enemies":"2 Louse","floor":1,"turns":3},{"damage":5,"enemies":"Cultist","floor":4,"turns":5},{"damage":5,"enemies":"Jaw Worm","floor":5,"turns":4},{"damage":6,"enemies":"Blue Slaver","floor":7,"turns":4},{"damage":0,"enemies":"2 Fungi Beasts","floor":11,"turns":4},{"damage":6,"enemies":"3 Louse","floor":12,"turns":3},{"damage":9,"enemies":"Exordium Wildlife","floor":13,"turns":4},{"damage":0,"enemies":"Lots of Slimes","floor":14,"turns":3},{"damage":2,"enemies":"Slime Boss","floor":16,"turns":8},{"damage":7,"enemies":"3 Byrds","floor":18,"turns":2},{"damage":22,"enemies":"Shell Parasite","floor":22,"turns":4},{"damage":25,"enemies":"Book of Stabbing","floor":24,"turns":5}],"seed_played":"-9042591114411174542","potions_obtained":[{"floor":1,"key":"AttackPotion"},{"floor":11,"key":"SkillPotion"},{"floor":14,"key":"GhostInAJar"},{"floor":18,"key":"Ancient Potion"}],"is_trial":false,"path_per_floor":["M","$","?","M","M","R","M","R","T","$","M","M","M","M","R","B",null,"M","?","$","?","M","R"],"character_chosen":"THE_SILENT","items_purchased":["Caltrops"],"campfire_rested":1,"item_purchase_floors":[2],"current_hp_per_floor":[59,59,59,54,49,49,43,43,43,43,43,37,28,28,28,26,56,49,62,62,41,19,38,13],"gold":26,"neow_bonus":"BOSS_RELIC","is_prod":false,"is_daily":false,"chose_seed":false,"campfire_upgraded":3,"win_rate":0,"timestamp":1531611634,"path_taken":["M","$","?","M","M","R","M","R","T","$","M","M","M","M","R","BOSS","M","?","$","?","?","R","E"],"build_version":"2018-07-13","purchased_purges":0,"victory":false,"max_hp_per_floor":[66,66,66,66,66,66,66,66,66,66,66,66,66,66,66,66,66,66,66,66,66,66,66,66],"card_choices":[{"not_picked":["Acrobatics","Endless Agony"],"picked":"Terror","floor":1},{"not_picked":["Calculated Gamble","Skewer"],"picked":"Footwork","floor":4},{"not_picked":["Sucker Punch","Riddle With Holes"],"picked":"Dagger Throw","floor":5},{"not_picked":["Quick Slash","Infinite Blades"],"picked":"All Out Attack","floor":11},{"not_picked":["Quick Slash","Dodge and Roll"],"picked":"Bouncing Flask","floor":12},{"not_picked":["PiercingWail","Deflect"],"picked":"Catalyst","floor":13},{"not_picked":["Dagger Spray","Dagger Throw"],"picked":"Deflect","floor":14},{"not_picked":["Phantasmal Killer","Tactician"],"picked":"Corpse Explosion","floor":16},{"not_picked":["Slice","Deadly Poison"],"picked":"Catalyst","floor":17},{"not_picked":["Heel Hook","All Out Attack"],"picked":"Footwork","floor":17},{"not_picked":["Prepared","Crippling Poison"],"picked":"Dash","floor":17},{"not_picked":["Flechettes","Choke"],"picked":"Deflect","floor":17},{"not_picked":["Dagger Spray","Poisoned Stab"],"picked":"Noxious Fumes+1","floor":18},{"not_picked":["Infinite Blades","Expertise","Deadly Poison"],"picked":"SKIP","floor":22}],"player_experience":645122,"relics_obtained":[{"floor":9,"key":"Blue Candle"},{"floor":21,"key":"Enchiridion"}],"event_choices":[{"event_name":"Purifier","player_choice":"One Purge","floor":3,"damage_taken":0},{"event_name":"The Library","player_choice":"Heal","floor":19,"damage_taken":0},{"event_name":"Cursed Tome","player_choice":"Obtained Book","floor":21,"damage_taken":0}],"boss_relics":[{"not_picked":["Tiny House","Eternal Feather"],"picked":"Orrery"}],"items_purged_floors":[],"is_endless":false,"potions_floor_spawned":[1,11,13,14,18],"killed_by":"Book of Stabbing","ascension_level":15}