{"gold_per_floor":[113,123,48,66,86,119,119,194,194,194,208,243,258,258,258,332,332,352,58,69,79,79,79],"floor_reached":23,"playtime":690,"items_purged":["Defend_B"],"score":445,"play_id":"c38a60b8-9c28-43a6-8365-e1996c424b8c","local_time":"20190824195257","is_ascension_mode":true,"campfire_choices":[{"data":"Sunder","floor":7,"key":"SMITH"},{"data":"Zap","floor":10,"key":"SMITH"},{"data":"Static Discharge","floor":15,"key":"SMITH"}],"neow_cost":"NONE","seed_source_timestamp":372482135737200,"circlet_count":0,"master_deck":["AscendersBane","Strike_B","Strike_B","Defend_B","Defend_B","Defend_B","Zap+1","Dualcast","Ball Lightning","BootSequence","Sunder+1","Rip and Tear","Static Discharge+1","Loop+1","Steam","Loop+1","Reboot","Seek","Glacier","Hologram+1"],"relics":["Cracked Core","NeowsBlessing","Mummified Hand","Frozen Egg 2","Anchor","Eternal Feather","OrangePellets","MutagenicStrength"],"potions_floor_usage":[6,6,21,21],"damage_taken":[{"damage":0,"enemies":"Cultist","floor":1,"turns":1},{"damage":0,"enemies":"Small Slimes","floor":2,"turns":1},{"damage":0,"enemies":"Jaw Worm","floor":4,"turns":1},{"damage":2,"enemies":"Looter","floor":5,"turns":3},{"damage":0,"enemies":"3 Sentries","floor":6,"turns":4},{"damage":0,"enemies":"2 Fungi Beasts","floor":11,"turns":2},{"damage":15,"enemies":"Lagavulin","floor":12,"turns":5},{"damage":1,"enemies":"3 Louse","floor":13,"turns":2},{"damage":17,"enemies":"Hexaghost","floor":16,"turns":6},{"damage":13,"enemies":"Spheric Guardian","floor":18,"turns":3},{"damage":24,"enemies":"Chosen","floor":20,"turns":4},{"damage":6,"enemies":"3 Cultists","floor":21,"turns":4},{"damage":18,"enemies":"Book of Stabbing","floor":23,"turns":5}],"seed_played":"4019111008309317077","potions_obtained":[{"floor":1,"key":"PowerPotion"},{"floor":5,"key":"AttackPotion"},{"floor":11,"key":"Energy Potion"},{"floor":13,"key":"Explosive Potion"}],"is_trial":false,"path_per_floor":["M","M","?","M","M","E","R","?","T","R","M","E","M","?","R","B",null,"M","$","M","M","?","E"],"character_chosen":"DEFECT","items_purchased":["OrangePellets"],"campfire_rested":0,"item_purchase_floors":[19],"current_hp_per_floor":[64,64,64,64,62,62,62,51,51,51,51,36,35,35,35,18,58,45,45,21,15,15,0],"gold":79,"neow_bonus":"THREE_ENEMY_KILL","is_prod":false,"is_daily":false,"chose_seed":false,"campfire_upgraded":3,"win_rate":0,"timestamp":1566643977,"path_taken":["M","?","?","M","M","E","R","?","T","R","M","E","M","?","R","BOSS","M","$","M","M","?","E"],"build_version":"2019-07-17","purchased_purges":1,"victory":false,"max_hp_per_floor":[71,71,71,71,71,71,71,71,71,71,71,71,71,71,71,71,71,71,71,71,71,71,71],"card_choices":[{"not_picked":["Cold Snap","Barrage"],"picked":"Ball Lightning","floor":1},{"not_picked":["Stack","Rebound"],"picked":"BootSequence","floor":2},{"not_picked":["Redo","FTL"],"picked":"Sunder","floor":4},{"not_picked":["Double Energy","Go for the Eyes"],"picked":"Rip and Tear","floor":5},{"not_picked":["Stack","Reboot"],"picked":"Static Discharge","floor":6},{"not_picked":["Redo","Barrage"],"picked":"Loop+1","floor":11},{"not_picked":["Chaos","Fusion"],"picked":"Steam","floor":12},{"not_picked":["Genetic Algorithm","Beam Cell"],"picked":"Loop+1","floor":13},{"not_picked":["Amplify","Thunder Strike"],"picked":"Seek","floor":16},{"not_picked":["Stack","Skim"],"picked":"Glacier","floor":18},{"not_picked":["Compile Driver","Steam Power"],"picked":"Hologram+1","floor":20},{"not_picked":["Chaos","Turbo+1","Go for the Eyes"],"picked":"SKIP","floor":21}],"player_experience":230871,"relics_obtained":[{"floor":6,"key":"Mummified Hand"},{"floor":9,"key":"Frozen Egg 2"},{"floor":12,"key":"Anchor"}],"event_choices":[{"cards_removed":["Strike_B"],"damage_healed":0,"gold_gain":0,"player_choice":"Card Removal","damage_taken":0,"max_hp_gain":0,"max_hp_loss":0,"event_name":"The Cleric","floor":3,"gold_loss":75},{"damage_healed":0,"gold_gain":75,"player_choice":"Gather Gold","damage_taken":11,"max_hp_gain":0,"max_hp_loss":0,"event_name":"World of Goop","floor":8,"gold_loss":0},{"damage_healed":0,"gold_gain":0,"cards_transformed":["Strike_B"],"player_choice":"Change","damage_taken":0,"max_hp_gain":0,"max_hp_loss":0,"event_name":"Living Wall","floor":14,"gold_loss":0,"cards_obtained":["Reboot"]},{"damage_healed":0,"gold_gain":0,"player_choice":"Inject Mutagens","damage_taken":0,"relics_obtained":["MutagenicStrength"],"max_hp_gain":0,"max_hp_loss":0,"event_name":"Drug Dealer","floor":22,"gold_loss":0}],"is_beta":false,"boss_relics":[{"not_picked":["Ectoplasm","Orrery"],"picked":"Eternal Feather"}],"items_purged_floors":[19],"is_endless":false,"potions_floor_spawned":[1,5,11,13],"killed_by":"Book of Stabbing","ascension_level":19}