{"gold_per_floor":[117,62,80,91,103,103,134,134,160,85,116,116,116,149,149,226,226,244,255,305,305,322,322,357,367,367,386,386,396,70,99,99,173,173,185,201,201,201,120,120,150,150,200,200,234,245,276,236,236,236,236],"floor_reached":51,"playtime":2024,"items_purged":[],"score":1467,"play_id":"037bc777-cf2c-44aa-a5c1-740b12421f49","local_time":"20190220123456","is_ascension_mode":true,"campfire_choices":[{"floor":6.0,"key":"REST"},{"floor":8.0,"key":"REST"},{"floor":13.0,"key":"REST"},{"floor":15.0,"key":"REST"},{"floor":23.0,"key":"REST"},{"floor":28.0,"key":"REST"},{"floor":32.0,"key":"REST"},{"floor":40,"key":"REST"},{"floor":44,"key":"REST"},{"floor":49,"key":"REST"}],"neow_cost":"NONE","seed_source_timestamp":1145662774218,"circlet_count":0,"master_deck":["AscendersBane","Bash","Spot Weakness","Shrug It Off","Spot Weakness","Shrug It Off","Disarm","Carnage","Armaments+1","Limit Break","Limit Break","Sentinel","Impervious","Dropkick","Fire Breathing","Whirlwind","Battle Trance","Entrench","Iron Wave","Armaments","Shockwave","Corruption","True Grit","Armaments+1","Impervious","Power Through+1","Metallicize","Armaments+1"],"special_seed":0,"relics":["Fusion Hammer","Art of War","Regal Pillow","Vajra","War Paint","Pandora\u0027s Box","Red Mask","Sundial","ClockworkSouvenir","Strawberry","Sozu","Oddly Smooth Stone","Orichalcum","Omamori","Ornamental Fan","Juzu Bracelet"],"potions_floor_usage":[41,45],"damage_taken":[{"damage":11.0,"enemies":"2 Louse","floor":1.0,"turns":3.0},{"damage":0.0,"enemies":"Jaw Worm","floor":3.0,"turns":3.0},{"damage":4.0,"enemies":"Small Slimes","floor":4.0,"turns":3.0},{"damage":12.0,"enemies":"2 Fungi Beasts","floor":5.0,"turns":5.0},{"damage":18.0,"enemies":"3 Sentries","floor":7.0,"turns":9.0},{"damage":18.0,"enemies":"Lagavulin","floor":11.0,"turns":6.0},{"damage":5.0,"enemies":"3 Sentries","floor":14.0,"turns":5.0},{"damage":30.0,"enemies":"Hexaghost","floor":16.0,"turns":9.0},{"damage":23.0,"enemies":"Chosen","floor":18.0,"turns":4.0},{"damage":11.0,"enemies":"Spheric Guardian","floor":19.0,"turns":4.0},{"damage":17.0,"enemies":"Cultist and Chosen","floor":22.0,"turns":5.0},{"damage":37.0,"enemies":"Masked Bandits","floor":24.0,"turns":4.0},{"damage":0.0,"enemies":"Snecko","floor":25.0,"turns":4.0},{"damage":8.0,"enemies":"Snake Plant","floor":27.0,"turns":3.0},{"damage":5.0,"enemies":"Shelled Parasite and Fungi","floor":29.0,"turns":3.0},{"damage":19.0,"enemies":"Gremlin Leader","floor":31.0,"turns":3.0},{"damage":50,"enemies":"Collector","floor":33,"turns":7},{"damage":0,"enemies":"Orb Walker","floor":35,"turns":2},{"damage":2,"enemies":"3 Shapes","floor":36,"turns":10},{"damage":47,"enemies":"Reptomancer","floor":41,"turns":8},{"damage":13,"enemies":"Nemesis","floor":45,"turns":11},{"damage":0,"enemies":"Transient","floor":46,"turns":6},{"damage":39,"enemies":"Giant Head","floor":47,"turns":7},{"damage":31,"enemies":"Awakened One","floor":50,"turns":15},{"damage":32,"enemies":"Donu and Deca","floor":51,"turns":7}],"seed_played":"4203552840320799112","potions_obtained":[{"floor":1.0,"key":"Energy Potion"},{"floor":4.0,"key":"EssenceOfSteel"},{"floor":11.0,"key":"Fire Potion"},{"floor":16.0,"key":"Ancient Potion"},{"floor":18.0,"key":"Fire Potion"},{"floor":22.0,"key":"BloodPotion"},{"floor":24.0,"key":"SkillPotion"},{"floor":25.0,"key":"Explosive Potion"},{"floor":29.0,"key":"SteroidPotion"},{"floor":33,"key":"Block Potion"}],"is_trial":false,"path_per_floor":["M","$","M","M","M","R","E","R","T","?","E","?","R","E","R","B",null,"M","M","?","?","M","R","?","M","T","M","R","M","$","E","R","B",null,"M","M","?","T","$","R","E","?","T","R","E","M","E","?","R","B","B"],"character_chosen":"IRONCLAD","items_purchased":["Shrug It Off","Corruption","True Grit","ClockworkSouvenir","Metallicize"],"campfire_rested":10,"item_purchase_floors":[2,30,30,30,39],"current_hp_per_floor":[57,57,57,53,41,63,45,67,67,67,49,49,75,70,75,45,68,45,34,34,34,17,54,24,24,24,16,53,48,48,36,75,25,68,68,66,66,66,66,82,35,35,35,74,61,61,22,22,61,30,0],"gold":236,"neow_bonus":"BOSS_RELIC","is_prod":false,"is_daily":false,"chose_seed":false,"campfire_upgraded":0,"win_rate":0,"timestamp":1550694896,"path_taken":["M","$","M","M","M","R","E","R","T","?","E","?","R","E","R","BOSS","M","M","?","?","M","R","?","M","T","M","R","M","$","E","R","BOSS","M","M","?","?","$","R","E","?","T","R","E","M","E","?","R","BOSS","BOSS"],"build_version":"2019-02-06","purchased_purges":0,"victory":false,"max_hp_per_floor":[75,75,75,75,75,75,75,75,75,75,75,75,75,75,75,75,75,75,75,75,75,75,75,75,75,75,75,75,75,75,82,82,82,82,82,82,82,82,82,82,82,82,82,82,82,82,82,82,82,82,82],"card_choices":[{"not_picked":["Headbutt","Pummel"],"picked":"Spot Weakness","floor":1.0},{"not_picked":["Pommel Strike","Sword Boomerang"],"picked":"Spot Weakness","floor":3.0},{"not_picked":["Hemokinesis","Flex"],"picked":"Shrug It Off","floor":4.0},{"not_picked":["Pommel Strike","Battle Trance"],"picked":"Disarm","floor":5.0},{"not_picked":["Berserk","Sword Boomerang"],"picked":"Carnage","floor":7.0},{"not_picked":["Iron Wave","Second Wind"],"picked":"Armaments","floor":11.0},{"not_picked":["Reckless Charge","Clothesline"],"picked":"Limit Break","floor":14.0},{"not_picked":["Berserk","Juggernaut"],"picked":"Limit Break","floor":16.0},{"not_picked":["Iron Wave","Blood for Blood","Cleave"],"picked":"SKIP","floor":18.0},{"not_picked":["Sword Boomerang","Cleave","Pommel Strike"],"picked":"SKIP","floor":19.0},{"not_picked":["Flex","Cleave"],"picked":"Armaments","floor":22.0},{"not_picked":["Rage","Intimidate"],"picked":"Shockwave","floor":24.0},{"not_picked":["Flex","Rupture","Anger"],"picked":"SKIP","floor":25.0},{"not_picked":["Cleave","Body Slam","Clash"],"picked":"SKIP","floor":27.0},{"not_picked":["Warcry","Iron Wave"],"picked":"Sword Boomerang+1","floor":29.0},{"not_picked":["True Grit","Immolate"],"picked":"Armaments+1","floor":31.0},{"not_picked":["Dark Embrace","Juggernaut"],"picked":"Impervious","floor":33},{"not_picked":["Body Slam","Iron Wave","Armaments"],"picked":"SKIP","floor":35},{"not_picked":["Intimidate","Seeing Red+1"],"picked":"Power Through+1","floor":36},{"not_picked":["Infernal Blade","Hemokinesis","Cleave"],"picked":"SKIP","floor":41},{"not_picked":["Body Slam","Rampage"],"picked":"Armaments+1","floor":46},{"not_picked":["Headbutt","Pommel Strike","Twin Strike+1"],"picked":"SKIP","floor":47}],"player_experience":1186315,"relics_obtained":[{"floor":7.0,"key":"Art of War"},{"floor":9.0,"key":"Regal Pillow"},{"floor":11.0,"key":"Vajra"},{"floor":14.0,"key":"War Paint"},{"floor":24.0,"key":"Red Mask"},{"floor":26.0,"key":"Sundial"},{"floor":31.0,"key":"Strawberry"},{"floor":38,"key":"Oddly Smooth Stone"},{"floor":41,"key":"Orichalcum"},{"floor":43,"key":"Omamori"},{"floor":45,"key":"Ornamental Fan"},{"floor":47,"key":"Juzu Bracelet"}],"event_choices":[{"cards_removed":["Defend_R"],"damage_healed":0.0,"max_hp_gain":0.0,"max_hp_loss":0.0,"gold_gain":0.0,"event_name":"The Cleric","player_choice":"Card Removal","floor":10.0,"gold_loss":75.0,"damage_taken":0.0},{"damage_healed":0.0,"max_hp_gain":0.0,"max_hp_loss":0.0,"gold_gain":0.0,"event_name":"Liars Game","player_choice":"Ignored","floor":12.0,"gold_loss":0.0,"damage_taken":0.0},{"damage_healed":0.0,"max_hp_gain":0.0,"max_hp_loss":0.0,"gold_gain":50.0,"event_name":"Nest","player_choice":"Stole From Cult","floor":20.0,"gold_loss":0.0,"damage_taken":0.0},{"damage_healed":0.0,"max_hp_gain":0.0,"max_hp_loss":0.0,"gold_gain":0.0,"event_name":"The Mausoleum","player_choice":"Ignored","floor":21.0,"gold_loss":0.0,"damage_taken":0.0},{"damage_healed":0.0,"max_hp_gain":0.0,"max_hp_loss":0.0,"gold_gain":0.0,"event_name":"Masked Bandits","player_choice":"Fought Bandits","floor":24.0,"gold_loss":0.0,"damage_taken":0.0},{"cards_removed":["Sword Boomerang"],"damage_healed":0,"gold_gain":0,"player_choice":"Removed Attack","damage_taken":0,"max_hp_gain":0,"max_hp_loss":0,"event_name":"Falling","floor":37,"gold_loss":0},{"damage_healed":0,"gold_gain":0,"player_choice":"Ignored","damage_taken":0,"max_hp_gain":0,"max_hp_loss":0,"event_name":"Mysterious Sphere","floor":42,"gold_loss":0},{"damage_healed":0,"gold_gain":0,"player_choice":"Bought 3 Potions","damage_taken":0,"max_hp_gain":0,"max_hp_loss":0,"event_name":"The Woman in Blue","floor":48,"gold_loss":0}],"is_beta":true,"boss_relics":[{"not_picked":["Coffee Dripper","Black Star"],"picked":"Pandora\u0027s Box"},{"not_picked":["Mark of Pain","Snecko Eye"],"picked":"Sozu"}],"items_purged_floors":[],"is_endless":false,"potions_floor_spawned":[1,4,11,16,18,22,24,25,29,33,35,45,47],"killed_by":"Donu and Deca","ascension_level":20}