{"gold_per_floor":[159,170,181,181,140,140,152,152,152,162,191,209,227,227,227,227],"floor_reached":16,"playtime":487,"items_purged":[],"score":212,"play_id":"0c31e8cb-e72f-4f1a-a997-9919a8cc4bba","local_time":"20181231215520","is_ascension_mode":true,"campfire_choices":[{"data":"Dagger Spray","floor":6,"key":"SMITH"},{"data":"Dagger Spray","floor":8,"key":"SMITH"},{"data":"Bane","floor":15,"key":"SMITH"}],"neow_cost":"NONE","seed_source_timestamp":1776279628954466,"circlet_count":0,"master_deck":["AscendersBane","Defend_G","Defend_G","Defend_G","Defend_G","Defend_G","Strike_G","Strike_G","Strike_G","Strike_G","Strike_G","Survivor+1","Neutralize","Dagger Spray+1","Leg Sweep","Masterful Stab","Burst","Dagger Spray+1","Poisoned Stab","Dash","Bane+1","Eviscerate"],"relics":["Tiny House","PreservedInsect","Orichalcum","Darkstone Periapt"],"potions_floor_usage":[10,11],"damage_taken":[{"damage":7,"enemies":"Cultist","floor":1,"turns":4},{"damage":4,"enemies":"2 Louse","floor":2,"turns":3},{"damage":4,"enemies":"Small Slimes","floor":3,"turns":4},{"damage":9,"enemies":"Exordium Thugs","floor":5,"turns":5},{"damage":2,"enemies":"2 Fungi Beasts","floor":7,"turns":3},{"damage":0,"enemies":"Blue Slaver","floor":10,"turns":2},{"damage":10,"enemies":"3 Sentries","floor":11,"turns":4},{"damage":5,"enemies":"Exordium Wildlife","floor":12,"turns":6},{"damage":1,"enemies":"3 Louse","floor":13,"turns":3},{"damage":7,"enemies":"Hexaghost","floor":16,"turns":4}],"seed_played":"-7451921151437054609","potions_obtained":[{"floor":0,"key":"Regen Potion"},{"floor":2,"key":"PowerPotion"},{"floor":10,"key":"Strength Potion"},{"floor":11,"key":"SteroidPotion"}],"is_trial":false,"path_per_floor":["M","M","M","?","M","R","M","R","T","M","E","M","M","?","R","B"],"character_chosen":"THE_SILENT","items_purchased":[],"campfire_rested":0,"item_purchase_floors":[],"current_hp_per_floor":[57,53,49,49,40,40,38,38,38,38,28,23,22,22,22,15],"gold":227,"neow_bonus":"BOSS_RELIC","is_prod":false,"is_daily":false,"chose_seed":false,"campfire_upgraded":3,"win_rate":0,"timestamp":1546322120,"path_taken":["M","?","M","?","M","R","M","R","T","?","E","M","M","?","R","BOSS"],"build_version":"2018-12-25","purchased_purges":0,"victory":false,"max_hp_per_floor":[71,71,71,71,71,71,71,71,71,71,71,71,71,71,71,71],"card_choices":[{"not_picked":["Endless Agony","Blade Dance"],"picked":"Dagger Spray","floor":0},{"not_picked":["Infinite Blades","Crippling Poison"],"picked":"Leg Sweep","floor":1},{"not_picked":["Poisoned Stab","Bullet Time"],"picked":"Masterful Stab","floor":3},{"not_picked":["Blade Dance","Dodge and Roll"],"picked":"Dagger Spray","floor":5},{"not_picked":["Prepared","Deflect"],"picked":"PiercingWail","floor":7},{"not_picked":["Sucker Punch","Outmaneuver"],"picked":"Poisoned Stab","floor":10},{"not_picked":["Dagger Spray","Finisher"],"picked":"Dash","floor":11},{"not_picked":["Blade Dance","Acrobatics"],"picked":"Bane","floor":12},{"not_picked":["Dagger Throw","Wraith Form v2"],"picked":"Eviscerate","floor":13}],"player_experience":1004015,"relics_obtained":[{"floor":9,"key":"PreservedInsect"},{"floor":11,"key":"Orichalcum"}],"event_choices":[{"damage_healed":0,"gold_gain":0,"player_choice":"1 cards matched","damage_taken":0,"max_hp_gain":0,"max_hp_loss":0,"event_name":"Match and Keep!","floor":4,"gold_loss":0,"cards_obtained":["Burst"]},{"cards_removed":["PiercingWail"],"damage_healed":0,"gold_gain":0,"player_choice":"Gave Card","damage_taken":0,"relics_obtained":["Darkstone Periapt"],"max_hp_gain":0,"max_hp_loss":0,"event_name":"WeMeetAgain","floor":14,"gold_loss":0}],"is_beta":true,"boss_relics":[],"items_purged_floors":[],"is_endless":false,"potions_floor_spawned":[2,7,10,11],"killed_by":"Hexaghost","ascension_level":20}