{"gold_per_floor":[114,114,114,129,129,164,176,188,214,214,249,261,272,323,323,425,425,436,455,380,407,607,607,633,644,644,644,676,676,7,88,88,185,185,195,195,195,211,211,211,228,228,281,293,304,45,45,55,55,55],"floor_reached":51,"playtime":2874,"items_purged":["Strike_R"],"score":849,"play_id":"be8091cc-5df1-4b78-8e6d-68734171d56d","local_time":"20180715165222","is_ascension_mode":true,"campfire_choices":[{"data":"Uppercut","floor":10,"key":"SMITH"},{"data":"Armaments","floor":15,"key":"SMITH"},{"floor":23,"key":"REST"},{"floor":27,"key":"REST"},{"floor":29,"key":"REST"},{"data":"Offering","floor":32,"key":"SMITH"},{"data":"Fiend Fire","floor":40,"key":"SMITH"},{"floor":49,"key":"REST"}],"neow_cost":"NONE","seed_source_timestamp":181540194856401,"circlet_count":0,"master_deck":["Defend_R","Defend_R","Defend_R","Defend_R","Bash+1","Shrug It Off+1","Uppercut+1","Whirlwind","Armaments+1","Fiend Fire+1","Shrug It Off","Offering+1","Flame Barrier","Disarm+1","Infernal Blade+1","Whirlwind+1","Shockwave","Feel No Pain","Immolate","Double Tap+1","Iron Wave+1","Rupture+1","Finesse+1","Iron Wave+1","Metallicize+1","Madness","Madness","Shockwave"],"relics":["Burning Blood","Oddly Smooth Stone","Bag of Preparation","Ancient Tea Set","Juzu Bracelet","Orrery","Pen Nib","Dream Catcher","Potion Belt","Du-Vu Doll","Lee\u0027s Waffle","Paper Frog","Dodecahedron","Astrolabe","Incense Burner","Happy Flower","War Paint"],"potions_floor_usage":[8,11,16,24,24,33,45,48,50,50,50,50],"damage_taken":[{"damage":8,"enemies":"Jaw Worm","floor":1,"turns":4},{"damage":0,"enemies":"Small Slimes","floor":4,"turns":3},{"damage":18,"enemies":"3 Sentries","floor":6,"turns":13},{"damage":6,"enemies":"Cultist","floor":7,"turns":3},{"damage":0,"enemies":"2 Fungi Beasts","floor":8,"turns":4},{"damage":12,"enemies":"Gremlin Nob","floor":11,"turns":3},{"damage":7,"enemies":"Blue Slaver","floor":12,"turns":4},{"damage":4,"enemies":"Red Slaver","floor":13,"turns":3},{"damage":40,"enemies":"The Guardian","floor":16,"turns":15},{"damage":30,"enemies":"2 Thieves","floor":18,"turns":5},{"damage":4,"enemies":"3 Byrds","floor":19,"turns":5},{"damage":35,"enemies":"Slavers","floor":24,"turns":6},{"damage":26,"enemies":"Snake Plant","floor":25,"turns":4},{"damage":29,"enemies":"Gremlin Leader","floor":28,"turns":7},{"damage":32,"enemies":"Collector","floor":33,"turns":11},{"damage":13,"enemies":"3 Shapes","floor":35,"turns":4},{"damage":6,"enemies":"Flame Bruiser 1 Orb","floor":38,"turns":4},{"damage":4,"floor":39,"turns":5},{"damage":20,"enemies":"4 Shapes","floor":41,"turns":1},{"damage":15,"enemies":"3 Darklings","floor":44,"turns":3},{"damage":4,"enemies":"Sphere and 2 Shapes","floor":45,"turns":3},{"damage":36,"enemies":"Transient","floor":48,"turns":5},{"damage":42,"enemies":"Donu and Deca","floor":50,"turns":8}],"seed_played":"7324640790063630848","potions_obtained":[{"floor":7,"key":"SkillPotion"},{"floor":8,"key":"Fire Potion"},{"floor":12,"key":"PowerPotion"},{"floor":13,"key":"Block Potion"},{"floor":19,"key":"Block Potion"},{"floor":25,"key":"Dexterity Potion"},{"floor":28,"key":"LiquidBronze"},{"floor":38,"key":"Swift Potion"},{"floor":44,"key":"SkillPotion"},{"floor":45,"key":"Dexterity Potion"}],"is_trial":false,"path_per_floor":["M","?","?","M","?","E","M","M","T","R","E","M","M","T","R","B",null,"M","M","?","T","?","R","E","M","T","R","E","R","$","T","R","B",null,"M","?","?","M","?","R","M","?","T","M","M","$","?","M","R","B"],"character_chosen":"IRONCLAD","items_purchased":["Shockwave","Lee\u0027s Waffle","Feel No Pain","Paper Frog","War Paint","PowerPotion","PowerPotion"],"campfire_rested":4,"item_purchase_floors":[30,30,30,30,46,46,46],"current_hp_per_floor":[86,79,79,85,85,73,73,79,79,79,73,72,74,74,74,40,88,64,66,66,66,66,88,59,39,39,65,42,68,95,95,95,69,95,88,83,83,83,85,85,71,71,71,62,67,67,55,25,54,18],"gold":55,"neow_bonus":"TEN_PERCENT_HP_BONUS","is_prod":false,"is_daily":false,"chose_seed":false,"campfire_upgraded":4,"win_rate":0,"timestamp":1531687942,"path_taken":["M","?","?","M","?","E","M","M","T","R","E","?","M","?","R","BOSS","M","M","?","?","?","R","E","M","T","R","E","R","$","?","R","BOSS","M","?","?","M","?","R","M","?","T","M","M","$","?","M","R","BOSS"],"build_version":"2018-07-13","purchased_purges":1,"victory":true,"max_hp_per_floor":[88,88,88,88,88,88,88,88,88,88,88,88,88,88,88,88,88,88,88,88,88,88,88,88,88,88,88,88,88,95,95,95,95,95,95,95,95,95,95,95,95,95,95,95,98,98,98,98,98,98],"card_choices":[{"not_picked":["Warcry","Dual Wield"],"picked":"Headbutt","floor":1},{"not_picked":["Corruption","Thunderclap"],"picked":"Shrug It Off","floor":4},{"not_picked":["Pommel Strike","Shrug It Off"],"picked":"Uppercut","floor":6},{"not_picked":["Armaments","Berserk"],"picked":"Whirlwind","floor":7},{"not_picked":["Perfected Strike","Thunderclap","Flex"],"picked":"SKIP","floor":8},{"not_picked":["Body Slam","Pommel Strike","Dual Wield"],"picked":"SKIP","floor":11},{"not_picked":["Sentinel","Twin Strike"],"picked":"Armaments","floor":12},{"not_picked":["Dark Embrace","Pommel Strike","Second Wind"],"picked":"SKIP","floor":13},{"not_picked":["Dark Embrace","Pommel Strike","Second Wind"],"picked":"SKIP","floor":13},{"not_picked":["Dark Embrace","Pommel Strike","Second Wind"],"picked":"SKIP","floor":13},{"not_picked":["Exhume","Bludgeon"],"picked":"Fiend Fire","floor":16},{"not_picked":["Rage","Headbutt"],"picked":"Shrug It Off","floor":17},{"not_picked":["Havoc","Twin Strike"],"picked":"Offering","floor":17},{"not_picked":["Armaments","Anger+1","Rupture"],"picked":"SKIP","floor":18},{"not_picked":["Thunderclap","True Grit"],"picked":"Flame Barrier","floor":19},{"not_picked":["Reckless Charge","Cleave","Berserk"],"picked":"SKIP","floor":24},{"not_picked":["Headbutt+1","Dual Wield","Cleave"],"picked":"SKIP","floor":25},{"not_picked":["Twin Strike+1","Anger"],"picked":"Disarm+1","floor":27},{"not_picked":["Body Slam","Clash"],"picked":"Infernal Blade+1","floor":28},{"not_picked":["Wild Strike+1","Armaments"],"picked":"Whirlwind+1","floor":29},{"not_picked":["Impervious","Barricade"],"picked":"Immolate","floor":33},{"not_picked":["Perfected Strike","Cleave+1","Sword Boomerang"],"picked":"SKIP","floor":35},{"not_picked":["Purity","The Bomb"],"picked":"Panacea","floor":36},{"not_picked":["Thinking Ahead","Madness"],"picked":"Finesse","floor":36},{"not_picked":["Warcry","Evolve+1","Entrench+1"],"picked":"SKIP","floor":38},{"not_picked":["Flex+1","Pommel Strike+1"],"picked":"Iron Wave+1","floor":39},{"not_picked":["Burning Pact","Armaments+1"],"picked":"Metallicize+1","floor":41},{"not_picked":["Rage","Warcry","Iron Wave"],"picked":"SKIP","floor":44},{"not_picked":["Hemokinesis","Infernal Blade","Thunderclap"],"picked":"SKIP","floor":45},{"not_picked":["Armaments","Perfected Strike+1","Heavy Blade+1"],"picked":"SKIP","floor":48},{"not_picked":["Evolve","Seeing Red+1"],"picked":"Shockwave","floor":49}],"player_experience":290907,"relics_obtained":[{"floor":6,"key":"Oddly Smooth Stone"},{"floor":9,"key":"Bag of Preparation"},{"floor":11,"key":"Ancient Tea Set"},{"floor":14,"key":"Juzu Bracelet"},{"floor":21,"key":"Pen Nib"},{"floor":24,"key":"Dream Catcher"},{"floor":26,"key":"Potion Belt"},{"floor":28,"key":"Du-Vu Doll"},{"floor":31,"key":"Dodecahedron"},{"floor":39,"key":"Incense Burner"},{"floor":43,"key":"Happy Flower"}],"event_choices":[{"event_name":"Golden Wing","player_choice":"Card Removal","floor":2,"damage_taken":0},{"event_name":"Match and Keep!","player_choice":"0 cards matched","floor":3,"damage_taken":0},{"event_name":"Upgrade Shrine","player_choice":"Upgraded","floor":5,"damage_taken":0},{"event_name":"Beggar","player_choice":"Gave Gold","floor":20,"damage_taken":0},{"event_name":"Wheel of Change","player_choice":"Gold","floor":22,"damage_taken":0},{"event_name":"SensoryStone","player_choice":"Memory 2","floor":36,"damage_taken":0},{"event_name":"Falling","player_choice":"Removed Skill","floor":37,"damage_taken":0},{"event_name":"MindBloom","player_choice":"Fight","floor":39,"damage_taken":0},{"event_name":"Tomb of Lord Red Mask","player_choice":"Ignored","floor":42,"damage_taken":0},{"event_name":"Winding Halls","player_choice":"Embrace Madness","floor":47,"damage_taken":0}],"boss_relics":[{"not_picked":["White Beast Statue","Empty Cage"],"picked":"Orrery"},{"not_picked":["Coffee Dripper","Lizard Tail"],"picked":"Astrolabe"}],"items_purged_floors":[30],"is_endless":false,"potions_floor_spawned":[7,8,12,13,19,25,28,38,44,45],"ascension_level":4}