{"gold_per_floor":[117,117,117,128,142,142,67,101,125,58,74,104,104,114,114,114],"floor_reached":16,"playtime":332,"items_purged":["Defend_G"],"score":100,"play_id":"7ebec43c-fba0-4bf8-8053-92544d0942b6","local_time":"20190807235710","is_ascension_mode":false,"campfire_choices":[{"data":"Neutralize","floor":6.0,"key":"SMITH"},{"data":"Reflex","floor":13,"key":"SMITH"},{"floor":15,"key":"REST"}],"neow_cost":"NONE","seed_source_timestamp":4745260594457,"circlet_count":0,"master_deck":["Strike_G","Strike_G","Strike_G","Strike_G","Strike_G","Defend_G+1","Defend_G+1","Defend_G","Defend_G","Survivor","Neutralize+1","Reflex+1","Reflex","Tactician"],"special_seed":0,"relics":["Ring of the Snake","NeowsBlessing","Omamori","Happy Flower"],"potions_floor_usage":[16],"damage_taken":[{"damage":0.0,"enemies":"Jaw Worm","floor":1.0,"turns":1.0},{"damage":0.0,"enemies":"Small Slimes","floor":4.0,"turns":1.0},{"damage":0.0,"enemies":"Cultist","floor":5.0,"turns":1.0},{"damage":16.0,"enemies":"Gremlin Nob","floor":8.0,"turns":5.0},{"damage":2.0,"enemies":"Lots of Slimes","floor":11.0,"turns":7.0},{"damage":0,"enemies":"3 Louse","floor":14,"turns":5},{"damage":36,"enemies":"The Guardian","floor":16,"turns":11}],"seed_played":"3678937020209876028","potions_obtained":[{"floor":3.0,"key":"GhostInAJar"},{"floor":3.0,"key":"FearPotion"},{"floor":3.0,"key":"Weak Potion"},{"floor":8.0,"key":"Ancient Potion"}],"is_trial":false,"path_per_floor":["M","?","?","M","M","R","$","E","T","$","M","?","R","M","R","B"],"character_chosen":"THE_SILENT","items_purchased":["Tactician"],"campfire_rested":1,"item_purchase_floors":[10],"current_hp_per_floor":[70,56,56,56,56,56,56,40,40,40,38,38,38,38,59,23],"gold":114,"neow_bonus":"THREE_ENEMY_KILL","is_prod":false,"is_daily":false,"chose_seed":false,"campfire_upgraded":2,"win_rate":0,"timestamp":1565247430,"path_taken":["M","?","?","M","?","R","?","E","T","$","M","?","R","M","R","BOSS"],"build_version":"2019-07-18","purchased_purges":1,"victory":false,"max_hp_per_floor":[70,70,70,70,70,70,70,70,70,70,70,70,70,70,70,70],"card_choices":[{"not_picked":["Cloak And Dagger","Riddle With Holes"],"picked":"Reflex","floor":1.0},{"not_picked":["Deadly Poison","Blade Dance"],"picked":"Reflex","floor":4.0},{"not_picked":["Expertise","Prepared","Leg Sweep"],"picked":"SKIP","floor":5.0},{"not_picked":["Infinite Blades","Blade Dance","Quick Slash"],"picked":"SKIP","floor":8.0},{"not_picked":["Blade Dance","Underhanded Strike","PiercingWail"],"picked":"SKIP","floor":11.0},{"not_picked":["Skewer","Outmaneuver","Underhanded Strike"],"picked":"SKIP","floor":14}],"player_experience":1389734,"relics_obtained":[{"floor":8.0,"key":"Omamori"},{"floor":9.0,"key":"Happy Flower"}],"event_choices":[{"damage_healed":0.0,"max_hp_gain":0.0,"max_hp_loss":0.0,"gold_gain":0.0,"event_name":"Shining Light","player_choice":"Entered Light","floor":2.0,"gold_loss":0.0,"damage_taken":14.0,"cards_upgraded":["Defend_G","Defend_G"]},{"damage_healed":0.0,"max_hp_gain":0.0,"max_hp_loss":0.0,"gold_gain":0.0,"event_name":"Lab","player_choice":"Got Potions","floor":3.0,"gold_loss":0.0,"damage_taken":0.0},{"damage_healed":0,"gold_gain":30,"player_choice":"Searched \u00271\u0027 times","damage_taken":0,"max_hp_gain":0,"max_hp_loss":0,"event_name":"Dead Adventurer","floor":12,"gold_loss":0}],"is_beta":true,"boss_relics":[],"items_purged_floors":[7],"is_endless":false,"potions_floor_spawned":[4,5,8],"killed_by":"The Guardian","ascension_level":0}