{"gold_per_floor":[109,128,31,31,31,31,55,55,55,74,107,30,63,63,63,63],"floor_reached":16,"playtime":291,"items_purged":[],"score":266,"play_id":"d56c010c-a219-4a1c-a2ee-e6561ba16786","local_time":"20190717200501","is_ascension_mode":true,"campfire_choices":[{"data":"Armaments","floor":6,"key":"SMITH"},{"data":"Perfected Strike","floor":8,"key":"SMITH"},{"data":"True Grit","floor":15,"key":"SMITH"}],"neow_cost":"NONE","seed_source_timestamp":449581471503,"circlet_count":0,"master_deck":["AscendersBane","Strike_R","Strike_R","Strike_R","Strike_R","Strike_R","Defend_R","Defend_R","Defend_R","Defend_R","Bash","Anger+1","Armaments+1","Spot Weakness","Clothesline","Perfected Strike+1","Cleave","True Grit+1","Sword Boomerang","Heavy Blade+1"],"relics":["Sozu","Golden Idol","Bag of Marbles","Dream Catcher","Ancient Tea Set"],"potions_floor_usage":[],"damage_taken":[{"damage":0,"enemies":"Cultist","floor":1,"turns":3},{"damage":7,"enemies":"Jaw Worm","floor":2,"turns":3},{"damage":3,"enemies":"2 Louse","floor":7,"turns":3},{"damage":0,"enemies":"Blue Slaver","floor":10,"turns":1},{"damage":0,"enemies":"Gremlin Nob","floor":11,"turns":3},{"damage":8,"enemies":"3 Sentries","floor":13,"turns":6},{"damage":32,"enemies":"The Guardian","floor":16,"turns":7}],"seed_played":"-1198300173388835110","potions_obtained":[],"is_trial":false,"path_per_floor":["M","M","$","?","?","R","M","R","T","M","E","$","E","?","R","B"],"character_chosen":"IRONCLAD","items_purchased":["Spot Weakness","Clothesline","True Grit","Sword Boomerang"],"campfire_rested":0,"item_purchase_floors":[3,3,12,12],"current_hp_per_floor":[68,61,61,61,61,61,58,58,58,58,58,58,50,30,30,0],"gold":63,"neow_bonus":"BOSS_RELIC","is_prod":false,"is_daily":false,"chose_seed":false,"campfire_upgraded":3,"win_rate":0,"timestamp":1563419101,"path_taken":["M","M","$","?","?","R","M","R","T","M","E","$","E","?","R","BOSS"],"build_version":"2019-07-10","purchased_purges":0,"victory":false,"max_hp_per_floor":[75,75,75,68,68,68,68,68,68,68,68,68,68,68,68,68],"card_choices":[{"not_picked":["Thunderclap","Intimidate"],"picked":"Anger","floor":1},{"not_picked":["Disarm","Twin Strike"],"picked":"Armaments","floor":2},{"not_picked":["Wild Strike","Seeing Red"],"picked":"Perfected Strike","floor":7},{"not_picked":["Corruption","Body Slam"],"picked":"Cleave","floor":10},{"not_picked":["Cleave","Searing Blow","Flex"],"picked":"SKIP","floor":11},{"not_picked":["Armaments","Headbutt"],"picked":"Heavy Blade","floor":13}],"player_experience":1368661,"relics_obtained":[{"floor":9,"key":"Bag of Marbles"},{"floor":11,"key":"Dream Catcher"},{"floor":13,"key":"Ancient Tea Set"}],"event_choices":[{"damage_healed":0,"gold_gain":0,"player_choice":"Lose Max HP","damage_taken":0,"relics_obtained":["Golden Idol"],"max_hp_gain":0,"max_hp_loss":7,"event_name":"Golden Idol","floor":4,"gold_loss":0},{"damage_healed":0,"gold_gain":0,"player_choice":"Ignored","damage_taken":0,"max_hp_gain":0,"max_hp_loss":0,"event_name":"Liars Game","floor":5,"gold_loss":0},{"damage_healed":0,"gold_gain":0,"player_choice":"Entered Light","damage_taken":20,"max_hp_gain":0,"max_hp_loss":0,"event_name":"Shining Light","floor":14,"gold_loss":0,"cards_upgraded":["Heavy Blade","Anger"]}],"is_beta":true,"boss_relics":[],"items_purged_floors":[],"is_endless":false,"potions_floor_spawned":[2,7,11],"killed_by":"The Guardian","ascension_level":20}