{"gold_per_floor":[114,124,144,219,219,251,263,263,290,290,302,330,330,350,350,421,421,439,45,58,58,58,58,83,83,109,109,109],"floor_reached":28,"playtime":1147,"items_purged":["Strike_B"],"score":492,"play_id":"3fc65631-81f5-4660-9711-066bcc627d8c","local_time":"20190825203421","is_ascension_mode":true,"campfire_choices":[{"floor":8,"key":"REST"},{"data":"Barrage","floor":10,"key":"SMITH"},{"floor":13,"key":"REST"},{"data":"Sunder","floor":15,"key":"SMITH"},{"floor":23,"key":"REST"},{"data":"Fission","floor":25,"key":"SMITH"},{"floor":27,"key":"REST"}],"neow_cost":"NONE","seed_source_timestamp":460909557114200,"circlet_count":0,"master_deck":["AscendersBane","Strike_B","Strike_B","Defend_B","Defend_B","Defend_B","Defend_B","Zap","Dualcast","Streamline","Barrage+1","Stack","Ball Lightning","Core Surge","Defragment","Self Repair","Sunder+1","Fission+1","Sweeping Beam","Cold Snap","Secret Weapon","Ball Lightning","Barrage","Hologram","Electrodynamics+1","Compile Driver"],"relics":["Cracked Core","Regal Pillow","Potion Belt","Dream Catcher","Omamori","Inserter","Frozen Egg 2","Boot"],"potions_floor_usage":[6,18,18,24],"damage_taken":[{"damage":0,"enemies":"Small Slimes","floor":1,"turns":3},{"damage":0,"enemies":"Jaw Worm","floor":2,"turns":3},{"damage":1,"enemies":"Cultist","floor":3,"turns":3},{"damage":29,"enemies":"Gremlin Nob","floor":6,"turns":4},{"damage":22,"enemies":"Exordium Wildlife","floor":7,"turns":4},{"damage":5,"enemies":"Looter","floor":11,"turns":3},{"damage":20,"enemies":"Lagavulin","floor":12,"turns":7},{"damage":5,"enemies":"3 Louse","floor":14,"turns":3},{"damage":39,"enemies":"The Guardian","floor":16,"turns":12},{"damage":12,"enemies":"Chosen","floor":18,"turns":5},{"damage":21,"enemies":"3 Byrds","floor":20,"turns":6},{"damage":56,"enemies":"Gremlin Leader","floor":24,"turns":7},{"damage":70,"enemies":"Book of Stabbing","floor":28,"turns":5}],"seed_played":"8878028144884005445","potions_obtained":[{"floor":1,"key":"Weak Potion"},{"floor":6,"key":"GamblersBrew"},{"floor":12,"key":"SkillPotion"},{"floor":14,"key":"Weak Potion"}],"is_trial":false,"path_per_floor":["M","M","M","?","?","E","M","R","T","R","M","E","R","M","R","B",null,"M","$","M","?","?","R","E","R","T","R","E"],"character_chosen":"DEFECT","items_purchased":["Cold Snap","Secret Weapon","Ball Lightning"],"campfire_rested":4,"item_purchase_floors":[19,19,19],"current_hp_per_floor":[64,64,63,52,52,23,1,37,37,37,32,12,48,50,50,18,58,53,53,39,39,39,71,22,22,22,58,0],"gold":109,"neow_bonus":"RANDOM_COMMON_RELIC","is_prod":false,"is_daily":false,"chose_seed":false,"campfire_upgraded":3,"win_rate":0,"timestamp":1566732861,"path_taken":["M","M","M","?","?","E","?","R","T","R","M","E","R","M","R","BOSS","M","$","M","?","?","R","E","R","T","R","E"],"build_version":"2019-07-17","purchased_purges":1,"victory":false,"max_hp_per_floor":[71,71,71,71,71,71,71,71,71,71,71,71,71,71,71,71,71,71,71,71,71,71,71,71,71,71,71,71],"card_choices":[{"not_picked":["Melter","Hologram"],"picked":"Streamline","floor":1},{"not_picked":["Hologram","Stack"],"picked":"Barrage","floor":2},{"not_picked":["Redo","Turbo"],"picked":"Stack","floor":3},{"not_picked":["Rebound","Sweeping Beam"],"picked":"Ball Lightning","floor":6},{"not_picked":["Coolheaded","Steam"],"picked":"Core Surge","floor":7},{"not_picked":["Steam","Rebound"],"picked":"Defragment","floor":11},{"not_picked":["Blizzard","Recycle"],"picked":"Self Repair","floor":12},{"not_picked":["Conserve Battery","Steam"],"picked":"Sunder","floor":14},{"not_picked":["Creative AI","Buffer"],"picked":"Fission","floor":16},{"not_picked":["Doom and Gloom","Gash"],"picked":"Sweeping Beam","floor":18},{"not_picked":["Go for the Eyes","Melter"],"picked":"Barrage","floor":20},{"not_picked":["Beam Cell","Steam"],"picked":"Hologram","floor":23},{"not_picked":["Self Repair","Buffer"],"picked":"Electrodynamics","floor":24},{"not_picked":["Go for the Eyes","Aggregate+1"],"picked":"Compile Driver","floor":27}],"player_experience":246272,"relics_obtained":[{"floor":6,"key":"Potion Belt"},{"floor":9,"key":"Dream Catcher"},{"floor":12,"key":"Omamori"},{"floor":24,"key":"Frozen Egg 2"},{"floor":26,"key":"Boot"}],"event_choices":[{"damage_healed":0,"gold_gain":75,"player_choice":"Gather Gold","damage_taken":11,"max_hp_gain":0,"max_hp_loss":0,"event_name":"World of Goop","floor":4,"gold_loss":0},{"cards_removed":["Strike_B"],"damage_healed":0,"gold_gain":0,"player_choice":"Offered Basic","damage_taken":0,"max_hp_gain":0,"max_hp_loss":0,"event_name":"Bonfire Elementals","floor":5,"gold_loss":0},{"damage_healed":0,"gold_gain":0,"player_choice":"Ignored","damage_taken":0,"max_hp_gain":0,"max_hp_loss":0,"event_name":"Ghosts","floor":22,"gold_loss":0}],"is_beta":false,"boss_relics":[{"not_picked":["Orrery","Cursed Key"],"picked":"Inserter"}],"items_purged_floors":[19],"is_endless":false,"potions_floor_spawned":[1,6,12,14],"killed_by":"Book of Stabbing","ascension_level":20}