{"gold_per_floor":[118,18,35,35,35,110,110,120,173,208,228,228,28,39,39,134,134,152,163,163,178,190,190,224,238,284,284,383,393,408,408,408,512,512,532,532,532,316,40,40,60,77,155,155,167,182,211,228,228,228],"floor_reached":50,"playtime":3003,"items_purged":["Pain","Decay"],"score":571,"play_id":"092765d6-f30d-4946-89e4-5284eda149d2","local_time":"20190810191803","is_ascension_mode":true,"campfire_choices":[{"floor":7,"key":"REST"},{"floor":15,"key":"REST"},{"data":"Zap","floor":23,"key":"SMITH"},{"floor":27,"key":"REST"},{"floor":32,"key":"REST"},{"data":"Echo Form","floor":40,"key":"SMITH"},{"floor":44,"key":"REST"},{"floor":49,"key":"REST"}],"neow_cost":"CURSE","seed_source_timestamp":20325287095800,"circlet_count":0,"master_deck":["Strike_B+1","Strike_B","Strike_B","Defend_B+1","Defend_B","Defend_B","Defend_B","Zap+1","Dualcast","Self Repair","Redo","Rebound","Static Discharge","Cold Snap","Defragment","Turbo","Ball Lightning","Seek","Leap","FTL","Zap","Flash of Steel","Beam Cell","Hologram","Leap","Core Surge","BootSequence","Force Field","Chill","Coolheaded","Echo Form+1","Leap+1","Madness","Madness","BootSequence","BootSequence","Rebound+1","Conserve Battery+1","Defragment","Parasite","Redo+1","Conserve Battery+1","Conserve Battery+1"],"relics":["Cracked Core","Gambling Chip","Boot","Regal Pillow","Dodecahedron","Runic Pyramid","Letter Opener","Dream Catcher","Velvet Choker","Mummified Hand","Question Card","Omamori"],"potions_floor_usage":[13,16,24,24,25,42,47,47,48,50],"damage_taken":[{"damage":15,"enemies":"Jaw Worm","floor":1,"turns":4},{"damage":3,"enemies":"Small Slimes","floor":3,"turns":3},{"damage":0,"enemies":"2 Louse","floor":8,"turns":2},{"damage":34,"enemies":"Gremlin Nob","floor":10,"turns":5},{"damage":5,"enemies":"2 Fungi Beasts","floor":11,"turns":3},{"damage":25,"enemies":"Gremlin Gang","floor":14,"turns":4},{"damage":25,"enemies":"Hexaghost","floor":16,"turns":9},{"damage":10,"enemies":"3 Byrds","floor":18,"turns":4},{"damage":3,"enemies":"Spheric Guardian","floor":19,"turns":3},{"damage":25,"enemies":"Snake Plant","floor":21,"turns":3},{"damage":7,"enemies":"Centurion and Healer","floor":22,"turns":8},{"damage":37,"enemies":"Slavers","floor":24,"turns":4},{"damage":21,"enemies":"3 Cultists","floor":25,"turns":5},{"damage":10,"enemies":"Snecko","floor":29,"turns":5},{"damage":31,"enemies":"Snake Plant","floor":30,"turns":4},{"damage":75,"enemies":"Automaton","floor":33,"turns":13},{"damage":15,"enemies":"3 Darklings","floor":35,"turns":7},{"damage":3,"enemies":"3 Shapes","floor":41,"turns":5},{"damage":48,"enemies":"Transient","floor":42,"turns":5},{"damage":5,"enemies":"Spire Growth","floor":45,"turns":6},{"damage":17,"enemies":"Writhing Mass","floor":46,"turns":8},{"damage":62,"enemies":"Giant Head","floor":47,"turns":14},{"damage":35,"enemies":"4 Shapes","floor":48,"turns":4},{"damage":42,"enemies":"Awakened One","floor":50,"turns":4}],"seed_played":"4272979745455346749","potions_obtained":[{"floor":11,"key":"Ancient Potion"},{"floor":14,"key":"SpeedPotion"},{"floor":18,"key":"Swift Potion"},{"floor":21,"key":"Energy Potion"},{"floor":24,"key":"Regen Potion"},{"floor":30,"key":"SpeedPotion"},{"floor":41,"key":"Regen Potion"},{"floor":42,"key":"GamblersBrew"},{"floor":48,"key":"SneckoOil"}],"is_trial":false,"path_per_floor":["M","$","M","?","?","?","R","M","T","E","M","?","$","M","R","B",null,"M","M","?","M","M","R","E","M","T","R","?","M","M","?","R","B",null,"M","?","?","$","$","R","M","M","T","R","M","M","E","M","R","B"],"character_chosen":"DEFECT","items_purchased":["Redo","Defragment","Turbo","Fruit Juice","BootSequence","Fire Potion","BootSequence","Mummified Hand"],"campfire_rested":6,"item_purchase_floors":[2,13,13,13,38,38,39,39],"current_hp_per_floor":[60,60,57,42,42,31,53,60,60,33,28,28,33,15,54,36,80,77,80,80,55,55,55,25,25,25,64,64,61,37,37,76,8,80,72,62,62,62,62,62,73,32,32,71,80,70,37,2,41,0],"gold":228,"neow_bonus":"ONE_RARE_RELIC","is_prod":false,"is_daily":false,"chose_seed":false,"campfire_upgraded":2,"win_rate":0,"timestamp":1565432283,"path_taken":["M","$","M","?","?","?","R","M","T","E","M","?","$","M","R","BOSS","M","?","?","?","M","R","E","M","T","R","?","M","M","?","R","BOSS","M","?","?","?","$","R","M","M","T","R","M","M","E","M","R","BOSS"],"build_version":"2019-07-17","purchased_purges":2,"victory":false,"max_hp_per_floor":[75,75,75,75,75,75,75,75,75,75,75,75,80,80,80,80,80,80,80,80,80,80,80,80,80,80,80,80,80,80,80,80,80,80,80,80,80,80,80,80,80,80,80,80,80,80,80,80,80,80],"card_choices":[{"not_picked":["Auto Shields","Beam Cell"],"picked":"Self Repair","floor":1},{"not_picked":["Sweeping Beam","Ball Lightning"],"picked":"Rebound","floor":3},{"not_picked":["Rip and Tear","White Noise"],"picked":"Static Discharge","floor":8},{"not_picked":["Streamline","Coolheaded"],"picked":"Cold Snap","floor":10},{"not_picked":["Stack","Ball Lightning"],"picked":"Rip and Tear","floor":11},{"not_picked":["Beam Cell","Gash"],"picked":"Ball Lightning","floor":14},{"not_picked":["Biased Cognition","Machine Learning"],"picked":"Seek","floor":16},{"not_picked":["Streamline","Reprogram"],"picked":"Leap","floor":18},{"not_picked":["Ball Lightning+1","Beam Cell"],"picked":"FTL","floor":19},{"not_picked":["Rip and Tear","Steam"],"picked":"Beam Cell","floor":21},{"not_picked":["Cold Snap","Go for the Eyes"],"picked":"Hologram","floor":22},{"not_picked":["Redo","Steam"],"picked":"Leap","floor":24},{"not_picked":["Heatsinks","Ball Lightning"],"picked":"Core Surge","floor":25},{"not_picked":["Hologram","Undo"],"picked":"BootSequence","floor":27},{"not_picked":["Steam+1","Static Discharge+1"],"picked":"Force Field","floor":29},{"not_picked":["Barrage","Undo"],"picked":"Chill","floor":30},{"not_picked":["Steam","Ball Lightning+1"],"picked":"Coolheaded","floor":32},{"not_picked":["Thunder Strike","Buffer"],"picked":"Echo Form","floor":33},{"not_picked":["Darkness+1","Blizzard"],"picked":"Leap+1","floor":35},{"not_picked":["Redo","Streamline"],"picked":"Rebound+1","floor":41},{"not_picked":["Undo+1","Barrage","White Noise"],"picked":"SKIP","floor":42},{"not_picked":["Beam Cell","Sweeping Beam","Streamline+1"],"picked":"Conserve Battery+1","floor":44},{"not_picked":["Coolheaded","Gash+1","Creative AI"],"picked":"Defragment","floor":45},{"not_picked":["Beam Cell+1","Aggregate+1","Steam+1","Stack+1"],"picked":"SKIP","floor":46},{"not_picked":["Gash+1","Leap","Streamline+1"],"picked":"Redo+1","floor":47},{"not_picked":["Multi-Cast","Heatsinks","Chaos"],"picked":"Conserve Battery+1","floor":48},{"not_picked":["Stack","Steam+1","Sweeping Beam"],"picked":"Conserve Battery+1","floor":49}],"player_experience":122308,"relics_obtained":[{"floor":9,"key":"Boot"},{"floor":10,"key":"Regal Pillow"},{"floor":24,"key":"Letter Opener"},{"floor":26,"key":"Dream Catcher"},{"floor":43,"key":"Question Card"},{"floor":47,"key":"Omamori"}],"event_choices":[{"damage_healed":0,"gold_gain":0,"player_choice":"Entered Light","damage_taken":15,"max_hp_gain":0,"max_hp_loss":0,"event_name":"Shining Light","floor":4,"gold_loss":0,"cards_upgraded":["Strike_B","Defend_B"]},{"cards_removed":["Strike_B"],"damage_healed":0,"gold_gain":0,"player_choice":"Forget","damage_taken":0,"max_hp_gain":0,"max_hp_loss":0,"event_name":"Living Wall","floor":5,"gold_loss":0},{"damage_healed":0,"gold_gain":75,"player_choice":"Gather Gold","damage_taken":11,"max_hp_gain":0,"max_hp_loss":0,"event_name":"World of Goop","floor":6,"gold_loss":0},{"damage_healed":0,"gold_gain":0,"player_choice":"Gave Potion","damage_taken":0,"relics_obtained":["Dodecahedron"],"max_hp_gain":0,"max_hp_loss":0,"event_name":"WeMeetAgain","floor":12,"gold_loss":0},{"damage_healed":0,"gold_gain":0,"player_choice":"2 cards matched","damage_taken":0,"max_hp_gain":0,"max_hp_loss":0,"event_name":"Match and Keep!","floor":20,"gold_loss":0,"cards_obtained":["Zap","Flash of Steel"]},{"damage_healed":0,"gold_gain":99,"player_choice":"Stole From Cult","damage_taken":0,"max_hp_gain":0,"max_hp_loss":0,"event_name":"Nest","floor":28,"gold_loss":0},{"damage_healed":0,"gold_gain":0,"player_choice":"Smashed Altar","damage_taken":0,"max_hp_gain":0,"max_hp_loss":0,"event_name":"Forgotten Altar","floor":31,"gold_loss":0,"cards_obtained":["Decay"]},{"damage_healed":0,"gold_gain":0,"player_choice":"Embrace Madness","damage_taken":10,"max_hp_gain":0,"max_hp_loss":0,"event_name":"Winding Halls","floor":36,"gold_loss":0,"cards_obtained":["Madness","Madness"]},{"cards_removed":["Rip and Tear"],"damage_healed":0,"gold_gain":0,"player_choice":"Removed Attack","damage_taken":0,"max_hp_gain":0,"max_hp_loss":0,"event_name":"Falling","floor":37,"gold_loss":0}],"is_beta":false,"boss_relics":[{"not_picked":["Eternal Feather","Fusion Hammer"],"picked":"Runic Pyramid"},{"not_picked":["FrozenCore","Cursed Key"],"picked":"Velvet Choker"}],"items_purged_floors":[2,38],"is_endless":false,"potions_floor_spawned":[11,14,18,21,24,30,41,42,46,48],"killed_by":"Awakened One","ascension_level":2}