{"gold_per_floor":[115,126,126,142,159,234,234,261,261,279,310,310],"floor_reached":12,"playtime":392,"items_purged":[],"score":144,"play_id":"99e33138-282a-43a5-9311-5528e0e07d4e","local_time":"20190817174342","is_ascension_mode":true,"campfire_choices":[{"floor":7,"key":"REST"}],"neow_cost":"NONE","seed_source_timestamp":161174005866800,"circlet_count":0,"master_deck":["AscendersBane","Strike_B","Strike_B","Strike_B","Strike_B","Defend_B","Defend_B","Defend_B","Defend_B","Zap","Dualcast","Capacitor","Buffer","Cold Snap","Consume","Leap","White Noise"],"relics":["Cracked Core","Pen Nib","Shuriken","Molten Egg 2","Kunai"],"potions_floor_usage":[8,11],"damage_taken":[{"damage":6,"enemies":"2 Louse","floor":1,"turns":2},{"damage":0,"enemies":"Small Slimes","floor":2,"turns":3},{"damage":1,"enemies":"Cultist","floor":4,"turns":3},{"damage":25,"enemies":"Large Slime","floor":5,"turns":9},{"damage":21,"enemies":"3 Sentries","floor":8,"turns":9},{"damage":6,"enemies":"Blue Slaver","floor":10,"turns":4},{"damage":13,"enemies":"Gremlin Nob","floor":11,"turns":5},{"damage":20,"enemies":"Exordium Thugs","floor":12,"turns":4}],"seed_played":"-721726755194499282","potions_obtained":[{"floor":1,"key":"Energy Potion"},{"floor":8,"key":"EssenceOfSteel"}],"is_trial":false,"path_per_floor":["M","M","?","M","M","?","R","E","T","M","E","M"],"character_chosen":"DEFECT","items_purchased":[],"campfire_rested":1,"item_purchase_floors":[],"current_hp_per_floor":[62,62,67,66,41,30,54,33,33,27,14,0],"gold":310,"neow_bonus":"RANDOM_COMMON_RELIC","is_prod":false,"is_daily":false,"chose_seed":false,"campfire_upgraded":0,"win_rate":0,"timestamp":1566031422,"path_taken":["M","M","?","M","M","?","R","E","T","M","E","M"],"build_version":"2019-07-17","purchased_purges":0,"victory":false,"max_hp_per_floor":[75,75,80,80,80,80,80,80,80,80,80,80],"card_choices":[{"not_picked":["Tempest","Barrage","Stack"],"picked":"SKIP","floor":1},{"not_picked":["Stack","Ball Lightning"],"picked":"Capacitor","floor":2},{"not_picked":["Steam Power","Auto Shields"],"picked":"Buffer","floor":4},{"not_picked":["Hologram","Go for the Eyes"],"picked":"Cold Snap","floor":5},{"not_picked":["Gash","Storm"],"picked":"Consume","floor":8},{"not_picked":["Redo","Turbo"],"picked":"Leap","floor":10},{"not_picked":["Steam","Stack"],"picked":"White Noise","floor":11}],"player_experience":182632,"relics_obtained":[{"floor":8,"key":"Shuriken"},{"floor":9,"key":"Molten Egg 2"},{"floor":11,"key":"Kunai"}],"event_choices":[{"damage_healed":0,"gold_gain":0,"player_choice":"Donut","damage_taken":0,"max_hp_gain":5,"max_hp_loss":0,"event_name":"Big Fish","floor":3,"gold_loss":0},{"damage_healed":0,"gold_gain":75,"player_choice":"Gather Gold","damage_taken":11,"max_hp_gain":0,"max_hp_loss":0,"event_name":"World of Goop","floor":6,"gold_loss":0}],"is_beta":false,"boss_relics":[],"items_purged_floors":[],"is_endless":false,"potions_floor_spawned":[1,8],"killed_by":"Exordium Thugs","ascension_level":12}