{"gold_per_floor":[116,191,64,64,83,83,112,112,139,155,184,203,213,226,226,298,298,316,19,19,19,19,19,52,52,75,75,75,75,75,85,85,85],"floor_reached":33,"playtime":846,"items_purged":["Pain"],"score":667,"play_id":"e034d139-08c9-44c7-b236-85987d091640","local_time":"20190410160346","is_ascension_mode":true,"campfire_choices":[{"data":"Neutralize","floor":6.0,"key":"SMITH"},{"data":"Sucker Punch","floor":8.0,"key":"SMITH"},{"data":"Noxious Fumes","floor":15.0,"key":"SMITH"},{"floor":23.0,"key":"REST"},{"floor":25.0,"key":"REST"},{"floor":29.0,"key":"REST"},{"data":"Noxious Fumes","floor":32,"key":"SMITH"}],"neow_cost":"NONE","seed_source_timestamp":10057732007978,"circlet_count":0,"master_deck":["AscendersBane","Defend_G","Defend_G","Defend_G+1","Defend_G","Defend_G+1","Survivor","Neutralize+1","Sucker Punch+1","Noxious Fumes+1","Leg Sweep","Noxious Fumes+1","Dagger Spray","Leg Sweep","Poisoned Stab","Flying Knee","Backstab","Tools of the Trade","Heel Hook+1","White Noise","Steam","Bite","Bite","Bite","Bite","Bite","Offering"],"special_seed":0,"relics":["Ring of the Snake","NeowsBlessing","WarpedTongs","Orichalcum","Pen Nib","Dream Catcher","Philosopher\u0027s Stone","PrismaticShard","Ninja Scroll","War Paint","Paper Crane"],"potions_floor_usage":[],"damage_taken":[{"damage":0.0,"enemies":"2 Louse","floor":1.0,"turns":1.0},{"damage":0.0,"enemies":"Cultist","floor":5.0,"turns":2.0},{"damage":0.0,"enemies":"Gremlin Nob","floor":7.0,"turns":1.0},{"damage":3.0,"enemies":"Small Slimes","floor":10.0,"turns":4.0},{"damage":0.0,"enemies":"3 Sentries","floor":11.0,"turns":9.0},{"damage":3.0,"enemies":"Exordium Thugs","floor":12.0,"turns":5.0},{"damage":1.0,"enemies":"3 Louse","floor":13.0,"turns":5.0},{"damage":5.0,"enemies":"Looter","floor":14.0,"turns":4.0},{"damage":16.0,"enemies":"Slime Boss","floor":16.0,"turns":9.0},{"damage":19.0,"enemies":"Shell Parasite","floor":18.0,"turns":6.0},{"damage":51.0,"enemies":"Book of Stabbing","floor":24.0,"turns":6.0},{"damage":0,"enemies":"Spheric Guardian","floor":31,"turns":4},{"damage":89,"enemies":"Collector","floor":33,"turns":9}],"seed_played":"-79672496942654161","potions_obtained":[{"floor":1.0,"key":"LiquidBronze"},{"floor":5.0,"key":"Block Potion"},{"floor":7.0,"key":"EssenceOfSteel"},{"floor":14.0,"key":"FearPotion"},{"floor":24.0,"key":"GamblersBrew"}],"is_trial":false,"path_per_floor":["M","?","$","?","M","R","E","R","T","M","E","M","M","M","R","B",null,"M","$","?","$","?","R","E","R","T","T","?","R","$","M","R","B"],"character_chosen":"THE_SILENT","items_purchased":["Noxious Fumes","Leg Sweep","PrismaticShard"],"campfire_rested":3,"item_purchase_floors":[3,3,19],"current_hp_per_floor":[59,48,48,48,48,48,48,48,48,45,45,42,41,36,36,20,55,36,36,36,36,36,55,4,23,23,23,23,36,36,44,44,0],"gold":85,"neow_bonus":"THREE_ENEMY_KILL","is_prod":false,"is_daily":false,"chose_seed":false,"campfire_upgraded":4,"win_rate":0,"timestamp":1554937426,"path_taken":["M","?","$","?","M","R","E","R","T","M","E","M","?","M","R","BOSS","M","$","?","?","?","R","E","R","T","?","?","R","$","?","R","BOSS"],"build_version":"2019-04-04","purchased_purges":1,"victory":false,"max_hp_per_floor":[66,66,66,66,66,66,66,66,66,66,66,66,66,66,66,66,66,66,66,66,66,66,66,66,66,66,66,46,46,46,46,46,46],"card_choices":[{"not_picked":["Underhanded Strike","Finisher"],"picked":"Sucker Punch","floor":1.0},{"not_picked":["Outmaneuver","Cloak And Dagger"],"picked":"Noxious Fumes","floor":5.0},{"not_picked":["Skewer","Dodge and Roll"],"picked":"Dagger Spray","floor":7.0},{"not_picked":["Skewer","Poisoned Stab"],"picked":"Leg Sweep","floor":10.0},{"not_picked":["Cloak And Dagger","Underhanded Strike"],"picked":"Poisoned Stab","floor":12.0},{"not_picked":["Envenom","Quick Slash"],"picked":"Flying Knee","floor":13.0},{"not_picked":["Deflect","Accuracy"],"picked":"Backstab","floor":14.0},{"not_picked":["Bullet Time","Burst"],"picked":"Tools of the Trade","floor":16.0},{"not_picked":["Flying Knee","Heavy Blade"],"picked":"Heel Hook+1","floor":23.0},{"not_picked":["Dash","Chrysalis"],"picked":"White Noise","floor":24.0},{"not_picked":["Tempest","Flying Knee"],"picked":"Steam","floor":25.0},{"not_picked":["Acrobatics","Clash"],"picked":"Offering","floor":31}],"player_experience":1408683,"relics_obtained":[{"floor":7.0,"key":"Orichalcum"},{"floor":9.0,"key":"Pen Nib"},{"floor":11.0,"key":"Dream Catcher"},{"floor":24.0,"key":"Ninja Scroll"},{"floor":26.0,"key":"War Paint"},{"floor":27.0,"key":"Paper Crane"}],"event_choices":[{"damage_healed":0.0,"max_hp_gain":0.0,"max_hp_loss":0.0,"gold_gain":75.0,"event_name":"World of Goop","player_choice":"Gather Gold","floor":2.0,"gold_loss":0.0,"damage_taken":11.0},{"damage_healed":0.0,"max_hp_gain":0.0,"max_hp_loss":0.0,"gold_gain":0.0,"event_name":"Accursed Blacksmith","player_choice":"Rummage","floor":4.0,"gold_loss":0.0,"damage_taken":0.0,"relics_obtained":["WarpedTongs"],"cards_obtained":["Pain"]},{"damage_healed":0.0,"max_hp_gain":0.0,"max_hp_loss":0.0,"gold_gain":0.0,"event_name":"N\u0027loth","player_choice":"Ignored","floor":20.0,"gold_loss":0.0,"damage_taken":0.0},{"damage_healed":0.0,"max_hp_gain":0.0,"max_hp_loss":0.0,"gold_gain":0.0,"event_name":"Cursed Tome","player_choice":"Ignored","floor":22.0,"gold_loss":0.0,"damage_taken":0.0},{"damage_healed":0.0,"max_hp_gain":0.0,"max_hp_loss":20.0,"gold_gain":0.0,"event_name":"Vampires","player_choice":"Became a vampire","floor":28.0,"gold_loss":0.0,"damage_taken":0.0,"cards_obtained":["Bite","Bite","Bite","Bite","Bite"]}],"is_beta":true,"boss_relics":[{"not_picked":["Eternal Feather","Empty Cage"],"picked":"Philosopher\u0027s Stone"}],"items_purged_floors":[19],"is_endless":false,"potions_floor_spawned":[1,5,7,10,14,24],"killed_by":"Collector","ascension_level":20}