{"gold_per_floor":[114,114,127,145,13,13,43,43,43,118,152,152,152,167,167,239,239,259,259,272,187,75,75,94,124,124,124,144,160,187,222,222,222],"floor_reached":33,"playtime":1091,"items_purged":["Strike_G"],"score":586,"play_id":"9d15d5f6-87ec-410a-a108-94305b860063","local_time":"20190319174341","is_ascension_mode":true,"campfire_choices":[{"data":"Die Die Die","floor":6,"key":"SMITH"},{"data":"Backflip","floor":8,"key":"SMITH"},{"data":"Flying Knee","floor":13,"key":"SMITH"},{"data":"Caltrops","floor":15,"key":"SMITH"},{"data":"Envenom","floor":23,"key":"SMITH"},{"data":"Noxious Fumes","floor":27,"key":"SMITH"},{"data":"Crippling Poison","floor":32,"key":"SMITH"}],"neow_cost":"NONE","seed_source_timestamp":24781441258736,"circlet_count":0,"master_deck":["AscendersBane","Defend_G","Defend_G","Defend_G","Defend_G","Strike_G","Survivor","Neutralize+1","PiercingWail+1","Sucker Punch+1","Cloak And Dagger+1","Flying Knee+1","Heel Hook","Die Die Die+1","PiercingWail","Infinite Blades","Backflip+1","Deflect","Caltrops+1","Envenom+1","Poisoned Stab","Deadly Poison","Poisoned Stab","Noxious Fumes+1","Backflip","Caltrops+1","Dagger Spray","Crippling Poison+1"],"relics":["Astrolabe","PreservedInsect","Dodecahedron","Strawberry","Coffee Dripper","Vajra","Frozen Egg 2","Meat on the Bone","Bronze Scales","Red Mask"],"potions_floor_usage":[16,16,18,24,31,33],"damage_taken":[{"damage":0,"enemies":"Jaw Worm","floor":1,"turns":3},{"damage":0,"enemies":"2 Louse","floor":3,"turns":3},{"damage":0,"enemies":"Small Slimes","floor":4,"turns":3},{"damage":17,"enemies":"Lagavulin","floor":7,"turns":9},{"damage":4,"enemies":"3 Sentries","floor":11,"turns":4},{"damage":0,"enemies":"3 Louse","floor":14,"turns":2},{"damage":31,"enemies":"The Guardian","floor":16,"turns":12},{"damage":7,"enemies":"2 Thieves","floor":18,"turns":5},{"damage":0,"enemies":"3 Byrds","floor":20,"turns":3},{"damage":3,"enemies":"Snake Plant","floor":24,"turns":4},{"damage":7,"enemies":"Gremlin Leader","floor":25,"turns":7},{"damage":9,"enemies":"Centurion and Healer","floor":28,"turns":6},{"damage":24,"enemies":"Shelled Parasite and Fungi","floor":29,"turns":7},{"damage":24,"enemies":"Book of Stabbing","floor":30,"turns":5},{"damage":4,"enemies":"Masked Bandits","floor":31,"turns":3},{"damage":27,"enemies":"Collector","floor":33,"turns":6}],"seed_played":"7975635890790658800","potions_obtained":[{"floor":7,"key":"SpeedPotion"},{"floor":14,"key":"Regen Potion"},{"floor":16,"key":"Weak Potion"},{"floor":18,"key":"SkillPotion"},{"floor":20,"key":"Strength Potion"},{"floor":29,"key":"Ancient Potion"}],"is_trial":false,"path_per_floor":["M","?","M","M","$","R","E","R","T","?","E","?","R","M","R","B",null,"M","?","M","?","$","R","M","E","T","R","M","M","E","?","R","B"],"character_chosen":"THE_SILENT","items_purchased":["PiercingWail","Infinite Blades","Noxious Fumes"],"campfire_rested":0,"item_purchase_floors":[5,5,22],"current_hp_per_floor":[59,59,59,59,59,59,42,42,42,31,34,39,39,39,39,23,64,57,57,57,57,57,57,54,47,47,47,50,38,26,34,34,7],"gold":222,"neow_bonus":"BOSS_RELIC","is_prod":false,"is_daily":false,"chose_seed":false,"campfire_upgraded":7,"win_rate":0,"timestamp":1553042621,"path_taken":["M","?","M","M","$","R","E","R","T","?","E","?","R","M","R","BOSS","M","?","?","?","?","R","M","E","T","R","M","M","E","?","R","BOSS"],"build_version":"2019-03-15","purchased_purges":1,"victory":false,"max_hp_per_floor":[66,66,66,66,66,66,66,66,66,66,73,78,78,78,78,78,78,78,78,78,78,78,78,78,78,78,78,78,78,78,78,78,78],"card_choices":[{"not_picked":["Deflect","Bane"],"picked":"Flying Knee","floor":1},{"not_picked":["Dagger Throw","Bane"],"picked":"Heel Hook","floor":3},{"not_picked":["Backstab","Setup"],"picked":"Die Die Die","floor":4},{"not_picked":["Choke","Flying Knee"],"picked":"Backflip","floor":7},{"not_picked":["Cloak And Dagger","Dagger Spray"],"picked":"Deflect","floor":11},{"not_picked":["Flechettes","Backflip"],"picked":"Caltrops","floor":14},{"not_picked":["Night Terror","Adrenaline"],"picked":"Envenom","floor":16},{"not_picked":["Backstab","Slice"],"picked":"Poisoned Stab","floor":18},{"not_picked":["Backstab","Deadly Poison"],"picked":"Poisoned Stab","floor":20},{"not_picked":["Deadly Poison","Bane"],"picked":"Backflip","floor":24},{"not_picked":["Dagger Spray","Sucker Punch","Deflect"],"picked":"SKIP","floor":25},{"not_picked":["Dagger Throw","Underhanded Strike+1","Sucker Punch"],"picked":"SKIP","floor":28},{"not_picked":["Unload","Poisoned Stab"],"picked":"Caltrops+1","floor":29},{"not_picked":["All Out Attack","Night Terror"],"picked":"Dagger Spray","floor":30},{"not_picked":["Skewer","Sucker Punch"],"picked":"Crippling Poison","floor":31}],"player_experience":1324107,"relics_obtained":[{"floor":7,"key":"PreservedInsect"},{"floor":9,"key":"Dodecahedron"},{"floor":11,"key":"Strawberry"},{"floor":25,"key":"Frozen Egg 2"},{"floor":26,"key":"Meat on the Bone"},{"floor":30,"key":"Bronze Scales"},{"floor":31,"key":"Red Mask"}],"event_choices":[{"damage_healed":0,"gold_gain":0,"player_choice":"Grow","damage_taken":0,"max_hp_gain":0,"max_hp_loss":0,"event_name":"Living Wall","floor":2,"gold_loss":0,"cards_upgraded":["Neutralize"]},{"damage_healed":0,"gold_gain":75,"player_choice":"Gather Gold","damage_taken":11,"max_hp_gain":0,"max_hp_loss":0,"event_name":"World of Goop","floor":10,"gold_loss":0},{"damage_healed":0,"gold_gain":0,"player_choice":"Donut","damage_taken":0,"max_hp_gain":5,"max_hp_loss":0,"event_name":"Big Fish","floor":12,"gold_loss":0},{"damage_healed":0,"gold_gain":0,"cards_transformed":["Strike_G"],"player_choice":"Transformed","damage_taken":0,"max_hp_gain":0,"max_hp_loss":0,"event_name":"Transmorgrifier","floor":19,"gold_loss":0,"cards_obtained":["Deadly Poison"]},{"damage_healed":0,"gold_gain":0,"player_choice":"Obtained Relic","damage_taken":0,"relics_obtained":["Vajra"],"max_hp_gain":0,"max_hp_loss":0,"event_name":"Addict","floor":21,"gold_loss":85},{"damage_healed":0,"gold_gain":0,"player_choice":"Fought Bandits","damage_taken":0,"max_hp_gain":0,"max_hp_loss":0,"event_name":"Masked Bandits","floor":31,"gold_loss":0}],"is_beta":true,"boss_relics":[{"not_picked":["Snecko Eye","WristBlade"],"picked":"Coffee Dripper"}],"items_purged_floors":[22],"is_endless":false,"potions_floor_spawned":[7,14,16,18,20,29],"killed_by":"Collector","ascension_level":20}