{"gold_per_floor":[114,124,124,124,1,1,12,12,82,101,116,116,149,224,224,295,295,295,295,295,18,18,18,18,18,18,18,18,18,18,18,18,18,18,18,18,18,18,18,18,18,18,18,18,18,18,18,18,18,18],"floor_reached":51,"playtime":4991,"items_purged":["Strike_G"],"score":1300,"play_id":"22dfd679-63ab-4543-a52d-73c9060da319","local_time":"20190825091526","is_ascension_mode":true,"campfire_choices":[{"floor":6.0,"key":"REST"},{"data":"Neutralize","floor":12.0,"key":"SMITH"},{"floor":15.0,"key":"REST"},{"data":"Catalyst","floor":23.0,"key":"SMITH"},{"floor":32.0,"key":"REST"},{"floor":40.0,"key":"REST"},{"floor":47.0,"key":"REST"},{"floor":49.0,"key":"REST"}],"neow_cost":"PERCENT_DAMAGE","seed_source_timestamp":78108572533922,"circlet_count":0,"master_deck":["AscendersBane","Strike_G","Strike_G","Strike_G+1","Defend_G","Defend_G","Defend_G","Defend_G","Defend_G","Survivor","Neutralize+1","Heel Hook+1","Well Laid Plans","Terror","Quick Slash","Heel Hook","Night Terror","Dodge and Roll+1","PiercingWail","Deadly Poison","Sucker Punch","Catalyst+1","Blur","Die Die Die","Caltrops","Noxious Fumes","Crippling Poison","Leg Sweep","Venomology","Bouncing Flask","Poisoned Stab+1","Well Laid Plans","After Image","Writhe","Dodge and Roll+1","Backstab","Caltrops"],"special_seed":0,"relics":["Ring of the Snake","Thread and Needle","Dodecahedron","Blue Candle","Bottled Flame","Ectoplasm","Sling","Anchor","Bronze Scales","Potion Belt","Cursed Key","Tingsha","Ninja Scroll"],"potions_floor_usage":[50,50,50],"damage_taken":[{"damage":0.0,"enemies":"Small Slimes","floor":1.0,"turns":4.0},{"damage":0.0,"enemies":"Jaw Worm","floor":2.0,"turns":4.0},{"damage":0.0,"enemies":"2 Louse","floor":7.0,"turns":2.0},{"damage":1.0,"enemies":"2 Fungi Beasts","floor":10.0,"turns":3.0},{"damage":0.0,"enemies":"Exordium Wildlife","floor":11.0,"turns":2.0},{"damage":5.0,"enemies":"Gremlin Nob","floor":13.0,"turns":3.0},{"damage":4.0,"enemies":"The Guardian","floor":16.0,"turns":11.0},{"damage":3.0,"enemies":"3 Byrds","floor":18.0,"turns":6.0},{"damage":0.0,"enemies":"Chosen","floor":20.0,"turns":4.0},{"damage":5.0,"enemies":"Centurion and Healer","floor":22.0,"turns":7.0},{"damage":12.0,"enemies":"Slavers","floor":24.0,"turns":6.0},{"damage":0.0,"enemies":"Snake Plant","floor":25.0,"turns":5.0},{"damage":1.0,"enemies":"Book of Stabbing","floor":27.0,"turns":5.0},{"damage":0.0,"enemies":"Snecko","floor":28.0,"turns":4.0},{"damage":0.0,"enemies":"Shelled Parasite and Fungi","floor":29.0,"turns":5.0},{"damage":28.0,"enemies":"Sentry and Sphere","floor":30.0,"turns":6.0},{"damage":0.0,"enemies":"Snecko","floor":31.0,"turns":4.0},{"damage":0.0,"enemies":"Automaton","floor":33.0,"turns":3.0},{"damage":33.0,"enemies":"3 Darklings","floor":35.0,"turns":7.0},{"damage":0.0,"enemies":"3 Shapes","floor":36.0,"turns":4.0},{"damage":2.0,"enemies":"Jaw Worm Horde","floor":37.0,"turns":6.0},{"damage":13.0,"enemies":"Sphere and 2 Shapes","floor":39.0,"turns":5.0},{"damage":19.0,"enemies":"Nemesis","floor":41.0,"turns":7.0},{"damage":4.0,"enemies":"Writhing Mass","floor":44.0,"turns":6.0},{"damage":1.0,"enemies":"Jaw Worm Horde","floor":45.0,"turns":4.0},{"damage":3.0,"enemies":"Transient","floor":48.0,"turns":5.0},{"damage":33,"enemies":"Time Eater","floor":50,"turns":10}],"seed_played":"8204342578214585024","potions_obtained":[{"floor":1.0,"key":"SteroidPotion"},{"floor":13.0,"key":"LiquidBronze"},{"floor":20.0,"key":"GhostInAJar"},{"floor":24.0,"key":"Energy Potion"},{"floor":25.0,"key":"FearPotion"},{"floor":29.0,"key":"PowerPotion"},{"floor":30.0,"key":"GhostInAJar"},{"floor":36.0,"key":"Dexterity Potion"},{"floor":39.0,"key":"AttackPotion"},{"floor":44.0,"key":"Explosive Potion"},{"floor":48.0,"key":"AttackPotion"}],"is_trial":false,"path_per_floor":["M","M","?","?","$","R","M","?","T","M","M","R","E","?","R","B",null,"M","?","M","$","M","R","E","M","T","E","M","M","M","M","R","B",null,"M","M","M","$","M","R","E","?","T","M","M","$","R","M","R","B",null],"character_chosen":"THE_SILENT","items_purchased":["Strength Potion","Sling","Deadly Poison","Sucker Punch"],"campfire_rested":6,"item_purchase_floors":[5,21,21,21],"current_hp_per_floor":[44,44,31,24,24,43,43,43,43,42,42,42,37,26,45,41,60,57,57,57,57,52,52,40,40,40,39,39,39,11,11,30,30,57,24,24,22,22,9,28,9,9,9,5,4,4,23,20,39,6],"gold":18,"neow_bonus":"ONE_RARE_RELIC","is_prod":false,"is_daily":false,"chose_seed":false,"campfire_upgraded":2,"win_rate":0,"timestamp":1566749726,"path_taken":["M","M","?","?","$","R","M","?","T","M","M","R","E","?","R","BOSS","M","?","M","$","M","R","E","M","T","E","?","M","M","M","R","BOSS","M","?","M","?","M","R","E","?","T","M","M","$","R","M","R","BOSS"],"build_version":"2019-07-17","purchased_purges":1,"victory":true,"max_hp_per_floor":[66,66,66,66,66,66,66,66,66,66,66,66,66,66,66,66,66,66,66,66,66,66,66,66,66,66,66,66,66,66,66,66,66,66,66,66,66,66,66,66,66,66,66,66,66,66,66,66,66,66],"card_choices":[{"not_picked":["Crippling Poison","Blade Dance"],"picked":"Dagger Spray","floor":1.0},{"not_picked":["Bane","Tactician"],"picked":"Heel Hook","floor":2.0},{"not_picked":["Setup","Endless Agony"],"picked":"Well Laid Plans","floor":7.0},{"not_picked":["All Out Attack","Riddle With Holes"],"picked":"Terror","floor":10.0},{"not_picked":["Acrobatics","Blade Dance"],"picked":"Quick Slash","floor":11.0},{"not_picked":["Deflect","Acrobatics"],"picked":"Heel Hook","floor":13.0},{"not_picked":["Glass Knife","Wraith Form v2"],"picked":"Night Terror","floor":16.0},{"not_picked":["Tactician","Eviscerate"],"picked":"Dodge and Roll+1","floor":18.0},{"not_picked":["Caltrops","Heel Hook"],"picked":"PiercingWail","floor":20.0},{"not_picked":["Accuracy","Dodge and Roll"],"picked":"Catalyst","floor":22.0},{"not_picked":["Dagger Spray","Outmaneuver"],"picked":"Blur","floor":24.0},{"not_picked":["Deadly Poison","Dodge and Roll+1"],"picked":"Die Die Die","floor":25.0},{"not_picked":["Distraction","Flying Knee","Slice+1"],"picked":"SKIP","floor":27.0},{"not_picked":["Bane","Blade Dance"],"picked":"Caltrops","floor":28.0},{"not_picked":["Footwork","Poisoned Stab"],"picked":"Noxious Fumes","floor":29.0},{"not_picked":["Heel Hook+1","Prepared+1"],"picked":"Crippling Poison","floor":30.0},{"not_picked":["Underhanded Strike","Backflip"],"picked":"Leg Sweep","floor":31.0},{"not_picked":["Grand Finale","Bullet Time"],"picked":"Venomology","floor":33.0},{"not_picked":["Endless Agony","Flying Knee"],"picked":"Bouncing Flask","floor":35.0},{"not_picked":["Distraction","Sucker Punch+1","Finisher+1"],"picked":"SKIP","floor":36.0},{"not_picked":["Infinite Blades","Acrobatics"],"picked":"Poisoned Stab+1","floor":37.0},{"not_picked":["Leg Sweep+1","Poisoned Stab"],"picked":"Well Laid Plans","floor":39.0},{"not_picked":["Riddle With Holes+1","All Out Attack"],"picked":"After Image","floor":41.0},{"not_picked":["Caltrops","Poisoned Stab+1"],"picked":"Dodge and Roll+1","floor":44.0},{"not_picked":["Blade Dance+1","Reflex"],"picked":"Backstab","floor":45.0},{"not_picked":["Cloak And Dagger","Masterful Stab"],"picked":"Caltrops","floor":48.0}],"player_experience":709057,"relics_obtained":[{"floor":9.0,"key":"Blue Candle"},{"floor":13.0,"key":"Bottled Flame"},{"floor":24.0,"key":"Anchor"},{"floor":26.0,"key":"Bronze Scales"},{"floor":27.0,"key":"Potion Belt"},{"floor":41.0,"key":"Tingsha"},{"floor":43.0,"key":"Ninja Scroll"}],"event_choices":[{"damage_healed":0.0,"max_hp_gain":0.0,"max_hp_loss":0.0,"gold_gain":0.0,"event_name":"Shining Light","player_choice":"Entered Light","floor":3.0,"gold_loss":0.0,"damage_taken":13.0,"cards_upgraded":["Strike_G","Heel Hook"]},{"cards_removed":["Strike_G"],"damage_healed":0.0,"max_hp_gain":0.0,"max_hp_loss":0.0,"gold_gain":0.0,"event_name":"Golden Wing","player_choice":"Card Removal","floor":4.0,"gold_loss":0.0,"damage_taken":7.0},{"damage_healed":0.0,"max_hp_gain":0.0,"max_hp_loss":0.0,"gold_gain":0.0,"event_name":"Big Fish","player_choice":"Box","floor":8.0,"gold_loss":0.0,"damage_taken":0.0,"relics_obtained":["Dodecahedron"],"cards_obtained":["Regret"]},{"damage_healed":0.0,"max_hp_gain":0.0,"max_hp_loss":0.0,"gold_gain":75.0,"event_name":"World of Goop","player_choice":"Gather Gold","floor":14.0,"gold_loss":0.0,"damage_taken":11.0},{"cards_removed":["Regret"],"damage_healed":0.0,"max_hp_gain":0.0,"max_hp_loss":0.0,"gold_gain":0.0,"event_name":"Purifier","player_choice":"Purged","floor":19.0,"gold_loss":0.0,"damage_taken":0.0},{"cards_removed":["Dagger Spray"],"damage_healed":0.0,"max_hp_gain":0.0,"max_hp_loss":0.0,"gold_gain":0.0,"event_name":"Falling","player_choice":"Removed Attack","floor":42.0,"gold_loss":0.0,"damage_taken":0.0}],"is_beta":false,"boss_relics":[{"not_picked":["Snecko Eye","Pandora\u0027s Box"],"picked":"Ectoplasm"},{"not_picked":["Busted Crown","Fusion Hammer"],"picked":"Cursed Key"}],"items_purged_floors":[5],"is_endless":false,"potions_floor_spawned":[1,7,13,20,24,25,29,30,36,39,44,48],"ascension_level":14}