{"gold_per_floor":[114,27,47,66,85,85,119,119,119,131,56,70,97,110,110,213,213,227,256,181,192,206,241,241,258,281,393,434,466,117,127,127,127],"floor_reached":33,"playtime":2232,"items_purged":["Strike_R","Strike_R"],"score":301,"play_id":"675f15e7-017d-4d52-9a68-e535f2daf421","local_time":"20190615213119","is_ascension_mode":false,"campfire_choices":[{"floor":6.0,"key":"RECALL"},{"data":"Uppercut","floor":8.0,"key":"SMITH"},{"data":"Whirlwind","floor":15.0,"key":"SMITH"},{"floor":24.0,"key":"REST"},{"floor":32.0,"key":"REST"}],"neow_cost":"NONE","seed_source_timestamp":0,"circlet_count":0,"master_deck":["Defend_R","Defend_R","Defend_R","Defend_R","Bash+1","Armaments","Metallicize","Iron Wave","Uppercut+1","Whirlwind+1","Reaper","Anger","Impervious","Rampage","Entrench+1","Ghostly Armor","Impervious","Master of Strategy","Inflame"],"special_seed":0,"relics":["Burning Blood","Calipers","Question Card","PreservedInsect","Empty Cage","Red Mask","Anchor","MawBank","WingedGreaves","Sundial","Matryoshka"],"potions_floor_usage":[],"damage_taken":[{"damage":8.0,"enemies":"Jaw Worm","floor":1.0,"turns":3.0},{"damage":6.0,"enemies":"Cultist","floor":3.0,"turns":3.0},{"damage":3.0,"enemies":"2 Louse","floor":4.0,"turns":3.0},{"damage":11.0,"enemies":"Looter","floor":5.0,"turns":4.0},{"damage":17.0,"enemies":"3 Sentries","floor":7.0,"turns":14.0},{"damage":1.0,"enemies":"Blue Slaver","floor":10.0,"turns":4.0},{"damage":16.0,"enemies":"Exordium Thugs","floor":12.0,"turns":4.0},{"damage":12.0,"enemies":"Lagavulin","floor":13.0,"turns":9.0},{"damage":6.0,"enemies":"Looter","floor":14.0,"turns":3.0},{"damage":47.0,"enemies":"Slime Boss","floor":16.0,"turns":8.0},{"damage":13.0,"enemies":"Spheric Guardian","floor":18.0,"turns":6.0},{"damage":31.0,"enemies":"Masked Bandits","floor":19.0,"turns":5.0},{"damage":19.0,"enemies":"Chosen","floor":21.0,"turns":6.0},{"damage":15.0,"enemies":"Snake Plant","floor":22.0,"turns":7.0},{"damage":12.0,"enemies":"Gremlin Leader","floor":23.0,"turns":5.0},{"damage":26.0,"enemies":"Shelled Parasite and Fungi","floor":25.0,"turns":10.0},{"damage":7.0,"enemies":"Colosseum Slavers","floor":27.0,"turns":7.0},{"damage":14.0,"enemies":"Colosseum Nobs","floor":27.0,"turns":6.0},{"damage":5.0,"enemies":"Slavers","floor":28.0,"turns":3.0},{"damage":12.0,"enemies":"Snecko","floor":29.0,"turns":5.0},{"damage":30.0,"enemies":"Cultist and Chosen","floor":31.0,"turns":10.0},{"damage":76,"enemies":"Champ","floor":33,"turns":12}],"seed_played":"-5849378887732710303","potions_obtained":[{"floor":3.0,"key":"Weak Potion"},{"floor":4.0,"key":"Fruit Juice"},{"floor":5.0,"key":"EssenceOfSteel"},{"floor":16.0,"key":"FairyPotion"},{"floor":19.0,"key":"EssenceOfSteel"},{"floor":21.0,"key":"Strength Potion"},{"floor":25.0,"key":"SkillPotion"},{"floor":27.0,"key":"BloodPotion"}],"is_trial":false,"path_per_floor":["M","?","M","M","M","R","E","R","T","M","$","M","E","M","R","B",null,"M","?","?","M","M","E","R","M","T","?","E","M","$","M","R","B"],"character_chosen":"IRONCLAD","items_purchased":["Impervious","Master of Strategy"],"campfire_rested":2,"item_purchase_floors":[30,30],"current_hp_per_floor":[78,78,78,85,80,80,69,69,69,74,74,64,58,58,58,26,85,78,53,53,46,37,31,56,36,36,45,54,48,48,24,49,0],"gold":127,"neow_bonus":"UPGRADE_CARD","is_prod":false,"is_daily":false,"chose_seed":false,"campfire_upgraded":2,"win_rate":0,"timestamp":1560652279,"path_taken":["M","?","M","M","?","R","E","R","T","M","?","M","E","M","R","BOSS","M","?","?","M","M","E","R","M","T","?","E","M","$","M","R","BOSS"],"build_version":"2019-01-23","purchased_purges":2,"victory":false,"max_hp_per_floor":[80,80,80,85,85,85,85,85,85,85,85,85,85,85,85,85,85,85,85,85,85,85,85,85,85,85,85,85,85,85,85,85,85],"card_choices":[{"not_picked":["True Grit","Bloodletting","Evolve"],"picked":"SKIP","floor":1.0},{"not_picked":["Thunderclap","Pummel"],"picked":"Armaments","floor":3.0},{"not_picked":["Perfected Strike","Shockwave"],"picked":"Metallicize","floor":4.0},{"not_picked":["Anger","Havoc"],"picked":"Iron Wave","floor":5.0},{"not_picked":["Iron Wave","Heavy Blade"],"picked":"Uppercut","floor":7.0},{"not_picked":["Wild Strike","Heavy Blade","Flex"],"picked":"Whirlwind","floor":10.0},{"not_picked":["Sword Boomerang","Dual Wield","Headbutt"],"picked":"Reaper","floor":12.0},{"not_picked":["Pommel Strike","Reckless Charge","Flex","Sword Boomerang"],"picked":"SKIP","floor":13.0},{"not_picked":["Reaper","Combust","Sever Soul"],"picked":"Anger","floor":14.0},{"not_picked":["Dark Embrace","Reaper","Juggernaut"],"picked":"Impervious","floor":16.0},{"not_picked":["Burning Pact","Shockwave+1","Clash+1"],"picked":"Rampage","floor":18.0},{"not_picked":["Sentinel","Anger+1","Rage"],"picked":"Entrench+1","floor":21.0},{"not_picked":["Clash","Thunderclap","Pommel Strike","Entrench"],"picked":"SKIP","floor":22.0},{"not_picked":["Iron Wave","Havoc","Corruption+1","Rupture"],"picked":"SKIP","floor":23.0},{"not_picked":["Wild Strike","True Grit","Barricade","Intimidate+1"],"picked":"SKIP","floor":25.0},{"not_picked":["Rage","Power Through","Uppercut"],"picked":"Ghostly Armor","floor":27.0},{"not_picked":["True Grit","Iron Wave","Heavy Blade","Sword Boomerang"],"picked":"SKIP","floor":28.0},{"not_picked":["True Grit","Clash","Iron Wave","Wild Strike+1"],"picked":"SKIP","floor":29.0},{"not_picked":["Twin Strike","Blood for Blood","Heavy Blade+1"],"picked":"Inflame","floor":31.0}],"player_experience":821679,"relics_obtained":[{"floor":7.0,"key":"Question Card"},{"floor":13.0,"key":"PreservedInsect"},{"floor":19.0,"key":"Red Mask"},{"floor":23.0,"key":"Anchor"},{"floor":26.0,"key":"MawBank"},{"floor":27.0,"key":"WingedGreaves"},{"floor":27.0,"key":"Sundial"},{"floor":28.0,"key":"Matryoshka"}],"event_choices":[{"damage_healed":0.0,"max_hp_gain":0.0,"max_hp_loss":0.0,"gold_gain":0.0,"event_name":"WeMeetAgain","player_choice":"Paid Gold","floor":2.0,"gold_loss":87.0,"damage_taken":0.0,"relics_obtained":["Calipers"]},{"damage_healed":0.0,"max_hp_gain":0.0,"max_hp_loss":0.0,"gold_gain":0.0,"event_name":"Masked Bandits","player_choice":"Fought Bandits","floor":19.0,"gold_loss":0.0,"damage_taken":0.0},{"cards_removed":["Strike_R"],"damage_healed":0.0,"max_hp_gain":0.0,"max_hp_loss":0.0,"gold_gain":0.0,"event_name":"Beggar","player_choice":"Gave Gold","floor":20.0,"gold_loss":75.0,"damage_taken":0.0},{"damage_healed":0.0,"max_hp_gain":0.0,"max_hp_loss":0.0,"gold_gain":0.0,"event_name":"Colosseum","player_choice":"Fight","floor":27.0,"gold_loss":0.0,"damage_taken":0.0},{"damage_healed":0.0,"max_hp_gain":0.0,"max_hp_loss":0.0,"gold_gain":0.0,"event_name":"Colosseum","player_choice":"Fought Nobs","floor":27.0,"gold_loss":0.0,"damage_taken":0.0}],"is_beta":false,"boss_relics":[{"not_picked":["Runic Dome","Runic Cube"],"picked":"Empty Cage"}],"items_purged_floors":[11,30],"is_endless":false,"potions_floor_spawned":[3,4,5,12,16,19,21,22,25,27],"killed_by":"Champ","ascension_level":0}