{"gold_per_floor":[114,114,124,141,36,36,36,36,66,27,1,13,13,32,32,32],"floor_reached":16,"playtime":307,"items_purged":[],"score":158,"play_id":"725d9169-8b48-4351-8a8a-29611089ab40","local_time":"20180708230727","is_ascension_mode":true,"campfire_choices":[{"data":"Defragment","floor":6,"key":"SMITH"},{"data":"Streamline","floor":8,"key":"SMITH"},{"data":"Hologram","floor":13,"key":"SMITH"},{"data":"Defragment","floor":15,"key":"SMITH"}],"neow_cost":"NONE","seed_source_timestamp":93776501972834,"circlet_count":0,"master_deck":["Strike_B","Strike_B","Strike_B","Defend_B","Defend_B","Defend_B","Zap","Dualcast","AscendersBane","Streamline+1","Gash","Electrodynamics","Defragment+1","Glacier","Heatsinks","Defragment+1","Hologram+1","Self Repair","Conserve Battery"],"relics":["White Beast Statue","Tiny Chest"],"potions_floor_usage":[4,12,14],"damage_taken":[{"damage":18,"enemies":"Small Slimes","floor":1,"turns":4},{"damage":1,"enemies":"Cultist","floor":3,"turns":4},{"damage":7,"enemies":"Jaw Worm","floor":4,"turns":3},{"damage":7,"enemies":"Lots of Slimes","floor":12,"turns":6},{"damage":5,"enemies":"3 Louse","floor":14,"turns":6},{"damage":33,"enemies":"Slime Boss","floor":16,"turns":3}],"seed_played":"-953766337708429229","potions_obtained":[{"floor":1,"key":"FocusPotion"},{"floor":3,"key":"Explosive Potion"},{"floor":4,"key":"Strength Potion"},{"floor":12,"key":"Explosive Potion"},{"floor":14,"key":"Strength Potion"}],"is_trial":false,"path_per_floor":["M","?","M","M","$","R","?","R","T","$","$","M","R","M","R"],"character_chosen":"DEFECT","items_purchased":["Defragment","Glacier","Defragment","Hologram"],"campfire_rested":0,"item_purchase_floors":[5,5,10,11],"current_hp_per_floor":[46,46,45,38,38,38,38,38,38,38,38,31,31,33,33,0],"gold":32,"neow_bonus":"BOSS_RELIC","is_prod":false,"is_daily":false,"chose_seed":false,"campfire_upgraded":4,"win_rate":0,"timestamp":1531116447,"path_taken":["M","?","?","M","$","R","?","R","T","?","$","M","R","?","R","BOSS"],"build_version":"2018-07-05","purchased_purges":0,"victory":false,"max_hp_per_floor":[71,71,71,71,71,71,71,71,71,71,71,71,71,71,71,71],"card_choices":[{"not_picked":["Steam","Go for the Eyes"],"picked":"Streamline","floor":1},{"not_picked":["Rebound","Consume"],"picked":"Gash","floor":3},{"not_picked":["Sweeping Beam","Steam"],"picked":"Electrodynamics","floor":4},{"not_picked":["Chill","Gash"],"picked":"Self Repair","floor":12},{"not_picked":["Streamline","Redo"],"picked":"Conserve Battery","floor":14}],"player_experience":530328,"relics_obtained":[{"floor":9,"key":"Tiny Chest"}],"event_choices":[{"event_name":"Bonfire Elementals","player_choice":"BASIC","floor":2,"damage_taken":0},{"event_name":"Transmorgrifier","player_choice":"Transform","floor":7,"damage_taken":0}],"boss_relics":[],"items_purged_floors":[],"is_endless":false,"potions_floor_spawned":[1,3,4,12,14],"killed_by":"Slime Boss","ascension_level":15}