{"gold_per_floor":[116,26,41,116,47,47,76,76,76,76,226,237,237,237,237,314,314,326,376,22,0,18,18,33,45,45,45,45,45,45,55,55,129,129,146,146,71,71],"floor_reached":38,"playtime":1324,"items_purged":["Strike_G"],"score":644,"play_id":"1017824d-a188-432c-b3ad-cbd2de9c96a1","local_time":"20180808141308","is_ascension_mode":true,"campfire_choices":[{"data":"Neutralize","floor":6,"key":"SMITH"},{"data":"Footwork","floor":10,"key":"SMITH"},{"data":"Night Terror","floor":13,"key":"SMITH"},{"data":"Eviscerate","floor":15,"key":"SMITH"},{"data":"Malaise","floor":23,"key":"SMITH"},{"floor":27,"key":"REST"},{"data":"Expertise","floor":29,"key":"SMITH"},{"floor":32,"key":"REST"}],"neow_cost":"NONE","seed_source_timestamp":787511100700455,"circlet_count":0,"master_deck":["Defend_G","Defend_G","Defend_G","Defend_G","Defend_G","Strike_G","Survivor","Neutralize+1","AscendersBane","Dagger Spray+1","Quick Slash+1","Eviscerate+1","Footwork+1","Footwork+1","Night Terror+1","Doubt","Underhanded Strike","Malaise+1","Endless Agony+1","Infinite Blades+1","Grand Finale+1","Expertise+1","Master of Strategy","Leg Sweep","Acrobatics","Reflex","Adrenaline","Cloak And Dagger","Impatience"],"relics":["HoveringKite","Ninja Scroll","Du-Vu Doll","Astrolabe","Oddly Smooth Stone","Whetstone","Velvet Choker"],"potions_floor_usage":[16,24,25,33],"damage_taken":[{"damage":1,"enemies":"Small Slimes","floor":1,"turns":4},{"damage":0,"enemies":"2 Louse","floor":3,"turns":2},{"damage":29,"enemies":"Gremlin Nob","floor":7,"turns":5},{"damage":4,"enemies":"Jaw Worm","floor":12,"turns":4},{"damage":7,"enemies":"The Guardian","floor":16,"turns":14},{"damage":16,"enemies":"Shell Parasite","floor":18,"turns":5},{"damage":9,"enemies":"Chosen","floor":22,"turns":6},{"damage":1,"enemies":"3 Cultists","floor":24,"turns":5},{"damage":9,"enemies":"Snake Plant","floor":25,"turns":5},{"damage":15,"enemies":"Centurion and Healer","floor":31,"turns":7},{"damage":39,"enemies":"Collector","floor":33,"turns":11},{"damage":5,"enemies":"Orb Walker","floor":35,"turns":4},{"damage":39,"enemies":"3 Darklings","floor":38,"turns":6}],"seed_played":"-4817682549497089441","potions_obtained":[{"floor":3,"key":"Strength Potion"},{"floor":7,"key":"Swift Potion"},{"floor":24,"key":"SkillPotion"},{"floor":31,"key":"Weak Potion"},{"floor":33,"key":"Energy Potion"},{"floor":35,"key":"LiquidBronze"}],"is_trial":false,"path_per_floor":["M","$","M","?","$","R","E","?","T","R","?","M","R","?","R","B",null,"M","?","$","?","M","R","M","M","T","R","?","R","$","M","R","B",null,"M","?","$"],"character_chosen":"THE_SILENT","items_purchased":["Quick Slash","Eviscerate","Footwork","Master of Strategy","Oddly Smooth Stone"],"campfire_rested":2,"item_purchase_floors":[2,2,5,20,20],"current_hp_per_floor":[58,58,58,47,47,47,18,40,40,40,40,36,36,36,36,29,57,41,41,41,41,32,32,31,22,22,41,41,41,41,26,45,6,51,46,46,46,7],"gold":71,"neow_bonus":"BOSS_RELIC","is_prod":false,"is_daily":false,"chose_seed":false,"campfire_upgraded":6,"win_rate":0,"timestamp":1533762788,"path_taken":["M","$","M","?","$","R","E","?","T","R","?","?","R","?","R","BOSS","M","?","$","?","M","R","?","?","T","R","?","R","$","M","R","BOSS","M","?","$","M"],"build_version":"2018-08-07v3","purchased_purges":1,"victory":false,"max_hp_per_floor":[66,66,66,66,66,66,66,66,66,66,66,66,66,66,66,66,66,66,66,66,66,66,66,66,66,66,66,66,66,66,66,66,66,66,66,66,66,66],"card_choices":[{"not_picked":["Calculated Gamble","Dodge and Roll"],"picked":"Dagger Spray","floor":1},{"not_picked":["Prepared","Acrobatics"],"picked":"Footwork","floor":3},{"not_picked":["Heel Hook","Distraction"],"picked":"Night Terror","floor":7},{"not_picked":["Slice","Deflect"],"picked":"Underhanded Strike","floor":12},{"not_picked":["Phantasmal Killer","Unload"],"picked":"Malaise","floor":16},{"not_picked":["Riddle With Holes","Masterful Stab"],"picked":"Expertise","floor":18},{"not_picked":["Outmaneuver","Well Laid Plans"],"picked":"Leg Sweep","floor":24},{"not_picked":["Slice","Accuracy"],"picked":"Acrobatics","floor":25},{"not_picked":["Bane","Concentrate"],"picked":"Reflex","floor":31},{"not_picked":["Malaise","Tools of the Trade"],"picked":"Adrenaline","floor":33},{"not_picked":["Dagger Throw","Setup+1"],"picked":"Cloak And Dagger","floor":35},{"not_picked":["Enlightenment","Flash of Steel"],"picked":"Impatience","floor":36}],"player_experience":763442,"relics_obtained":[{"floor":7,"key":"Ninja Scroll"},{"floor":9,"key":"Du-Vu Doll"},{"floor":26,"key":"Whetstone"}],"event_choices":[{"event_name":"World of Goop","player_choice":"Gather Gold","floor":4,"damage_taken":0},{"event_name":"Big Fish","player_choice":"Banana","floor":8,"damage_taken":0},{"event_name":"Liars Game","player_choice":"agreed","floor":11,"damage_taken":0},{"event_name":"Upgrade Shrine","player_choice":"Upgraded","floor":14,"damage_taken":0},{"event_name":"Nest","player_choice":"Stole From Cult","floor":19,"damage_taken":0},{"event_name":"Masked Bandits","player_choice":"Paid Fearfully","floor":21,"damage_taken":0},{"event_name":"Addict","player_choice":"Ignored","floor":28,"damage_taken":0},{"event_name":"SensoryStone","player_choice":"Memory 1","floor":36,"damage_taken":0}],"is_beta":true,"boss_relics":[{"not_picked":["Busted Crown","Fusion Hammer"],"picked":"Astrolabe"},{"not_picked":["Empty Cage","Philosopher\u0027s Stone"],"picked":"Velvet Choker"}],"items_purged_floors":[37],"is_endless":false,"potions_floor_spawned":[3,7,12,24,31,33,35],"killed_by":"3 Darklings","ascension_level":15}