{"gold_per_floor":[114,114,125,200,211,211,229,242,266,280,280,290,290,303,303,303],"floor_reached":16,"playtime":406,"items_purged":[],"score":168,"play_id":"d629182d-7f5e-4450-8308-c48e2e02e9c5","local_time":"20180709223346","is_ascension_mode":true,"campfire_choices":[{"data":"Neutralize","floor":6,"key":"SMITH"},{"data":"Cloak And Dagger","floor":11,"key":"SMITH"},{"floor":15,"key":"REST"}],"neow_cost":"NONE","seed_source_timestamp":148440041130597,"circlet_count":0,"master_deck":["Defend_G","Defend_G","Defend_G","Defend_G","Defend_G","Strike_G","Strike_G","Strike_G","Strike_G","Strike_G","Survivor","Neutralize+1","AscendersBane","Cloak And Dagger+1","Endless Agony","Cloak And Dagger","Infinite Blades","Backflip","Bouncing Flask","Quick Slash","Cloak And Dagger"],"relics":["Black Star","Pantograph","Orichalcum","Smiling Mask"],"potions_floor_usage":[8,14,14],"damage_taken":[{"damage":1,"enemies":"Cultist","floor":1,"turns":5},{"damage":1,"enemies":"Small Slimes","floor":3,"turns":4},{"damage":0,"enemies":"2 Louse","floor":5,"turns":3},{"damage":2,"enemies":"Exordium Wildlife","floor":7,"turns":6},{"damage":9,"enemies":"Lots of Slimes","floor":8,"turns":5},{"damage":1,"enemies":"Blue Slaver","floor":10,"turns":6},{"damage":17,"enemies":"3 Louse","floor":12,"turns":4},{"damage":14,"enemies":"Exordium Thugs","floor":14,"turns":5},{"damage":0,"enemies":"Slime Boss","floor":16,"turns":1}],"seed_played":"-59191453097160611","potions_obtained":[{"floor":1,"key":"GamblersBrew"},{"floor":3,"key":"Strength Potion"},{"floor":10,"key":"Strength Potion"}],"is_trial":false,"path_per_floor":["M","T","M","?","M","R","M","M","T","M","R","M","T","M","R"],"character_chosen":"THE_SILENT","items_purchased":[],"campfire_rested":1,"item_purchase_floors":[],"current_hp_per_floor":[58,58,57,46,46,46,44,35,35,34,34,17,17,3,22,47],"gold":303,"neow_bonus":"BOSS_RELIC","is_prod":false,"is_daily":false,"chose_seed":false,"campfire_upgraded":2,"win_rate":0,"timestamp":1531200826,"path_taken":["M","?","M","?","M","R","M","M","T","M","R","?","?","M","R","BOSS"],"build_version":"2018-07-05","purchased_purges":0,"victory":false,"max_hp_per_floor":[66,66,66,66,66,66,66,66,66,66,66,66,66,66,66,66],"card_choices":[{"not_picked":["Skewer","Prepared"],"picked":"Cloak And Dagger","floor":1},{"not_picked":["Dodge and Roll","Underhanded Strike"],"picked":"Endless Agony","floor":3},{"not_picked":["Prepared","Predator"],"picked":"Cloak And Dagger","floor":5},{"not_picked":["Underhanded Strike","Dodge and Roll"],"picked":"Infinite Blades","floor":7},{"not_picked":["Wraith Form v2","Sucker Punch"],"picked":"Backflip","floor":8},{"not_picked":["Well Laid Plans","Bane"],"picked":"Bouncing Flask","floor":10},{"not_picked":["Accuracy","Skewer"],"picked":"Quick Slash","floor":12},{"not_picked":["Skewer","Crippling Poison"],"picked":"Cloak And Dagger","floor":14}],"player_experience":559181,"relics_obtained":[{"floor":2,"key":"Pantograph"},{"floor":9,"key":"Orichalcum"},{"floor":13,"key":"Smiling Mask"}],"event_choices":[{"event_name":"World of Goop","player_choice":"Gather Gold","floor":4,"damage_taken":0}],"boss_relics":[],"items_purged_floors":[],"is_endless":false,"potions_floor_spawned":[1,3,10],"killed_by":"Slime Boss","ascension_level":15}