{"gold_per_floor":[112,262,281,147,147,147,159,159,185,11,37,65,65,77,77,151,151,169,7,7],"floor_reached":20,"playtime":288,"items_purged":["Doubt"],"score":440,"play_id":"53d39d4d-4bd7-4c87-ab29-60debf735e54","local_time":"20190202034305","is_ascension_mode":true,"campfire_choices":[{"data":"Whirlwind","floor":6,"key":"SMITH"},{"data":"Discovery","floor":15,"key":"SMITH"}],"neow_cost":"NONE","seed_source_timestamp":28754414641898,"circlet_count":0,"master_deck":["AscendersBane","Strike_R","Strike_R+1","Strike_R","Strike_R","Strike_R","Defend_R","Defend_R","Defend_R","Defend_R","Bash","Whirlwind+1","Wild Strike","Shrug It Off","Evolve+1","Discovery+1","Clothesline","Flex","Immolate","Clash","Flame Barrier","Exhume","Perfected Strike+1"],"relics":["Burning Blood","NeowsBlessing","Blue Candle","Smiling Mask","Odd Mushroom","Dream Catcher","Bottled Tornado","Mark of Pain","Bag of Preparation"],"potions_floor_usage":[16],"damage_taken":[{"damage":0,"enemies":"Small Slimes","floor":1,"turns":1},{"damage":0,"enemies":"2 Louse","floor":3,"turns":1},{"damage":0,"enemies":"Cultist","floor":7,"turns":1},{"damage":16,"enemies":"The Mushroom Lair","floor":11,"turns":4},{"damage":40,"enemies":"Gremlin Nob","floor":12,"turns":4},{"damage":0,"enemies":"3 Louse","floor":14,"turns":1},{"damage":0,"enemies":"Slime Boss","floor":16,"turns":5},{"damage":21,"enemies":"2 Thieves","floor":18,"turns":4},{"damage":0,"enemies":"Shell Parasite","floor":20,"turns":2}],"seed_played":"-8525618293637128073","potions_obtained":[{"floor":1,"key":"SpeedPotion"},{"floor":12,"key":"PowerPotion"},{"floor":18,"key":"GamblersBrew"}],"is_trial":false,"path_per_floor":["M","?","M","$","?","R","M","?","T","$","?","E","T","M","R","B",null,"M","$","M"],"character_chosen":"IRONCLAD","items_purchased":["Shrug It Off","Discovery","Clothesline","Flex","Bag of Preparation"],"campfire_rested":0,"item_purchase_floors":[4,10,10,10,19],"current_hp_per_floor":[74,74,75,75,70,70,75,52,52,52,42,8,8,14,14,20,61,46,46,46],"gold":7,"neow_bonus":"THREE_ENEMY_KILL","is_prod":false,"is_daily":false,"chose_seed":false,"campfire_upgraded":2,"win_rate":0,"timestamp":1549107785,"path_taken":["M","?","M","$","?","R","M","?","T","$","?","E","?","M","R","BOSS","M","$","M"],"build_version":"2019-01-23","purchased_purges":1,"victory":false,"max_hp_per_floor":[75,75,75,75,75,75,75,75,75,75,75,75,75,75,75,75,75,75,75,75],"card_choices":[{"not_picked":["Pommel Strike","Burning Pact"],"picked":"Whirlwind","floor":1},{"not_picked":["Pommel Strike","Heavy Blade"],"picked":"Wild Strike","floor":3},{"not_picked":["Second Wind","Anger"],"picked":"Evolve","floor":7},{"not_picked":["Clash","True Grit"],"picked":"Immolate","floor":11},{"not_picked":["Flex","Barricade"],"picked":"Clash","floor":12},{"not_picked":["Thunderclap","Pommel Strike"],"picked":"Flame Barrier","floor":14},{"not_picked":["Berserk","Fiend Fire"],"picked":"Exhume","floor":16},{"not_picked":["Thunderclap","Twin Strike"],"picked":"Perfected Strike+1","floor":18}],"player_experience":1094292,"relics_obtained":[{"floor":9,"key":"Smiling Mask"},{"floor":11,"key":"Odd Mushroom"},{"floor":12,"key":"Dream Catcher"},{"floor":13,"key":"Bottled Tornado"}],"event_choices":[{"damage_healed":0,"gold_gain":150,"player_choice":"AGREE","damage_taken":0,"max_hp_gain":0,"max_hp_loss":0,"event_name":"Liars Game","floor":2,"gold_loss":0,"cards_obtained":["Doubt"]},{"damage_healed":0,"gold_gain":0,"player_choice":"Success","damage_taken":5,"relics_obtained":["Blue Candle"],"max_hp_gain":0,"max_hp_loss":0,"event_name":"Scrap Ooze","floor":5,"gold_loss":0},{"damage_healed":0,"gold_gain":0,"player_choice":"Entered Light","damage_taken":23,"max_hp_gain":0,"max_hp_loss":0,"event_name":"Shining Light","floor":8,"gold_loss":0,"cards_upgraded":["Strike_R","Evolve"]},{"damage_healed":0,"gold_gain":0,"player_choice":"Fought Mushrooms","damage_taken":0,"max_hp_gain":0,"max_hp_loss":0,"event_name":"Mushrooms","floor":11,"gold_loss":0}],"is_beta":true,"boss_relics":[{"not_picked":["Lizard Tail","Black Star"],"picked":"Mark of Pain"}],"items_purged_floors":[4],"is_endless":false,"potions_floor_spawned":[1,12,14,18],"killed_by":"Shell Parasite","ascension_level":20}