{"gold_per_floor":[117,133,151,162,174,199,199,199],"floor_reached":8,"playtime":258,"items_purged":[],"score":120,"play_id":"af53b240-8326-4284-8d26-421bf9156fed","local_time":"20190117102811","is_ascension_mode":true,"campfire_choices":[],"neow_cost":"NONE","seed_source_timestamp":0,"circlet_count":0,"master_deck":["AscendersBane","Strike_B","Strike_B","Strike_B","Strike_B","Defend_B","Defend_B","Defend_B","Defend_B","Zap","Dualcast","White Noise","Cold Snap","Go for the Eyes","Coolheaded","Hologram","Rainbow","Parasite"],"special_seed":0,"relics":["Cracked Core","NeowsBlessing","Thread and Needle"],"potions_floor_usage":[5,6,6],"damage_taken":[{"damage":0.0,"enemies":"2 Louse","floor":1.0,"turns":1.0},{"damage":0.0,"enemies":"Small Slimes","floor":2.0,"turns":1.0},{"damage":0.0,"enemies":"Cultist","floor":3.0,"turns":1.0},{"damage":6.0,"enemies":"Looter","floor":4.0,"turns":3.0},{"damage":7,"enemies":"Red Slaver","floor":5,"turns":3},{"damage":15,"enemies":"3 Sentries","floor":6,"turns":10},{"damage":0,"enemies":"Gremlin Nob","floor":8,"turns":3}],"seed_played":"-1106120508532838311","potions_obtained":[{"floor":2.0,"key":"SteroidPotion"},{"floor":4.0,"key":"SkillPotion"},{"floor":5,"key":"Energy Potion"}],"is_trial":false,"path_per_floor":["M","M","M","M","M","E","?","E"],"character_chosen":"DEFECT","items_purchased":[],"campfire_rested":0,"item_purchase_floors":[],"current_hp_per_floor":[64,64,64,58,51,36,53,53],"gold":199,"neow_bonus":"THREE_ENEMY_KILL","is_prod":false,"is_daily":false,"chose_seed":false,"campfire_upgraded":0,"win_rate":0,"timestamp":1547749691,"path_taken":["M","M","M","M","M","E","?","E"],"build_version":"2019-01-16","purchased_purges":0,"victory":false,"max_hp_per_floor":[71,71,71,71,71,71,71,71],"card_choices":[{"not_picked":["Go for the Eyes","Static Discharge"],"picked":"White Noise","floor":1.0},{"not_picked":["Scrape","Ball Lightning"],"picked":"Cold Snap","floor":2.0},{"not_picked":["Gash","Static Discharge"],"picked":"Go for the Eyes","floor":3.0},{"not_picked":["Genetic Algorithm","Conserve Battery"],"picked":"Coolheaded","floor":4.0},{"not_picked":["Aggregate","Coolheaded"],"picked":"Hologram","floor":5},{"not_picked":["Stack","Auto Shields"],"picked":"Rainbow","floor":6}],"player_experience":1025911,"relics_obtained":[{"floor":6,"key":"Thread and Needle"}],"event_choices":[{"damage_healed":17,"gold_gain":0,"player_choice":"Healed and dodged fight","damage_taken":0,"max_hp_gain":0,"max_hp_loss":0,"event_name":"Mushrooms","floor":7,"gold_loss":0,"cards_obtained":["Parasite"]}],"is_beta":true,"boss_relics":[],"items_purged_floors":[],"is_endless":false,"potions_floor_spawned":[2,4,5],"killed_by":"Gremlin Nob","ascension_level":20}