{"gold_per_floor":[115,40,51,66,78,110,110,10,37,37,56,56,89,105,105,209,209,223,233,308,323,56,70,99,99,99,109,135,135,166,184,184,281,281,296,103,117,131,141,141,141,141,190,190,37,37,37,69,69,69],"floor_reached":51,"playtime":2805,"items_purged":["Strike_B","Defend_B"],"score":822,"play_id":"ea4b3555-4542-4456-8cf0-72247dee9fdf","local_time":"20190629234313","is_ascension_mode":false,"campfire_choices":[{"data":"Dualcast","floor":7.0,"key":"SMITH"},{"data":"Zap","floor":10.0,"key":"SMITH"},{"data":"Scrape","floor":12.0,"key":"SMITH"},{"floor":15.0,"key":"REST"},{"data":"Go for the Eyes","floor":25.0,"key":"SMITH"},{"floor":32.0,"key":"REST"},{"data":"Go for the Eyes","floor":40.0,"key":"SMITH"},{"data":"Reinforced Body","floor":42.0,"key":"SMITH"},{"data":"Conserve Battery","floor":44.0,"key":"SMITH"},{"data":"Metamorphosis","floor":47.0,"key":"SMITH"},{"floor":49.0,"key":"REST"}],"neow_cost":"NONE","seed_source_timestamp":352059759750100,"circlet_count":0,"master_deck":["Strike_B","Defend_B","Defend_B","Zap+1","Dualcast+1","Reinforced Body+1","Leap","Go for the Eyes+1","FTL","Scrape+1","Steam","Seek","Self Repair","Conserve Battery+1","Gash","Scrape+1","Go for the Eyes+1","Coolheaded+1","Gash","Hologram","Stack+1","All For One","All For One","Streamline+1","Metamorphosis+1","Stack+1"],"special_seed":0,"relics":["Cracked Core","Omamori","Orichalcum","Bag of Marbles","Cursed Key","Shuriken","Ancient Tea Set","Pear","Bronze Scales","Happy Flower","Empty Cage","DollysMirror","Regal Pillow","Pen Nib"],"potions_floor_usage":[50,50,50],"damage_taken":[{"damage":1.0,"enemies":"Cultist","floor":1.0,"turns":3.0},{"damage":0.0,"enemies":"2 Louse","floor":3.0,"turns":2.0},{"damage":1.0,"enemies":"Jaw Worm","floor":4.0,"turns":4.0},{"damage":11.0,"enemies":"Gremlin Gang","floor":5.0,"turns":5.0},{"damage":48.0,"enemies":"Gremlin Nob","floor":6.0,"turns":6.0},{"damage":0.0,"enemies":"2 Fungi Beasts","floor":11.0,"turns":3.0},{"damage":11.0,"enemies":"Lagavulin","floor":13.0,"turns":5.0},{"damage":1.0,"enemies":"Exordium Wildlife","floor":14.0,"turns":4.0},{"damage":0.0,"enemies":"Hexaghost","floor":16.0,"turns":8.0},{"damage":0.0,"enemies":"Chosen","floor":18.0,"turns":4.0},{"damage":5.0,"enemies":"Spheric Guardian","floor":19.0,"turns":4.0},{"damage":24.0,"enemies":"Cultist and Chosen","floor":21.0,"turns":7.0},{"damage":8.0,"enemies":"Centurion and Healer","floor":23.0,"turns":6.0},{"damage":26.0,"enemies":"Gremlin Leader","floor":24.0,"turns":6.0},{"damage":3.0,"enemies":"Snecko","floor":27.0,"turns":5.0},{"damage":27.0,"enemies":"Slavers","floor":28.0,"turns":7.0},{"damage":11.0,"enemies":"Gremlin Leader","floor":30.0,"turns":4.0},{"damage":16.0,"enemies":"3 Cultists","floor":31.0,"turns":5.0},{"damage":6.0,"enemies":"Champ","floor":33.0,"turns":9.0},{"damage":18.0,"enemies":"3 Darklings","floor":35.0,"turns":4.0},{"damage":1.0,"enemies":"Orb Walker","floor":37.0,"turns":2.0},{"damage":0.0,"enemies":"Maw","floor":38.0,"turns":6.0},{"damage":8.0,"enemies":"4 Shapes","floor":39.0,"turns":4.0},{"damage":0.0,"enemies":"Giant Head","floor":48.0,"turns":4.0},{"damage":45,"enemies":"Time Eater","floor":50,"turns":6}],"seed_played":"-5490869537992944976","potions_obtained":[{"floor":1.0,"key":"Fire Potion"},{"floor":4.0,"key":"Energy Potion"},{"floor":5.0,"key":"Energy Potion"},{"floor":13.0,"key":"AttackPotion"},{"floor":18.0,"key":"PowerPotion"},{"floor":27.0,"key":"Weak Potion"},{"floor":30.0,"key":"FocusPotion"},{"floor":31.0,"key":"AttackPotion"},{"floor":48.0,"key":"Regen Potion"}],"is_trial":false,"path_per_floor":["M","$","M","M","M","E","R","$","T","R","M","R","E","M","R","B",null,"M","M","?","M","$","M","E","R","T","M","E","?","E","M","R","B",null,"M","$","M","M","M","R","?","R","T","R","$","?","R","E","R","B",null],"character_chosen":"DEFECT","items_purchased":["Gash","Shuriken","DollysMirror","LiquidBronze","LiquidBronze"],"campfire_rested":3,"item_purchase_floors":[22,22,36,45,45],"current_hp_per_floor":[81,81,81,80,69,21,21,21,21,21,21,21,10,9,33,33,82,82,77,69,52,52,51,32,32,42,46,26,26,22,13,40,41,92,81,81,80,80,72,72,72,72,72,72,72,62,62,69,92,63],"gold":69,"neow_bonus":"TEN_PERCENT_HP_BONUS","is_prod":false,"is_daily":false,"chose_seed":false,"campfire_upgraded":8,"win_rate":0.0,"timestamp":1561869793,"path_taken":["M","$","M","M","M","E","R","?","T","R","?","R","E","M","R","BOSS","M","M","?","?","?","M","E","R","T","M","E","?","E","M","R","BOSS","M","$","M","?","M","R","?","R","T","R","$","?","R","E","R","BOSS"],"build_version":"2019-01-23","purchased_purges":2,"victory":true,"max_hp_per_floor":[82,82,82,82,82,82,82,82,82,82,82,82,82,82,82,82,82,82,82,82,82,82,82,82,82,92,92,92,92,92,92,92,92,92,92,92,92,92,92,92,92,92,92,92,92,92,92,92,92,92],"card_choices":[{"not_picked":["Steam Power","Hologram"],"picked":"Reinforced Body","floor":1.0},{"not_picked":["Steam","Lockon"],"picked":"Leap","floor":3.0},{"not_picked":["Barrage","Aggregate"],"picked":"Go for the Eyes","floor":4.0},{"not_picked":["Ball Lightning","Cold Snap","Glacier"],"picked":"SKIP","floor":5.0},{"not_picked":["Beam Cell","Storm"],"picked":"FTL","floor":6.0},{"not_picked":["Compile Driver","Barrage"],"picked":"Scrape","floor":11.0},{"not_picked":["Loop","Glacier"],"picked":"Steam","floor":13.0},{"not_picked":["Skim","Redo","Reinforced Body"],"picked":"SKIP","floor":14.0},{"not_picked":["Reboot","Creative AI"],"picked":"Seek","floor":16.0},{"not_picked":["Go for the Eyes","Lockon"],"picked":"Self Repair","floor":18.0},{"not_picked":["Genetic Algorithm","Double Energy"],"picked":"Conserve Battery","floor":19.0},{"not_picked":["Storm","Redo","Sweeping Beam"],"picked":"SKIP","floor":21.0},{"not_picked":["Conserve Battery","Redo"],"picked":"Scrape+1","floor":23.0},{"not_picked":["Redo+1","Compile Driver"],"picked":"Go for the Eyes","floor":24.0},{"not_picked":["Ball Lightning","Genetic Algorithm"],"picked":"Coolheaded+1","floor":27.0},{"not_picked":["Static Discharge","Tempest","Reinforced Body"],"picked":"SKIP","floor":28.0},{"not_picked":["Multi-Cast","Barrage"],"picked":"Hologram","floor":30.0},{"not_picked":["Melter","Glacier"],"picked":"Stack+1","floor":31.0},{"not_picked":["Creative AI","Electrodynamics"],"picked":"All For One","floor":33.0},{"not_picked":["Go for the Eyes+1","Steam","Chaos"],"picked":"SKIP","floor":35.0},{"not_picked":["White Noise","Barrage"],"picked":"Streamline+1","floor":37.0},{"not_picked":["Darkness+1","Streamline+1","White Noise+1"],"picked":"SKIP","floor":38.0},{"not_picked":["Cold Snap","Streamline","Redo"],"picked":"SKIP","floor":39.0},{"not_picked":["HandOfGreed","Magnetism"],"picked":"Metamorphosis","floor":46.0},{"not_picked":["Hologram","Blizzard+1"],"picked":"Stack+1","floor":48.0}],"player_experience":9291,"relics_obtained":[{"floor":6.0,"key":"Omamori"},{"floor":9.0,"key":"Orichalcum"},{"floor":13.0,"key":"Bag of Marbles"},{"floor":24.0,"key":"Ancient Tea Set"},{"floor":26.0,"key":"Pear"},{"floor":28.0,"key":"Bronze Scales"},{"floor":30.0,"key":"Happy Flower"},{"floor":43.0,"key":"Regal Pillow"},{"floor":48.0,"key":"Pen Nib"}],"event_choices":[{"damage_healed":0.0,"max_hp_gain":0.0,"max_hp_loss":0.0,"gold_gain":75.0,"event_name":"FaceTrader","player_choice":"Touch","floor":20.0,"gold_loss":0.0,"damage_taken":8.0},{"damage_healed":0.0,"max_hp_gain":0.0,"max_hp_loss":0.0,"gold_gain":0.0,"event_name":"Duplicator","player_choice":"Copied","floor":29.0,"gold_loss":0.0,"damage_taken":0.0,"cards_obtained":["Gash"]},{"cards_removed":["Strike_B"],"damage_healed":0.0,"max_hp_gain":0.0,"max_hp_loss":0.0,"gold_gain":0.0,"event_name":"Falling","player_choice":"Removed Attack","floor":41.0,"gold_loss":0.0,"damage_taken":0.0},{"damage_healed":0.0,"max_hp_gain":0.0,"max_hp_loss":0.0,"gold_gain":0.0,"event_name":"SensoryStone","player_choice":"Memory 3","floor":46.0,"gold_loss":0.0,"damage_taken":10.0}],"is_beta":false,"boss_relics":[{"not_picked":["Black Star","Tiny House"],"picked":"Cursed Key"},{"not_picked":["Philosopher\u0027s Stone","FrozenCore"],"picked":"Empty Cage"}],"items_purged_floors":[2,8],"is_endless":false,"potions_floor_spawned":[1,4,5,13,18,27,30,31,48],"ascension_level":0}