{"gold_per_floor":[118,118,143,166,166,166,207,207,255,255,100,119,153,171,171,264,264,287,287,301,31,31,74,74,105,132,132,165,165,186,17,17,116,116,132,132,147,172,172,213,231,231,309,434,55,78,78,353,353,353,353,353,353,56,56],"floor_reached":55,"playtime":2787,"items_purged":["Shame","Normality","Regret"],"score":1972,"play_id":"9f54a38d-ed8e-4e40-a256-a8e3d7856ff9","local_time":"20190101150725","is_ascension_mode":true,"campfire_choices":[{"data":"Riddle With Holes","floor":6.0,"key":"SMITH"},{"data":"Predator","floor":8.0,"key":"SMITH"},{"floor":10.0,"key":"REST"},{"data":"Glass Knife","floor":15.0,"key":"SMITH"},{"data":"Riddle With Holes","floor":24.0,"key":"SMITH"},{"floor":27.0,"key":"REST"},{"floor":32.0,"key":"RECALL"},{"floor":47.0,"key":"REST"},{"floor":49.0,"key":"REST"},{"floor":53.0,"key":"REST"}],"neow_cost":"NONE","seed_source_timestamp":1835839008516612,"circlet_count":0,"master_deck":["AscendersBane","Defend_G+1","Defend_G+1","Defend_G+1","Defend_G+1","Defend_G+1","Strike_G+1","Strike_G+1","Strike_G+1","Strike_G+1","Strike_G+1","Survivor","Neutralize+1","Riddle With Holes+1","Crippling Poison+1","Acrobatics","Predator+1","Blur","Glass Knife+1","Blade Dance","Riddle With Holes+1","Doppelganger","Distraction","All Out Attack","Cloak And Dagger+1","Leg Sweep+1","Blur+1","Leg Sweep","Blur","Infinite Blades","Eviscerate","Calculated Gamble","After Image+1","Footwork+1","Backflip","PiercingWail"],"special_seed":0,"relics":["Cursed Key","Golden Idol","Ancient Tea Set","Vajra","Omamori","Sozu","ClockworkSouvenir","PreservedInsect","Boot","War Paint","Pen Nib","Mummified Hand","Fusion Hammer","Frozen Egg 2","Turnip","Kunai","Bronze Scales"],"potions_floor_usage":[],"damage_taken":[{"damage":0.0,"enemies":"2 Louse","floor":1.0,"turns":4.0},{"damage":0.0,"enemies":"Small Slimes","floor":3.0,"turns":3.0},{"damage":0.0,"enemies":"Cultist","floor":4.0,"turns":4.0},{"damage":42.0,"enemies":"Lagavulin","floor":7.0,"turns":10.0},{"damage":0.0,"enemies":"Blue Slaver","floor":12.0,"turns":2.0},{"damage":0.0,"enemies":"Gremlin Nob","floor":13.0,"turns":3.0},{"damage":6.0,"enemies":"3 Louse","floor":14.0,"turns":3.0},{"damage":8.0,"enemies":"Slime Boss","floor":16.0,"turns":5.0},{"damage":11.0,"enemies":"2 Thieves","floor":18.0,"turns":3.0},{"damage":4.0,"enemies":"Chosen","floor":20.0,"turns":3.0},{"damage":3.0,"enemies":"Gremlin Leader","floor":23.0,"turns":6.0},{"damage":16.0,"enemies":"Book of Stabbing","floor":25.0,"turns":3.0},{"damage":0.0,"enemies":"Gremlin Leader","floor":28.0,"turns":3.0},{"damage":0.0,"enemies":"Snake Plant","floor":30.0,"turns":4.0},{"damage":25.0,"enemies":"Automaton","floor":33.0,"turns":11.0},{"damage":2.0,"enemies":"Orb Walker","floor":35.0,"turns":4.0},{"damage":0.0,"enemies":"3 Shapes","floor":37.0,"turns":8.0},{"damage":17.0,"enemies":"Maw","floor":38.0,"turns":6.0},{"damage":13.0,"enemies":"Nemesis","floor":40.0,"turns":5.0},{"damage":1.0,"enemies":"4 Shapes","floor":41.0,"turns":9.0},{"damage":0.0,"enemies":"Mind Bloom Boss Battle","floor":44.0,"turns":8.0},{"damage":0.0,"enemies":"Writhing Mass","floor":46.0,"turns":8.0},{"damage":5.0,"enemies":"Awakened One","floor":50.0,"turns":26.0},{"damage":44.0,"enemies":"Donu and Deca","floor":51.0,"turns":17.0},{"damage":80,"enemies":"Shield and Spear","floor":55,"turns":3}],"seed_played":"-2639950939673932314","potions_obtained":[{"floor":1.0,"key":"GamblersBrew"},{"floor":3.0,"key":"Energy Potion"},{"floor":7.0,"key":"Block Potion"}],"is_trial":false,"path_per_floor":["M","?","M","M","?","R","E","R","T","R","$","M","E","M","R","B",null,"M","?","M","$","?","E","R","E","T","R","E","?","M","$","R","B",null,"M","?","M","M","$","E","M","?","T","?","$","M","R","?","R","B","B",null,"R","$"],"character_chosen":"THE_SILENT","items_purchased":["Blur","ClockworkSouvenir","All Out Attack","Blur","Infinite Blades","Kunai","Bronze Scales"],"campfire_rested":5,"item_purchase_floors":[11,21,21,31,31,45,54],"current_hp_per_floor":[59,59,59,59,59,59,17,17,17,35,35,35,35,29,29,21,50,39,39,35,35,35,32,32,16,16,34,34,34,34,34,34,9,47,45,45,45,28,28,15,14,14,14,14,14,14,32,32,50,45,1,45,60,60,0],"gold":56,"neow_bonus":"BOSS_RELIC","is_prod":false,"is_daily":false,"chose_seed":false,"campfire_upgraded":4,"win_rate":0,"timestamp":1546384045,"path_taken":["M","?","M","M","?","R","E","R","T","R","$","?","E","M","R","BOSS","M","?","M","$","?","E","R","E","T","R","E","?","?","$","R","BOSS","M","?","M","M","?","E","M","?","T","?","$","?","R","?","R","BOSS","BOSS","R","$","E"],"build_version":"2018-12-25","purchased_purges":3,"victory":false,"max_hp_per_floor":[66,60,60,60,60,60,60,60,60,60,60,60,60,60,60,60,60,60,60,60,60,60,60,60,60,60,60,60,60,60,60,60,60,60,60,60,60,60,60,60,60,60,60,60,60,60,60,60,60,60,60,60,60,60,60],"card_choices":[{"not_picked":["Infinite Blades","Deadly Poison"],"picked":"Riddle With Holes","floor":1.0},{"not_picked":["Infinite Blades","Prepared"],"picked":"Crippling Poison","floor":3.0},{"not_picked":["Concentrate","Eviscerate"],"picked":"Acrobatics","floor":4.0},{"not_picked":["Expertise","Slice"],"picked":"Predator","floor":7.0},{"not_picked":["Flying Knee","Dagger Spray"],"picked":"Glass Knife","floor":12.0},{"not_picked":["Accuracy","Quick Slash"],"picked":"Blade Dance","floor":13.0},{"not_picked":["Escape Plan","Bane"],"picked":"Riddle With Holes","floor":14.0},{"not_picked":["Venomology","Grand Finale"],"picked":"Doppelganger","floor":16.0},{"not_picked":["Outmaneuver","Heel Hook"],"picked":"Distraction","floor":18.0},{"not_picked":["Dagger Spray","Prepared"],"picked":"Cloak And Dagger+1","floor":23.0},{"not_picked":["Deadly Poison","Slice"],"picked":"Leg Sweep","floor":25.0},{"not_picked":["Dodge and Roll","Cloak And Dagger"],"picked":"Blur+1","floor":28.0},{"not_picked":["Prepared","Crippling Poison"],"picked":"Leg Sweep","floor":30.0},{"not_picked":["Grand Finale","Doppelganger"],"picked":"Glass Knife","floor":33.0},{"not_picked":["Backflip","Dagger Spray"],"picked":"Eviscerate","floor":35.0},{"not_picked":["Underhanded Strike","Outmaneuver"],"picked":"Calculated Gamble","floor":37.0},{"not_picked":["Underhanded Strike+1","Tactician"],"picked":"After Image","floor":40.0},{"not_picked":["PiercingWail+1","Cloak And Dagger"],"picked":"Footwork+1","floor":41.0},{"not_picked":["Endless Agony","Heel Hook"],"picked":"Backflip","floor":44.0},{"not_picked":["Infinite Blades+1","Prepared"],"picked":"PiercingWail","floor":46.0}],"player_experience":1007253,"relics_obtained":[{"floor":7.0,"key":"Ancient Tea Set"},{"floor":9.0,"key":"Vajra"},{"floor":13.0,"key":"Omamori"},{"floor":23.0,"key":"Boot"},{"floor":25.0,"key":"War Paint"},{"floor":26.0,"key":"Pen Nib"},{"floor":28.0,"key":"Mummified Hand"},{"floor":40.0,"key":"Frozen Egg 2"},{"floor":44.0,"key":"Turnip"}],"event_choices":[{"damage_healed":0.0,"max_hp_gain":0.0,"max_hp_loss":6.0,"gold_gain":0.0,"event_name":"Golden Idol","player_choice":"Lose Max HP","floor":2.0,"gold_loss":0.0,"damage_taken":0.0,"relics_obtained":["Golden Idol"]},{"damage_healed":0.0,"max_hp_gain":0.0,"max_hp_loss":0.0,"gold_gain":0.0,"event_name":"Upgrade Shrine","player_choice":"Upgraded","floor":5.0,"gold_loss":0.0,"damage_taken":0.0,"cards_upgraded":["Neutralize"]},{"damage_healed":0.0,"max_hp_gain":0.0,"max_hp_loss":0.0,"gold_gain":0.0,"event_name":"Back to Basics","player_choice":"Simplicity","floor":19.0,"gold_loss":0.0,"damage_taken":0.0,"cards_upgraded":["Defend_G","Defend_G","Defend_G","Defend_G","Defend_G","Strike_G","Strike_G","Strike_G","Strike_G","Strike_G"]},{"damage_healed":0.0,"max_hp_gain":0.0,"max_hp_loss":0.0,"gold_gain":0.0,"event_name":"Addict","player_choice":"Stole Relic","floor":22.0,"gold_loss":0.0,"damage_taken":0.0,"relics_obtained":["PreservedInsect"],"cards_obtained":["Shame"]},{"damage_healed":0.0,"max_hp_gain":0.0,"max_hp_loss":0.0,"gold_gain":0.0,"event_name":"Ghosts","player_choice":"Ignored","floor":29.0,"gold_loss":0.0,"damage_taken":0.0},{"damage_healed":0.0,"max_hp_gain":0.0,"max_hp_loss":0.0,"gold_gain":0.0,"event_name":"Lab","player_choice":"Got Potions","floor":36.0,"gold_loss":0.0,"damage_taken":0.0},{"cards_removed":["Glass Knife"],"damage_healed":0.0,"max_hp_gain":0.0,"max_hp_loss":0.0,"gold_gain":0.0,"event_name":"Falling","player_choice":"Removed Attack","floor":42.0,"gold_loss":0.0,"damage_taken":0.0},{"damage_healed":0.0,"max_hp_gain":0.0,"max_hp_loss":0.0,"gold_gain":0.0,"event_name":"MindBloom","player_choice":"Fight","floor":44.0,"gold_loss":0.0,"damage_taken":0.0},{"damage_healed":0.0,"max_hp_gain":0.0,"max_hp_loss":0.0,"gold_gain":275.0,"event_name":"Golden Shrine","player_choice":"Desecrate","floor":48.0,"gold_loss":0.0,"damage_taken":0.0,"cards_obtained":["Regret"]}],"is_beta":true,"boss_relics":[{"not_picked":["Black Star","Busted Crown"],"picked":"Sozu"},{"not_picked":["Runic Pyramid","Velvet Choker"],"picked":"Fusion Hammer"}],"items_purged_floors":[11,45,54],"is_endless":false,"potions_floor_spawned":[1,3,7,13,14,25,30,33,35,38,41,44],"killed_by":"Shield and Spear","ascension_level":20}