{"path_per_floor":["M","M","?","M","?","R","T","R","T","E","R","?","R","M","R","B",null,"M","?","M","M","$","R","M","M","T","?","R","$","M","T","R"],"character_chosen":"IRONCLAD","items_purchased":["Armaments","Shrug It Off"],"gold_per_floor":[118,131,91,101,101,101,101,101,126,157,157,157,157,170,170,266,266,278,178,193,207,132,132,146,160,160,85,85,12,26,101,101],"floor_reached":33,"campfire_rested":1,"playtime":3058,"current_hp_per_floor":[80,80,80,80,80,80,80,80,80,82,82,82,82,80,80,23,90,90,90,73,82,82,88,71,57,57,57,63,63,53,53,88],"items_purged":["Strike_R"],"gold":101,"score":245,"play_id":"bb167f0c-d2f3-4a52-a97f-638189e5c1c8","is_prod":false,"is_daily":false,"is_ascension_mode":false,"campfire_upgraded":4,"path_taken":["M","M","?","M","?","R","?","R","T","E","R","?","R","M","R","BOSS","M","?","M","?","$","R","M","M","T","?","R","?","?","?","R","BOSS"],"build_version":"2018-02-22-PROD2","purchased_purges":1,"victory":false,"master_deck":["Strike_R","Strike_R","Strike_R+1","Defend_R","Defend_R","Defend_R","Defend_R","Bash+1","Inflame+1","Flex","Cleave+1","Impervious","Body Slam+1","J.A.X.","Body Slam+1","Pommel Strike+1","Headbutt","Armaments","Shrug It Off","Inflame+1"],"max_hp_per_floor":[80,80,80,80,80,80,80,80,80,90,90,90,90,90,90,90,90,90,90,90,90,90,90,90,90,90,90,90,90,90,90,90],"relics":["Burning Blood","NeowsBlessing","Girya","Whetstone","Pear","Eternal Feather","Omamori","Self Forming Clay"],"card_choices":[{"not_picked":["Pommel Strike","Reckless Charge"],"picked":"Inflame"},{"not_picked":["Battle Trance","Thunderclap"],"picked":"Flex"},{"not_picked":["Sever Soul","Twin Strike"],"picked":"Cleave"},{"not_picked":["Uppercut","Infernal Blade"],"picked":"Body Slam"},{"not_picked":["Blood for Blood","Thunderclap"],"picked":"Body Slam"},{"not_picked":["Whirlwind","Heavy Blade"],"picked":"Pommel Strike"},{"not_picked":["Carnage","Twin Strike"],"picked":"Headbutt"},{"not_picked":["Shockwave","Iron Wave"],"picked":"Inflame"}],"player_experience":38280,"potions_floor_usage":[16,16,18,21,30],"damage_taken":[{"damage":0,"enemies":"2 Louse","floor":1,"turns":1},{"damage":0,"enemies":"Cultist","floor":2,"turns":1},{"damage":0,"enemies":"Jaw Worm","floor":4,"turns":1},{"damage":14,"enemies":"Gremlin Nob","floor":10,"turns":3},{"damage":8,"enemies":"3 Louse","floor":14,"turns":2},{"damage":63,"enemies":"Hexaghost","floor":16,"turns":9},{"damage":5,"enemies":"Chosen","floor":18,"turns":3},{"damage":23,"enemies":"Shell Parasite","floor":20,"turns":4},{"damage":12,"enemies":"Centurion and Healer","floor":21,"turns":6},{"damage":23,"enemies":"3 Cultists","floor":24,"turns":5},{"damage":20,"enemies":"Snecko","floor":25,"turns":4},{"damage":25,"enemies":"Slaver and Parasite","floor":30,"turns":5},{"damage":93,"enemies":"Collector","floor":33,"turns":10}],"event_choices":[{"event_name":"The Woman in Blue","player_choice":"Bought 3 Potions","floor":3,"damage_taken":0},{"event_name":"Match and Keep!","player_choice":"1 cards matched","floor":5,"damage_taken":0},{"event_name":"The Lab","player_choice":"Got Potions","floor":12,"damage_taken":0},{"event_name":"Drug Dealer","player_choice":"Got JAXXED","floor":19,"damage_taken":0},{"event_name":"Beggar","player_choice":"Gave Gold","floor":27,"damage_taken":0}],"boss_relics":[{"not_picked":["Runic Dome","Velvet Choker"],"picked":"Eternal Feather"}],"potions_floor_spawned":[14,20,25],"seed_played":"-6779923400485775894","killed_by":"Collector","ascension_level":0,"is_trial":false}