{"gold_per_floor":[114,114,114,137,137,172,172,23,91,55,90,90,106,144,144,275,275,295,309,14,14,14,14,32,76,100,133,133,133,158,158,158,279,279,297,297,322,1,126,169,169,184,264,264,307,640,654,668,668,668],"floor_reached":51,"playtime":3067,"items_purged":["Strike_G"],"score":814,"play_id":"9a7d7235-f839-42bc-8a23-ce4d7df7c023","local_time":"20190820184714","is_ascension_mode":false,"campfire_choices":[{"data":"Neutralize","floor":7,"key":"SMITH"},{"data":"Accuracy","floor":12,"key":"SMITH"},{"floor":15,"key":"REST"},{"floor":23,"key":"REST"},{"floor":29,"key":"REST"},{"floor":32,"key":"REST"},{"data":"Cloak And Dagger","floor":41,"key":"SMITH"},{"floor":44,"key":"REST"},{"data":"Adrenaline","floor":49,"key":"SMITH"}],"neow_cost":"NONE","seed_source_timestamp":377258857918200,"circlet_count":0,"master_deck":["Strike_G","Strike_G","Strike_G","Defend_G","Defend_G","Defend_G","Defend_G","Defend_G","Survivor","Neutralize+1","Cloak And Dagger+1","Predator","Venomology","Infinite Blades","Blur","Accuracy+1","Escape Plan","Envenom+1","Cloak And Dagger+1","Cloak And Dagger+1","Terror","Well Laid Plans","Adrenaline+1","After Image","Escape Plan","Infinite Blades+1","Infinite Blades+1","Parasite","Blade Dance+1"],"relics":["Ring of the Snake","NeowsBlessing","Mercury Hourglass","WingedGreaves","Gremlin Horn","Juzu Bracelet","Thread and Needle","WristBlade","Bottled Tornado","Red Mask","Regal Pillow","Potion Belt","Lantern","Runic Pyramid","Ornamental Fan","The Specimen","Snake Skull","Pear","Bottled Flame"],"potions_floor_usage":[13,16,16,16,16,16,16,18,24,24,25,27,30,31,33,33,37,40,40,42,45,45,45,45,45,45,50,50,50],"damage_taken":[{"damage":0,"enemies":"Small Slimes","floor":1,"turns":1},{"damage":0,"enemies":"Jaw Worm","floor":4,"turns":1},{"damage":0,"enemies":"3 Sentries","floor":6,"turns":1},{"damage":17,"enemies":"Gremlin Nob","floor":11,"turns":5},{"damage":0,"enemies":"Cultist","floor":13,"turns":3},{"damage":9,"enemies":"3 Sentries","floor":14,"turns":5},{"damage":2,"enemies":"Slime Boss","floor":16,"turns":6},{"damage":26,"enemies":"2 Thieves","floor":18,"turns":3},{"damage":8,"enemies":"3 Byrds","floor":19,"turns":4},{"damage":10,"enemies":"Snake Plant","floor":24,"turns":4},{"damage":11,"enemies":"Masked Bandits","floor":25,"turns":4},{"damage":27,"enemies":"Slavers","floor":27,"turns":5},{"damage":1,"enemies":"Snecko","floor":30,"turns":4},{"damage":14,"enemies":"Colosseum Slavers","floor":31,"turns":5},{"damage":51,"enemies":"Automaton","floor":33,"turns":8},{"damage":8,"enemies":"Orb Walker","floor":35,"turns":4},{"damage":12,"enemies":"3 Darklings","floor":37,"turns":5},{"damage":0,"enemies":"Mind Bloom Boss Battle","floor":39,"turns":4},{"damage":0,"enemies":"Giant Head","floor":40,"turns":8},{"damage":6,"enemies":"Jaw Worm Horde","floor":42,"turns":4},{"damage":0,"enemies":"Reptomancer","floor":45,"turns":4},{"damage":0,"enemies":"Writhing Mass","floor":47,"turns":4},{"damage":9,"enemies":"4 Shapes","floor":48,"turns":3},{"damage":25,"enemies":"Donu and Deca","floor":50,"turns":7}],"seed_played":"5395392731087528259","potions_obtained":[{"floor":14,"key":"SteroidPotion"},{"floor":24,"key":"LiquidBronze"},{"floor":30,"key":"Strength Potion"},{"floor":35,"key":"Weak Potion"},{"floor":37,"key":"EntropicBrew"},{"floor":40,"key":"Ancient Potion"},{"floor":48,"key":"EssenceOfSteel"}],"is_trial":false,"path_per_floor":["M","?","?","M","T","E","R","$","T","$","E","R","M","E","R","B",null,"M","M","$","?","?","R","M","?","T","E","T","R","M","?","R","B",null,"M","?","M","$","?","E","R","M","T","R","E","?","M","M","R","B",null],"character_chosen":"THE_SILENT","items_purchased":["Infinite Blades","Blur","Accuracy","Bottled Tornado","Terror","Ornamental Fan"],"campfire_rested":5,"item_purchase_floors":[8,8,10,20,20,38],"current_hp_per_floor":[70,53,46,46,46,46,46,46,46,46,29,29,29,20,41,39,70,44,36,36,36,36,57,47,36,36,9,9,45,44,30,66,15,70,62,62,50,50,50,50,50,44,54,80,80,80,80,71,71,46],"gold":668,"neow_bonus":"THREE_ENEMY_KILL","is_prod":false,"is_daily":false,"chose_seed":false,"campfire_upgraded":4,"win_rate":0.0,"timestamp":1566352034,"path_taken":["M","?","?","M","?","E","R","$","T","$","E","R","M","E","R","BOSS","M","M","$","?","?","R","M","?","T","E","?","R","M","?","R","BOSS","M","?","M","$","?","E","R","M","T","R","E","?","M","M","R","BOSS"],"build_version":"2019-07-17","purchased_purges":1,"victory":true,"max_hp_per_floor":[70,70,70,70,70,70,70,70,70,70,70,70,70,70,70,70,70,70,70,70,70,70,70,70,70,70,70,70,70,70,70,70,70,70,70,70,70,70,70,70,70,70,80,80,80,80,80,80,80,80],"card_choices":[{"not_picked":["Flying Knee","Dagger Throw"],"picked":"Cloak And Dagger","floor":1},{"not_picked":["Dagger Spray","Deadly Poison"],"picked":"Predator","floor":4},{"not_picked":["All Out Attack","Tactician"],"picked":"Venomology","floor":6},{"not_picked":["Prepared","Poisoned Stab"],"picked":"Escape Plan","floor":11},{"not_picked":["Underhanded Strike","Quick Slash","PiercingWail"],"picked":"SKIP","floor":13},{"not_picked":["Underhanded Strike","Calculated Gamble","Poisoned Stab"],"picked":"SKIP","floor":14},{"not_picked":["Glass Knife","Doppelganger"],"picked":"Envenom","floor":16},{"not_picked":["PiercingWail","Finisher+1"],"picked":"Cloak And Dagger+1","floor":18},{"not_picked":["Tactician","Heel Hook"],"picked":"Cloak And Dagger","floor":19},{"not_picked":["Slice","Acrobatics"],"picked":"Well Laid Plans","floor":24},{"not_picked":["Flying Knee","Sucker Punch+1"],"picked":"Adrenaline","floor":27},{"not_picked":["Underhanded Strike","Bane+1","Calculated Gamble"],"picked":"SKIP","floor":30},{"not_picked":["Unload","Venomology"],"picked":"After Image","floor":33},{"not_picked":["Underhanded Strike+1","Dodge and Roll+1"],"picked":"Escape Plan","floor":35},{"not_picked":["Endless Agony+1","Terror+1"],"picked":"Infinite Blades+1","floor":37},{"not_picked":["Tools of the Trade","Dash","Terror"],"picked":"SKIP","floor":40},{"not_picked":["Dodge and Roll+1","All Out Attack+1","Dagger Throw"],"picked":"SKIP","floor":42},{"not_picked":["Dodge and Roll+1","Cloak And Dagger"],"picked":"Infinite Blades+1","floor":45},{"not_picked":["Endless Agony+1","Wraith Form v2"],"picked":"Blade Dance+1","floor":47},{"not_picked":["Acrobatics+1","Reflex+1","Bouncing Flask+1"],"picked":"SKIP","floor":48}],"player_experience":50680,"relics_obtained":[{"floor":5,"key":"Mercury Hourglass"},{"floor":6,"key":"WingedGreaves"},{"floor":9,"key":"Gremlin Horn"},{"floor":11,"key":"Juzu Bracelet"},{"floor":14,"key":"Thread and Needle"},{"floor":25,"key":"Red Mask"},{"floor":26,"key":"Regal Pillow"},{"floor":27,"key":"Potion Belt"},{"floor":28,"key":"Lantern"},{"floor":39,"key":"The Specimen"},{"floor":40,"key":"Snake Skull"},{"floor":43,"key":"Pear"},{"floor":45,"key":"Bottled Flame"}],"event_choices":[{"damage_healed":0,"gold_gain":0,"player_choice":"Take Damage","damage_taken":17,"relics_obtained":["Golden Idol"],"max_hp_gain":0,"max_hp_loss":0,"event_name":"Golden Idol","floor":2,"gold_loss":0},{"cards_removed":["Strike_G"],"damage_healed":0,"gold_gain":0,"player_choice":"Card Removal","damage_taken":7,"max_hp_gain":0,"max_hp_loss":0,"event_name":"Golden Wing","floor":3,"gold_loss":0},{"damage_healed":0,"gold_gain":0,"player_choice":"Ignored","damage_taken":0,"max_hp_gain":0,"max_hp_loss":0,"event_name":"Ghosts","floor":21,"gold_loss":0},{"damage_healed":0,"gold_gain":0,"player_choice":"Upgraded","damage_taken":0,"max_hp_gain":0,"max_hp_loss":0,"event_name":"Upgrade Shrine","floor":22,"gold_loss":0,"cards_upgraded":["Cloak And Dagger"]},{"damage_healed":0,"gold_gain":0,"player_choice":"Fought Bandits","damage_taken":0,"max_hp_gain":0,"max_hp_loss":0,"event_name":"Masked Bandits","floor":25,"gold_loss":0},{"damage_healed":0,"gold_gain":0,"player_choice":"Fight","damage_taken":0,"max_hp_gain":0,"max_hp_loss":0,"event_name":"Colosseum","floor":31,"gold_loss":0},{"damage_healed":0,"gold_gain":0,"player_choice":"Fled From Nobs","damage_taken":0,"max_hp_gain":0,"max_hp_loss":0,"event_name":"Colosseum","floor":31,"gold_loss":0},{"damage_healed":0,"gold_gain":0,"player_choice":"Forge","damage_taken":0,"max_hp_gain":0,"max_hp_loss":0,"event_name":"Accursed Blacksmith","floor":36,"gold_loss":0,"cards_upgraded":["Envenom"]},{"damage_healed":0,"gold_gain":0,"player_choice":"Fight","damage_taken":0,"max_hp_gain":0,"max_hp_loss":0,"event_name":"MindBloom","floor":39,"gold_loss":0},{"damage_healed":0,"gold_gain":333,"player_choice":"Gave Idol","damage_taken":0,"max_hp_gain":0,"max_hp_loss":0,"event_name":"The Moai Head","floor":46,"relics_lost":["Golden Idol"],"gold_loss":0}],"is_beta":false,"boss_relics":[{"not_picked":["Calling Bell","HoveringKite"],"picked":"WristBlade"},{"not_picked":["Busted Crown","White Beast Statue"],"picked":"Runic Pyramid"}],"items_purged_floors":[38],"is_endless":false,"potions_floor_spawned":[14,24,30,35,37,40,48],"ascension_level":0}