{"gold_per_floor":[110,110,110,125,275,275,275,306,306,329,354,26,65,79,79,175,175,200,200,218,218],"floor_reached":21,"playtime":721,"items_purged":["Doubt"],"score":428,"play_id":"2348eaa9-db89-4658-a4ef-403fa00fb230","local_time":"20190819004126","is_ascension_mode":true,"campfire_choices":[{"data":"Neutralize","floor":6.0,"key":"SMITH"},{"data":"Footwork","floor":15.0,"key":"SMITH"}],"neow_cost":"NONE","seed_source_timestamp":0,"circlet_count":0,"master_deck":["AscendersBane","Strike_G","Strike_G+1","Strike_G+1","Strike_G","Strike_G","Defend_G","Defend_G","Defend_G","Defend_G","Defend_G+1","Survivor","Neutralize+1","Dagger Spray","Poisoned Stab+1","PiercingWail","Footwork+1","Flying Knee","After Image","Blur","Crippling Poison","Backstab","Night Terror","Predator","Endless Agony+1"],"special_seed":0,"relics":["Ring of the Snake","NeowsBlessing","Art of War","Golden Idol","Centennial Puzzle","Whetstone","Vajra","Cursed Key"],"potions_floor_usage":[21],"damage_taken":[{"damage":0.0,"enemies":"Small Slimes","floor":1.0,"turns":1.0},{"damage":0.0,"enemies":"Jaw Worm","floor":4.0,"turns":1.0},{"damage":0.0,"enemies":"Lagavulin","floor":8.0,"turns":1.0},{"damage":0.0,"enemies":"Cultist","floor":10.0,"turns":3.0},{"damage":6.0,"enemies":"Red Slaver","floor":11.0,"turns":4.0},{"damage":2.0,"enemies":"3 Sentries","floor":13.0,"turns":10.0},{"damage":6.0,"enemies":"Exordium Thugs","floor":14.0,"turns":6.0},{"damage":12.0,"enemies":"The Guardian","floor":16.0,"turns":13.0},{"damage":9,"enemies":"Shell Parasite","floor":18,"turns":5},{"damage":1,"enemies":"Spheric Guardian","floor":20,"turns":8},{"damage":1,"enemies":"Cultist and Chosen","floor":21,"turns":3}],"seed_played":"6627120697217114587","potions_obtained":[{"floor":4.0,"key":"Block Potion"},{"floor":8.0,"key":"Weak Potion"},{"floor":14.0,"key":"Fruit Juice"},{"floor":16.0,"key":"Ancient Potion"},{"floor":20,"key":"Strength Potion"}],"is_trial":false,"path_per_floor":["M","?","?","M","?","R","?","E","T","M","M","$","E","M","R","B",null,"M","?","M","M"],"character_chosen":"THE_SILENT","items_purchased":["After Image","Blur"],"campfire_rested":0,"item_purchase_floors":[12,12],"current_hp_per_floor":[59,39,34,34,34,34,34,34,34,34,28,28,26,20,20,13,52,43,43,42,41],"gold":218,"neow_bonus":"THREE_ENEMY_KILL","is_prod":false,"is_daily":false,"chose_seed":false,"campfire_upgraded":2,"win_rate":0,"timestamp":1566200486,"path_taken":["M","?","?","?","?","R","?","E","T","?","M","$","E","M","R","BOSS","M","?","M","?"],"build_version":"2019-07-18","purchased_purges":1,"victory":false,"max_hp_per_floor":[66,66,66,66,66,66,60,60,60,60,60,60,60,60,60,65,65,65,65,65,65],"card_choices":[{"not_picked":["Bane","Outmaneuver"],"picked":"Dagger Spray","floor":1.0},{"not_picked":["Blur","Backflip"],"picked":"Poisoned Stab","floor":4.0},{"not_picked":["Cloak And Dagger","Dagger Spray"],"picked":"PiercingWail","floor":8.0},{"not_picked":["All Out Attack","Deadly Poison"],"picked":"Footwork","floor":10.0},{"not_picked":["Heel Hook","Underhanded Strike"],"picked":"Flying Knee","floor":11.0},{"not_picked":["Poisoned Stab","Concentrate"],"picked":"Crippling Poison","floor":13.0},{"not_picked":["Calculated Gamble","Blade Dance"],"picked":"Backstab","floor":14.0},{"not_picked":["Venomology","Grand Finale"],"picked":"Night Terror","floor":16.0},{"not_picked":["Slice","Quick Slash","Prepared"],"picked":"SKIP","floor":18},{"not_picked":["Dagger Throw","Acrobatics"],"picked":"Endless Agony+1","floor":20}],"player_experience":1411871,"relics_obtained":[{"floor":8.0,"key":"Centennial Puzzle"},{"floor":9.0,"key":"Whetstone"},{"floor":13.0,"key":"Vajra"}],"event_choices":[{"damage_healed":0.0,"max_hp_gain":0.0,"max_hp_loss":0.0,"gold_gain":0.0,"event_name":"Shining Light","player_choice":"Entered Light","floor":2.0,"gold_loss":0.0,"damage_taken":20.0,"cards_upgraded":["Defend_G","Strike_G"]},{"damage_healed":0.0,"max_hp_gain":0.0,"max_hp_loss":0.0,"gold_gain":0.0,"event_name":"Scrap Ooze","player_choice":"Success","floor":3.0,"gold_loss":0.0,"damage_taken":5.0,"relics_obtained":["Art of War"]},{"damage_healed":0.0,"max_hp_gain":0.0,"max_hp_loss":0.0,"gold_gain":150.0,"event_name":"Liars Game","player_choice":"AGREE","floor":5.0,"gold_loss":0.0,"damage_taken":0.0,"cards_obtained":["Doubt"]},{"damage_healed":0.0,"max_hp_gain":0.0,"max_hp_loss":6.0,"gold_gain":0.0,"event_name":"Golden Idol","player_choice":"Lose Max HP","floor":7.0,"gold_loss":0.0,"damage_taken":0.0,"relics_obtained":["Golden Idol"]},{"damage_healed":0,"gold_gain":0,"player_choice":"1 cards matched","damage_taken":0,"max_hp_gain":0,"max_hp_loss":0,"event_name":"Match and Keep!","floor":19,"gold_loss":0,"cards_obtained":["Predator"]}],"is_beta":true,"boss_relics":[{"not_picked":["Empty Cage","Black Star"],"picked":"Cursed Key"}],"items_purged_floors":[12],"is_endless":false,"potions_floor_spawned":[4,8,14,16,20],"killed_by":"Cultist and Chosen","ascension_level":20}