{"gold_per_floor":[169,94,109,121,71,105,29,58,110,110,110,134,134,162,174,186],"floor_reached":16,"playtime":528,"items_purged":["Defend_G"],"score":113,"play_id":"ccabb1f1-20e4-43e8-bb3c-c0a73f6e4e4f","local_time":"20190826034621","is_ascension_mode":true,"campfire_choices":[{"floor":11,"key":"REST"},{"floor":15,"key":"REST"}],"neow_cost":"NONE","seed_source_timestamp":136529803028700,"circlet_count":0,"master_deck":["Strike_G","Strike_G","Strike_G+1","Strike_G","Defend_G","Defend_G","Defend_G","Defend_G","Survivor","Neutralize","Cloak And Dagger","Backflip","Backflip","Accuracy","Escape Plan"],"relics":["Tiny House","Kunai","Centennial Puzzle","Oddly Smooth Stone","Vajra","MawBank"],"potions_floor_usage":[6,8],"damage_taken":[{"damage":6,"enemies":"2 Louse","floor":1,"turns":2},{"damage":5,"enemies":"Jaw Worm","floor":3,"turns":5},{"damage":0,"enemies":"Small Slimes","floor":4,"turns":4},{"damage":33,"enemies":"Lagavulin","floor":6,"turns":7},{"damage":30,"enemies":"Gremlin Nob","floor":8,"turns":6},{"damage":3,"enemies":"Red Slaver","floor":14,"turns":3},{"damage":47,"enemies":"Slime Boss","floor":16,"turns":12}],"seed_played":"858595449357724721","potions_obtained":[{"floor":0,"key":"Poison Potion"},{"floor":3,"key":"Block Potion"},{"floor":6,"key":"SmokeBomb"}],"is_trial":false,"path_per_floor":["M","$","M","M","?","E","$","E","T","?","R","T","?","M","R","B"],"character_chosen":"THE_SILENT","items_purchased":["Accuracy"],"campfire_rested":2,"item_purchase_floors":[7],"current_hp_per_floor":[69,69,64,64,64,31,31,1,1,1,23,23,23,20,42,0],"gold":186,"neow_bonus":"BOSS_RELIC","is_prod":false,"is_daily":false,"chose_seed":false,"campfire_upgraded":0,"win_rate":0,"timestamp":1566816381,"path_taken":["M","$","M","M","?","E","$","E","T","?","R","?","?","M","R","BOSS"],"build_version":"2019-07-17","purchased_purges":1,"victory":false,"max_hp_per_floor":[75,75,75,75,75,75,75,75,75,75,75,75,75,75,75,75],"card_choices":[{"not_picked":["Bane","Flying Knee"],"picked":"Cloak And Dagger","floor":0},{"not_picked":["Sucker Punch","PiercingWail"],"picked":"Backflip","floor":1},{"not_picked":["Deadly Poison","Setup"],"picked":"Backflip","floor":3},{"not_picked":["Phantasmal Killer","Cloak And Dagger","Poisoned Stab"],"picked":"SKIP","floor":4},{"not_picked":["Deflect","Caltrops","Dagger Throw"],"picked":"SKIP","floor":6},{"not_picked":["Concentrate","Heel Hook","Blade Dance"],"picked":"SKIP","floor":8},{"not_picked":["Setup","Wraith Form v2"],"picked":"Escape Plan","floor":14}],"player_experience":102969,"relics_obtained":[{"floor":6,"key":"Kunai"},{"floor":8,"key":"Centennial Puzzle"},{"floor":9,"key":"Oddly Smooth Stone"},{"floor":12,"key":"Vajra"}],"event_choices":[{"cards_removed":["Strike_G"],"damage_healed":0,"gold_gain":0,"player_choice":"Card Removal","damage_taken":0,"max_hp_gain":0,"max_hp_loss":0,"event_name":"The Cleric","floor":5,"gold_loss":50},{"damage_healed":0,"gold_gain":0,"player_choice":"Ignored","damage_taken":0,"max_hp_gain":0,"max_hp_loss":0,"event_name":"Liars Game","floor":10,"gold_loss":0},{"damage_healed":0,"gold_gain":0,"player_choice":"Gave Potion","damage_taken":0,"relics_obtained":["MawBank"],"max_hp_gain":0,"max_hp_loss":0,"event_name":"WeMeetAgain","floor":13,"gold_loss":0}],"is_beta":false,"boss_relics":[],"items_purged_floors":[2],"is_endless":false,"potions_floor_spawned":[3,6],"killed_by":"Slime Boss","ascension_level":1}