{"gold_per_floor":[18,18,29,48,67,67,67,67,92,92,119,45,45,45,45,147,147,136,148,247,264,264],"floor_reached":22,"playtime":1099,"items_purged":[],"score":184,"play_id":"eeb301e6-60d4-4b67-bd88-3957438e1df7","local_time":"20190707203119","is_ascension_mode":false,"campfire_choices":[{"data":"Genetic Algorithm","floor":6,"key":"SMITH"},{"data":"Defragment","floor":10,"key":"SMITH"},{"floor":13,"key":"REST"},{"floor":15,"key":"RECALL"}],"neow_cost":"NO_GOLD","seed_source_timestamp":544063363863670,"circlet_count":0,"master_deck":["Strike_B","Defend_B","Defend_B","Defend_B","Defend_B","Zap","Dualcast","Ball Lightning","Stack","Defragment+1","Buffer","Genetic Algorithm+1","Ball Lightning","Loop","Aggregate","Melter","Echo Form","Rebound","White Noise+1","Recycle"],"relics":["Cracked Core","Strawberry","Vajra","Nunchaku","Nuclear Battery"],"potions_floor_usage":[],"damage_taken":[{"damage":1,"enemies":"Jaw Worm","floor":1,"turns":2},{"damage":8,"enemies":"Small Slimes","floor":3,"turns":3},{"damage":0,"enemies":"2 Louse","floor":4,"turns":4},{"damage":8,"enemies":"2 Fungi Beasts","floor":5,"turns":3},{"damage":25,"enemies":"3 Sentries","floor":11,"turns":6},{"damage":48,"enemies":"The Guardian","floor":16,"turns":10},{"damage":24,"enemies":"2 Thieves","floor":18,"turns":4},{"damage":10,"enemies":"Chosen","floor":19,"turns":4},{"damage":39,"enemies":"Shelled Parasite and Fungi","floor":21,"turns":6},{"damage":9,"enemies":"Centurion and Healer","floor":22,"turns":2}],"seed_played":"-2299954435681279404","potions_obtained":[{"floor":3,"key":"LiquidBronze"},{"floor":11,"key":"GamblersBrew"},{"floor":18,"key":"Ancient Potion"}],"is_trial":false,"path_per_floor":["M","?","M","M","M","R","?","?","T","R","E","$","R","?","R","B",null,"M","M","?","M","M"],"character_chosen":"DEFECT","items_purchased":["Melter"],"campfire_rested":1,"item_purchase_floors":[12],"current_hp_per_floor":[74,74,66,66,58,58,65,58,58,58,33,33,57,50,50,2,82,58,48,48,9,0],"gold":264,"neow_bonus":"TRANSFORM_TWO_CARDS","is_prod":false,"is_daily":false,"chose_seed":false,"campfire_upgraded":2,"win_rate":0,"timestamp":1562499079,"path_taken":["M","?","M","M","M","R","?","?","T","R","E","$","R","?","R","BOSS","M","M","?","M","M"],"build_version":"2019-07-05","purchased_purges":0,"victory":false,"max_hp_per_floor":[75,75,75,75,75,75,82,82,82,82,82,82,82,82,82,82,82,82,82,82,82,82],"card_choices":[{"not_picked":["Cold Snap","Compile Driver"],"picked":"Defragment","floor":1},{"not_picked":["Steam","Coolheaded"],"picked":"Genetic Algorithm","floor":3},{"not_picked":["Barrage","Stack"],"picked":"Ball Lightning","floor":4},{"not_picked":["Barrage","Redo"],"picked":"Loop","floor":5},{"not_picked":["Conserve Battery","Sweeping Beam"],"picked":"Aggregate","floor":11},{"not_picked":["Reboot","Meteor Strike"],"picked":"Echo Form","floor":16},{"not_picked":["Go for the Eyes","Cold Snap"],"picked":"Rebound","floor":18},{"not_picked":["Aggregate+1","Loop"],"picked":"White Noise+1","floor":19},{"not_picked":["Stack","Turbo+1"],"picked":"Recycle","floor":21}],"player_experience":77114,"relics_obtained":[{"floor":11,"key":"Vajra"}],"event_choices":[{"damage_healed":0,"gold_gain":0,"cards_transformed":["Strike_B"],"player_choice":"Change","damage_taken":0,"max_hp_gain":0,"max_hp_loss":0,"event_name":"Living Wall","floor":2,"gold_loss":0,"cards_obtained":["Buffer"]},{"damage_healed":0,"gold_gain":0,"player_choice":"Box","damage_taken":0,"relics_obtained":["Strawberry"],"max_hp_gain":0,"max_hp_loss":0,"event_name":"Big Fish","floor":7,"gold_loss":0,"cards_obtained":["Regret"]},{"cards_removed":["Regret"],"damage_healed":0,"gold_gain":0,"player_choice":"Card Removal","damage_taken":7,"max_hp_gain":0,"max_hp_loss":0,"event_name":"Golden Wing","floor":8,"gold_loss":0},{"damage_healed":0,"gold_gain":0,"player_choice":"Success","damage_taken":7,"relics_obtained":["Nunchaku"],"max_hp_gain":0,"max_hp_loss":0,"event_name":"Scrap Ooze","floor":14,"gold_loss":0},{"damage_healed":0,"gold_gain":99,"player_choice":"Stole From Cult","damage_taken":0,"max_hp_gain":0,"max_hp_loss":0,"event_name":"Nest","floor":20,"gold_loss":0}],"is_beta":false,"boss_relics":[{"not_picked":["Busted Crown","Runic Dome"],"picked":"Nuclear Battery"}],"items_purged_floors":[],"is_endless":false,"potions_floor_spawned":[3,11,18],"killed_by":"Centurion and Healer","ascension_level":0}