{"gold_per_floor":[118,46,46,46,21,21,51,64,64,64,64,92,125,150,150,248,248,259,199],"floor_reached":19,"playtime":450,"items_purged":[],"score":271,"play_id":"fb3a56b2-c68a-44eb-93a2-c76da5059798","local_time":"20181212221530","is_ascension_mode":false,"campfire_choices":[{"data":"Chaos","floor":6.0,"key":"SMITH"},{"data":"Beam Cell","floor":11.0,"key":"SMITH"},{"data":"Defragment","floor":15.0,"key":"SMITH"}],"neow_cost":"NONE","seed_source_timestamp":0,"circlet_count":0,"master_deck":["Strike_B","Defend_B+1","Defend_B+1","Defend_B","Defend_B","Zap","Dualcast","Leap","Chaos+1","Beam Cell+1","Cold Snap","Go for the Eyes","Defragment+1","All For One","Core Surge","Glacier+1","Stack+1","Rainbow+1","Glacier+1"],"special_seed":0,"relics":["Cracked Core","NeowsBlessing","Letter Opener","Bag of Marbles","Odd Mushroom","Orichalcum","Strawberry","Astrolabe"],"potions_floor_usage":[],"damage_taken":[{"damage":0.0,"enemies":"Small Slimes","floor":1.0,"turns":1.0},{"damage":0.0,"enemies":"3 Sentries","floor":7.0,"turns":1.0},{"damage":0.0,"enemies":"Jaw Worm","floor":8.0,"turns":1.0},{"damage":9.0,"enemies":"The Mushroom Lair","floor":12.0,"turns":3.0},{"damage":0.0,"enemies":"Lagavulin","floor":13.0,"turns":7.0},{"damage":0.0,"enemies":"Slime Boss","floor":16.0,"turns":10.0},{"damage":2,"enemies":"Chosen","floor":18,"turns":4},{"damage":9,"enemies":"2 Thieves","floor":19,"turns":4}],"seed_played":"4592972584607753825","potions_obtained":[{"floor":7.0,"key":"EssenceOfSteel"},{"floor":16.0,"key":"Swift Potion"},{"floor":18,"key":"Dexterity Potion"}],"is_trial":false,"path_per_floor":["M","$","?","?","$","R","E","M","T","?","R","?","E","T","R","B",null,"M","M"],"character_chosen":"DEFECT","items_purchased":["Chaos","Beam Cell"],"campfire_rested":0,"item_purchase_floors":[2,5],"current_hp_per_floor":[75,75,57,57,57,57,57,57,57,42,42,33,33,40,40,40,82,80,71],"gold":199,"neow_bonus":"THREE_ENEMY_KILL","is_prod":false,"is_daily":false,"chose_seed":false,"campfire_upgraded":3,"win_rate":0,"timestamp":1544681730,"path_taken":["M","$","?","?","?","R","E","M","T","?","R","?","E","?","R","BOSS","M","M"],"build_version":"2018-12-11","purchased_purges":0,"victory":false,"max_hp_per_floor":[75,75,75,75,75,75,75,75,75,75,75,75,75,82,82,82,82,82,82],"card_choices":[{"not_picked":["Heatsinks","Steam"],"picked":"Leap","floor":1.0},{"not_picked":["Melter","Static Discharge"],"picked":"Cold Snap","floor":7.0},{"not_picked":["Steam","Double Energy"],"picked":"Go for the Eyes","floor":8.0},{"not_picked":["Skim","Hologram"],"picked":"Defragment","floor":12.0},{"not_picked":["Cold Snap","Darkness"],"picked":"All For One","floor":13.0},{"not_picked":["Buffer","Creative AI"],"picked":"Core Surge","floor":16.0},{"not_picked":["Sweeping Beam","Barrage"],"picked":"Glacier+1","floor":18}],"player_experience":984557,"relics_obtained":[{"floor":7.0,"key":"Bag of Marbles"},{"floor":12.0,"key":"Odd Mushroom"},{"floor":13.0,"key":"Orichalcum"},{"floor":14.0,"key":"Strawberry"}],"event_choices":[{"damage_healed":0.0,"max_hp_gain":0.0,"max_hp_loss":0.0,"gold_gain":0.0,"event_name":"Scrap Ooze","player_choice":"Success","floor":3.0,"gold_loss":0.0,"damage_taken":18.0,"relics_obtained":["Letter Opener"]},{"damage_healed":0.0,"max_hp_gain":0.0,"max_hp_loss":0.0,"gold_gain":0.0,"event_name":"The Cleric","player_choice":"Leave","floor":4.0,"gold_loss":0.0,"damage_taken":0.0},{"damage_healed":0.0,"max_hp_gain":0.0,"max_hp_loss":0.0,"gold_gain":0.0,"event_name":"Shining Light","player_choice":"Entered Light","floor":10.0,"gold_loss":0.0,"damage_taken":15.0,"cards_upgraded":["Defend_B","Defend_B"]},{"damage_healed":0.0,"max_hp_gain":0.0,"max_hp_loss":0.0,"gold_gain":0.0,"event_name":"Mushrooms","player_choice":"Fought Mushrooms","floor":12.0,"gold_loss":0.0,"damage_taken":0.0}],"is_beta":true,"boss_relics":[{"not_picked":["Eternal Feather","FrozenCore"],"picked":"Astrolabe"}],"items_purged_floors":[],"is_endless":false,"potions_floor_spawned":[7,16,18],"killed_by":"2 Thieves","ascension_level":0}