{"gold_per_floor":[117,117,117,136,8,8,51,64,118,52,86,86,111,155,155,155],"floor_reached":16,"playtime":322,"items_purged":["Strike_B"],"score":286,"play_id":"e2bd6e70-675c-4b49-8077-3ffb81821687","local_time":"20190301010124","is_ascension_mode":true,"campfire_choices":[{"data":"Hologram","floor":6,"key":"SMITH"},{"data":"Defragment","floor":12,"key":"SMITH"},{"data":"Dualcast","floor":15,"key":"SMITH"}],"neow_cost":"NONE","seed_source_timestamp":28245042125717,"circlet_count":0,"master_deck":["AscendersBane","Strike_B","Strike_B","Strike_B","Defend_B","Defend_B","Defend_B","Defend_B","Zap+1","Dualcast+1","Conserve Battery","Gash","Hologram+1","Defragment+1","Rebound","Glacier","FTL","Echo Form"],"special_seed":0,"relics":["Cracked Core","NeowsBlessing","Golden Idol","Potion Belt","MawBank","Smiling Mask","Ornamental Fan"],"potions_floor_usage":[11,14,14],"damage_taken":[{"damage":0.0,"enemies":"2 Louse","floor":1.0,"turns":1.0},{"damage":0.0,"enemies":"Small Slimes","floor":4.0,"turns":1.0},{"damage":0,"enemies":"3 Sentries","floor":7,"turns":1},{"damage":2,"enemies":"Jaw Worm","floor":8,"turns":3},{"damage":5,"enemies":"Lagavulin","floor":11,"turns":10},{"damage":10,"enemies":"Lots of Slimes","floor":13,"turns":4},{"damage":50,"enemies":"Gremlin Nob","floor":14,"turns":5},{"damage":17,"enemies":"The Guardian","floor":16,"turns":2}],"seed_played":"2894529211258158317","potions_obtained":[{"floor":4.0,"key":"Block Potion"},{"floor":8,"key":"AttackPotion"},{"floor":13,"key":"Fruit Juice"}],"is_trial":false,"path_per_floor":["M","?","?","M","$","R","E","M","T","$","E","R","M","E","R","B"],"character_chosen":"DEFECT","items_purchased":["Hologram","Glacier"],"campfire_rested":0,"item_purchase_floors":[5,10],"current_hp_per_floor":[64,64,64,64,64,64,64,62,62,62,57,57,47,2,2,0],"gold":155,"neow_bonus":"THREE_ENEMY_KILL","is_prod":false,"is_daily":false,"chose_seed":false,"campfire_upgraded":3,"win_rate":0,"timestamp":1551430884,"path_taken":["M","?","?","M","$","R","E","M","T","?","E","R","M","E","R","BOSS"],"build_version":"2019-02-06","purchased_purges":1,"victory":false,"max_hp_per_floor":[71,64,64,64,64,64,64,64,64,64,64,64,64,69,69,69],"card_choices":[{"not_picked":["Sweeping Beam","Gash"],"picked":"Conserve Battery","floor":1.0},{"not_picked":["Turbo","Compile Driver"],"picked":"Gash","floor":4.0},{"not_picked":["Steam","Rip and Tear"],"picked":"Defragment","floor":7},{"not_picked":["BootSequence","Beam Cell"],"picked":"Rebound","floor":8},{"not_picked":["Steam Power","Sweeping Beam"],"picked":"FTL","floor":11},{"not_picked":["Ball Lightning","Go for the Eyes"],"picked":"Echo Form","floor":13}],"player_experience":1246458,"relics_obtained":[{"floor":7,"key":"Potion Belt"},{"floor":9,"key":"MawBank"},{"floor":11,"key":"Smiling Mask"},{"floor":14,"key":"Ornamental Fan"}],"event_choices":[{"damage_healed":0.0,"max_hp_gain":0.0,"max_hp_loss":7.0,"gold_gain":0.0,"event_name":"Golden Idol","player_choice":"Lose Max HP","floor":2.0,"gold_loss":0.0,"damage_taken":0.0,"relics_obtained":["Golden Idol"]},{"damage_healed":0.0,"max_hp_gain":0.0,"max_hp_loss":0.0,"gold_gain":0.0,"event_name":"Living Wall","player_choice":"Grow","floor":3.0,"gold_loss":0.0,"damage_taken":0.0,"cards_upgraded":["Zap"]}],"is_beta":true,"boss_relics":[],"items_purged_floors":[5],"is_endless":false,"potions_floor_spawned":[4,8,13],"killed_by":"The Guardian","ascension_level":20}