{"gold_per_floor":[113,133,133,143,143,163,175,195,221,221,1,32,32,49,49,49],"floor_reached":16,"playtime":284,"items_purged":[],"score":104,"play_id":"b837297b-7544-4782-bdbf-31ebff39608a","local_time":"20181223212556","is_ascension_mode":false,"campfire_choices":[{"data":"Defragment","floor":10,"key":"SMITH"},{"data":"Sunder","floor":15,"key":"SMITH"}],"neow_cost":"NONE","seed_source_timestamp":1117561783179039,"circlet_count":0,"master_deck":["Strike_B","Strike_B","Strike_B","Strike_B","Defend_B","Defend_B","Defend_B","Defend_B+1","Zap","Dualcast","Beam Cell+1","Defragment+1","Conserve Battery","Compile Driver","Swift Strike","FTL","Cold Snap","Sunder+1","Cold Snap","Loop","Coolheaded","Gash","Hologram"],"relics":["Cracked Core","NeowsBlessing","DataDisk","Smiling Mask","Regal Pillow"],"potions_floor_usage":[8,8],"damage_taken":[{"damage":0,"enemies":"Small Slimes","floor":1,"turns":1},{"damage":0,"enemies":"Cultist","floor":2,"turns":1},{"damage":0,"enemies":"Jaw Worm","floor":4,"turns":1},{"damage":12,"enemies":"Exordium Thugs","floor":6,"turns":5},{"damage":0,"enemies":"2 Fungi Beasts","floor":7,"turns":2},{"damage":13,"enemies":"Lots of Slimes","floor":8,"turns":4},{"damage":6,"enemies":"Gremlin Nob","floor":12,"turns":4},{"damage":16,"enemies":"Large Slime","floor":14,"turns":3},{"damage":0,"enemies":"The Guardian","floor":16,"turns":1}],"seed_played":"4561177141359407333","potions_obtained":[{"floor":4,"key":"Regen Potion"},{"floor":6,"key":"Regen Potion"},{"floor":8,"key":"Dexterity Potion"}],"is_trial":false,"path_per_floor":["M","M","?","M","?","M","M","M","T","R","$","E","?","M","R","B"],"character_chosen":"DEFECT","items_purchased":["Sunder","Cold Snap","Loop","Coolheaded"],"campfire_rested":0,"item_purchase_floors":[11,11,11,11],"current_hp_per_floor":[75,75,60,60,60,48,48,62,62,62,62,56,31,15,15,15],"gold":49,"neow_bonus":"THREE_ENEMY_KILL","is_prod":false,"is_daily":false,"chose_seed":false,"campfire_upgraded":2,"win_rate":0,"timestamp":1545629156,"path_taken":["M","M","?","M","?","M","M","?","T","R","$","E","?","M","R","BOSS"],"build_version":"2018-12-20","purchased_purges":0,"victory":false,"max_hp_per_floor":[75,75,75,75,75,75,75,75,75,75,75,75,75,75,75,75],"card_choices":[{"not_picked":["Undo","Leap"],"picked":"Beam Cell","floor":1},{"not_picked":["Steam Power","Coolheaded"],"picked":"Defragment","floor":2},{"not_picked":["Heatsinks","FTL"],"picked":"Conserve Battery","floor":4},{"not_picked":["Barrage","Sweeping Beam"],"picked":"FTL","floor":7},{"not_picked":["Beam Cell","Force Field"],"picked":"Cold Snap","floor":8},{"not_picked":["Blizzard","Consume"],"picked":"Gash","floor":12},{"not_picked":["Multi-Cast","Steam"],"picked":"Hologram","floor":14}],"player_experience":995642,"relics_obtained":[{"floor":9,"key":"DataDisk"},{"floor":12,"key":"Smiling Mask"}],"event_choices":[{"damage_healed":0,"gold_gain":0,"player_choice":"Entered Light","damage_taken":15,"max_hp_gain":0,"max_hp_loss":0,"event_name":"Shining Light","floor":3,"gold_loss":0,"cards_upgraded":["Defend_B","Beam Cell"]},{"damage_healed":0,"gold_gain":0,"player_choice":"2 cards matched","damage_taken":0,"max_hp_gain":0,"max_hp_loss":0,"event_name":"Match and Keep!","floor":5,"gold_loss":0,"cards_obtained":["Compile Driver","Swift Strike"]},{"damage_healed":0,"gold_gain":0,"player_choice":"Success","damage_taken":25,"relics_obtained":["Regal Pillow"],"max_hp_gain":0,"max_hp_loss":0,"event_name":"Scrap Ooze","floor":13,"gold_loss":0}],"is_beta":true,"boss_relics":[],"items_purged_floors":[],"is_endless":false,"potions_floor_spawned":[4,6,8],"killed_by":"The Guardian","ascension_level":0}