{"gold_per_floor":[14,28,39,58,72,72,102,67,67,67,77,92,92,110,110,206,206,225,242,261,261,273,273,273,273,273,273],"floor_reached":27,"playtime":3278,"items_purged":[],"score":285,"play_id":"104cbbb8-dbc2-42c5-adea-600ff86a99c5","local_time":"20190828214428","is_ascension_mode":true,"campfire_choices":[{"data":"Armaments","floor":6,"key":"SMITH"},{"data":"Demon Form","floor":13,"key":"SMITH"},{"floor":15,"key":"REST"},{"data":"Body Slam","floor":23,"key":"SMITH"}],"neow_cost":"NO_GOLD","seed_source_timestamp":274397735468855,"circlet_count":0,"master_deck":["Strike_R","Strike_R","Strike_R","Defend_R","Defend_R","Defend_R","Bash","Body Slam+1","Armaments+1","Iron Wave","True Grit","Pommel Strike","Feel No Pain","Demon Form+1","Iron Wave","Brutality","Headbutt","Ghostly Armor","Cleave","Body Slam+1"],"relics":["Burning Blood","Happy Flower","Question Card","Coffee Dripper","Bird Faced Urn"],"potions_floor_usage":[14,14,20,22],"damage_taken":[{"damage":0,"enemies":"Small Slimes","floor":1,"turns":3},{"damage":9,"enemies":"Jaw Worm","floor":2,"turns":3},{"damage":6,"enemies":"Cultist","floor":3,"turns":3},{"damage":3,"enemies":"Blue Slaver","floor":4,"turns":5},{"damage":1,"enemies":"Exordium Wildlife","floor":5,"turns":5},{"damage":64,"enemies":"3 Sentries","floor":7,"turns":14},{"damage":6,"enemies":"2 Fungi Beasts","floor":11,"turns":4},{"damage":6,"enemies":"Exordium Thugs","floor":12,"turns":3},{"damage":5,"enemies":"Gremlin Gang","floor":14,"turns":3},{"damage":15,"enemies":"The Guardian","floor":16,"turns":9},{"damage":5,"enemies":"Shell Parasite","floor":18,"turns":5},{"damage":32,"enemies":"3 Byrds","floor":19,"turns":6},{"damage":39,"enemies":"Centurion and Healer","floor":20,"turns":8},{"damage":29,"enemies":"Sentry and Sphere","floor":22,"turns":6},{"damage":20,"enemies":"Snake Plant","floor":27,"turns":2}],"seed_played":"7765489603785830842","potions_obtained":[{"floor":2,"key":"SteroidPotion"},{"floor":3,"key":"Strength Potion"},{"floor":7,"key":"Swift Potion"},{"floor":11,"key":"BloodPotion"},{"floor":16,"key":"Regen Potion"}],"is_trial":false,"path_per_floor":["M","M","M","M","M","R","E","?","T","?","M","M","R","M","R","B",null,"M","M","M","?","M","R","T","?","T","M"],"character_chosen":"IRONCLAD","items_purchased":[],"campfire_rested":1,"item_purchase_floors":[],"current_hp_per_floor":[78,75,75,78,80,80,22,42,42,42,42,42,42,43,67,58,75,76,50,32,17,15,15,15,15,15,0],"gold":273,"neow_bonus":"REMOVE_TWO","is_prod":false,"is_daily":false,"chose_seed":false,"campfire_upgraded":3,"win_rate":0,"timestamp":1567021468,"path_taken":["M","M","M","M","M","R","E","?","T","?","M","M","R","M","R","BOSS","M","?","M","?","M","R","?","?","T","M"],"build_version":"2019-07-17","purchased_purges":0,"victory":false,"max_hp_per_floor":[80,80,80,80,80,80,80,80,80,80,80,80,80,80,80,80,80,80,80,80,85,85,85,85,85,85,85],"card_choices":[{"not_picked":["Pommel Strike","Thunderclap"],"picked":"Body Slam","floor":1},{"not_picked":["Burning Pact","Clash"],"picked":"Armaments","floor":2},{"not_picked":["Anger","Dual Wield","Clothesline"],"picked":"SKIP","floor":3},{"not_picked":["Flex","Blood for Blood"],"picked":"Iron Wave","floor":4},{"not_picked":["Twin Strike","Heavy Blade"],"picked":"True Grit","floor":5},{"not_picked":["True Grit","Twin Strike"],"picked":"Pommel Strike","floor":7},{"not_picked":["Corruption","Sword Boomerang","Havoc"],"picked":"Feel No Pain","floor":11},{"not_picked":["Sword Boomerang","Body Slam","True Grit"],"picked":"Demon Form","floor":12},{"not_picked":["Havoc","Sword Boomerang","Headbutt"],"picked":"Iron Wave","floor":14},{"not_picked":["Berserk","Juggernaut","Offering"],"picked":"Brutality","floor":16},{"not_picked":["Perfected Strike","Uppercut","Flex"],"picked":"Headbutt","floor":18},{"not_picked":["Clothesline","Sentinel","Thunderclap"],"picked":"Ghostly Armor","floor":19},{"not_picked":["Fire Breathing","Sword Boomerang","Wild Strike+1"],"picked":"Cleave","floor":20},{"not_picked":["Bloodletting","Evolve+1","True Grit"],"picked":"Body Slam","floor":22}],"player_experience":428104,"relics_obtained":[{"floor":7,"key":"Happy Flower"},{"floor":9,"key":"Question Card"},{"floor":24,"key":"Bird Faced Urn"}],"event_choices":[{"damage_healed":20,"gold_gain":0,"player_choice":"Healed","damage_taken":0,"max_hp_gain":0,"max_hp_loss":0,"event_name":"The Cleric","floor":8,"gold_loss":35},{"damage_healed":0,"gold_gain":0,"player_choice":"Forge","damage_taken":0,"max_hp_gain":0,"max_hp_loss":0,"event_name":"Accursed Blacksmith","floor":10,"gold_loss":0,"cards_upgraded":["Body Slam"]},{"damage_healed":0,"gold_gain":0,"player_choice":"Shed Blood","damage_taken":20,"max_hp_gain":5,"max_hp_loss":0,"event_name":"Forgotten Altar","floor":21,"gold_loss":0},{"cards_removed":["Strike_R"],"damage_healed":0,"gold_gain":0,"player_choice":"Purged","damage_taken":0,"max_hp_gain":0,"max_hp_loss":0,"event_name":"Purifier","floor":25,"gold_loss":0}],"is_beta":false,"boss_relics":[{"not_picked":["Snecko Eye","Black Star"],"picked":"Coffee Dripper"}],"items_purged_floors":[],"is_endless":false,"potions_floor_spawned":[2,3,7,11,16],"killed_by":"Snake Plant","ascension_level":6}