{"gold_per_floor":[119,119,69,93,18,57,132,173,252,252,172,197,97,110,110,239,239,264,363,3,3,3,46,46,46,46,46,46],"floor_reached":28,"playtime":620,"items_purged":["Defend_G","Strike_G","Strike_G","Defend_G"],"score":276,"play_id":"dda486b8-aab4-49de-80e1-9dcf91356852","local_time":"20190807225043","is_ascension_mode":true,"campfire_choices":[{"data":"Neutralize","floor":10.0,"key":"SMITH"},{"floor":15.0,"key":"REST"},{"floor":24,"key":"REST"},{"floor":27,"key":"REST"}],"neow_cost":"NONE","seed_source_timestamp":296743310693,"circlet_count":0,"master_deck":["Strike_G","Strike_G","Strike_G","Defend_G","Defend_G","Survivor","Neutralize+1"],"special_seed":0,"relics":["Ring of the Snake","NeowsBlessing","Golden Idol","Bag of Preparation","StoneCalendar","The Courier","Art of War","Busted Crown","PreservedInsect","Oddly Smooth Stone","Smiling Mask","Blue Candle"],"potions_floor_usage":[28],"damage_taken":[{"damage":0.0,"enemies":"Small Slimes","floor":1.0,"turns":1.0},{"damage":0.0,"enemies":"2 Louse","floor":4.0,"turns":1.0},{"damage":0.0,"enemies":"Lagavulin","floor":6.0,"turns":1.0},{"damage":24.0,"enemies":"Gremlin Nob","floor":8.0,"turns":5.0},{"damage":0.0,"enemies":"Jaw Worm","floor":14.0,"turns":4.0},{"damage":31.0,"enemies":"The Guardian","floor":16.0,"turns":22.0},{"damage":17.0,"enemies":"Spheric Guardian","floor":18.0,"turns":7.0},{"damage":61,"enemies":"Slavers","floor":23,"turns":7},{"damage":5,"enemies":"Gremlin Leader","floor":28,"turns":6}],"seed_played":"-3150083763329650250","potions_obtained":[{"floor":4.0,"key":"Swift Potion"},{"floor":6.0,"key":"Energy Potion"},{"floor":8.0,"key":"PowerPotion"},{"floor":23,"key":"EssenceOfSteel"}],"is_trial":false,"path_per_floor":["M","?","?","M","$","E","?","E","T","R","$","T","$","M","R","B",null,"M","?","$","?","?","E","R","$","T","R","E"],"character_chosen":"THE_SILENT","items_purchased":["PreservedInsect","Oddly Smooth Stone"],"campfire_rested":3,"item_purchase_floors":[20,20],"current_hp_per_floor":[70,65,65,65,65,65,54,30,30,30,30,30,30,30,49,18,65,48,48,48,48,65,4,23,23,23,42,37],"gold":46,"neow_bonus":"THREE_ENEMY_KILL","is_prod":false,"is_daily":false,"chose_seed":false,"campfire_upgraded":1,"win_rate":0,"timestamp":1565243443,"path_taken":["M","?","?","M","$","E","?","E","T","R","$","?","?","?","R","BOSS","M","?","$","?","?","E","R","?","T","R","E"],"build_version":"2019-07-18","purchased_purges":4,"victory":false,"max_hp_per_floor":[70,65,65,65,65,65,65,65,65,65,65,65,65,65,65,65,65,65,65,65,65,65,65,65,65,65,65,65],"card_choices":[{"not_picked":["Outmaneuver","Sucker Punch","Backflip"],"picked":"SKIP","floor":4.0},{"not_picked":["Setup","Cloak And Dagger","Distraction"],"picked":"SKIP","floor":6.0},{"not_picked":["Tools of the Trade","Underhanded Strike","PiercingWail"],"picked":"SKIP","floor":8.0},{"not_picked":["Distraction","Deadly Poison","Bouncing Flask"],"picked":"SKIP","floor":14.0},{"not_picked":["Dagger Spray"],"picked":"SKIP","floor":18.0},{"not_picked":["Dagger Throw"],"picked":"SKIP","floor":23}],"player_experience":1386182,"relics_obtained":[{"floor":6.0,"key":"Bag of Preparation"},{"floor":8.0,"key":"StoneCalendar"},{"floor":9.0,"key":"The Courier"},{"floor":12.0,"key":"Art of War"},{"floor":23,"key":"Smiling Mask"},{"floor":26,"key":"Blue Candle"}],"event_choices":[{"damage_healed":0.0,"max_hp_gain":0.0,"max_hp_loss":5.0,"gold_gain":0.0,"event_name":"Golden Idol","player_choice":"Lose Max HP","floor":2.0,"gold_loss":0.0,"damage_taken":0.0,"relics_obtained":["Golden Idol"]},{"cards_removed":["Defend_G"],"damage_healed":0.0,"max_hp_gain":0.0,"max_hp_loss":0.0,"gold_gain":0.0,"event_name":"The Cleric","player_choice":"Card Removal","floor":3.0,"gold_loss":50.0,"damage_taken":0.0},{"damage_healed":0.0,"max_hp_gain":0.0,"max_hp_loss":0.0,"gold_gain":75.0,"event_name":"World of Goop","player_choice":"Gather Gold","floor":7.0,"gold_loss":0.0,"damage_taken":11.0},{"damage_healed":0.0,"max_hp_gain":0.0,"max_hp_loss":0.0,"gold_gain":99.0,"event_name":"Nest","player_choice":"Stole From Cult","floor":19.0,"gold_loss":0.0,"damage_taken":0.0},{"damage_healed":0.0,"max_hp_gain":0.0,"max_hp_loss":0.0,"gold_gain":0.0,"event_name":"Ghosts","player_choice":"Ignored","floor":21.0,"gold_loss":0.0,"damage_taken":0.0},{"damage_healed":21.0,"max_hp_gain":0.0,"max_hp_loss":0.0,"gold_gain":0.0,"event_name":"The Library","player_choice":"Heal","floor":22.0,"gold_loss":0.0,"damage_taken":0.0}],"is_beta":true,"boss_relics":[{"not_picked":["Ectoplasm","Eternal Feather"],"picked":"Busted Crown"}],"items_purged_floors":[5,11,13,20],"is_endless":false,"potions_floor_spawned":[4,6,8,23],"killed_by":"Gremlin Leader","ascension_level":1}