{"gold_per_floor":[114,125,125,200,24,59,59,93,93,93,105,105,40,95,95,169,169,184,234,509,87,97,97,97],"floor_reached":24,"playtime":506,"items_purged":["Regret"],"score":400,"play_id":"85dd4aef-c521-4a7f-867b-c9b5c07536de","local_time":"20190821222828","is_ascension_mode":true,"campfire_choices":[{"floor":7.0,"key":"REST"},{"floor":10.0,"key":"REST"},{"data":"Bash","floor":12.0,"key":"SMITH"},{"data":"Heavy Blade","floor":15.0,"key":"SMITH"},{"floor":23,"key":"REST"}],"neow_cost":"NONE","seed_source_timestamp":0,"circlet_count":0,"master_deck":["AscendersBane","Bash+1","Bludgeon","Entrench","Bloodletting","Burning Pact","Evolve","Reaper","Clothesline","Carnage","Dark Embrace","Anger","Pommel Strike","Shrug It Off","Heavy Blade+1","Battle Trance","Offering","Dual Wield+1","Power Through"],"special_seed":0,"relics":["Pandora\u0027s Box","The Courier","Brimstone","Self Forming Clay","Bottled Tornado","Juzu Bracelet","Orichalcum","Mark of Pain","Gremlin Horn","Anchor"],"potions_floor_usage":[],"damage_taken":[{"damage":12.0,"enemies":"Jaw Worm","floor":1.0,"turns":2.0},{"damage":0.0,"enemies":"2 Louse","floor":2.0,"turns":2.0},{"damage":39.0,"enemies":"3 Sentries","floor":6.0,"turns":5.0},{"damage":39.0,"enemies":"Lagavulin","floor":8.0,"turns":4.0},{"damage":0.0,"enemies":"Cultist","floor":11.0,"turns":2.0},{"damage":22.0,"enemies":"3 Sentries","floor":14.0,"turns":4.0},{"damage":27.0,"enemies":"The Guardian","floor":16.0,"turns":6.0},{"damage":42.0,"enemies":"3 Byrds","floor":18.0,"turns":4.0},{"damage":18,"enemies":"Shell Parasite","floor":22,"turns":2},{"damage":0,"enemies":"Gremlin Leader","floor":24,"turns":1}],"seed_played":"-2648777009360623690","potions_obtained":[{"floor":6.0,"key":"Regen Potion"},{"floor":8.0,"key":"BloodPotion"},{"floor":14.0,"key":"Swift Potion"},{"floor":18.0,"key":"PowerPotion"}],"is_trial":false,"path_per_floor":["M","M","?","?","$","E","R","E","T","R","M","R","$","?","R","B",null,"M","?","?","$","M","R","E"],"character_chosen":"IRONCLAD","items_purchased":["Brimstone","Shrug It Off","Heavy Blade","Gremlin Horn","Anchor"],"campfire_rested":3,"item_purchase_floors":[5,13,13,21,21],"current_hp_per_floor":[56,56,45,34,34,15,37,13,13,35,35,35,35,51,51,38,66,36,36,36,36,18,40,40],"gold":97,"neow_bonus":"BOSS_RELIC","is_prod":false,"is_daily":false,"chose_seed":false,"campfire_upgraded":2,"win_rate":0,"timestamp":1566451708,"path_taken":["M","M","?","?","$","E","R","E","T","R","M","R","$","?","R","BOSS","M","?","?","$","M","R","E"],"build_version":"2019-08-15","purchased_purges":1,"victory":false,"max_hp_per_floor":[75,75,75,75,75,75,75,75,75,75,75,75,75,75,75,75,75,75,75,75,75,75,75,75],"card_choices":[{"not_picked":["Metallicize","Clash"],"picked":"Anger","floor":2.0},{"not_picked":["Combust","Infernal Blade"],"picked":"Pommel Strike","floor":6.0},{"not_picked":["Brutality","Blood for Blood","Dual Wield"],"picked":"SKIP","floor":8.0},{"not_picked":["True Grit","Anger"],"picked":"Battle Trance","floor":14.0},{"not_picked":["Juggernaut","Immolate"],"picked":"Offering","floor":16.0},{"not_picked":["Pommel Strike","Flex"],"picked":"Dual Wield+1","floor":18.0},{"not_picked":["Headbutt","Anger"],"picked":"Power Through","floor":22}],"player_experience":1419729,"relics_obtained":[{"floor":6.0,"key":"Self Forming Clay"},{"floor":8.0,"key":"Bottled Tornado"},{"floor":9.0,"key":"Juzu Bracelet"},{"floor":14.0,"key":"Orichalcum"}],"event_choices":[{"damage_healed":0.0,"max_hp_gain":0.0,"max_hp_loss":0.0,"gold_gain":0.0,"event_name":"Scrap Ooze","player_choice":"Success","floor":3.0,"gold_loss":0.0,"damage_taken":11.0,"relics_obtained":["The Courier"]},{"damage_healed":0.0,"max_hp_gain":0.0,"max_hp_loss":0.0,"gold_gain":75.0,"event_name":"World of Goop","player_choice":"Gather Gold","floor":4.0,"gold_loss":0.0,"damage_taken":11.0},{"damage_healed":0.0,"max_hp_gain":0.0,"max_hp_loss":0.0,"gold_gain":0.0,"event_name":"Dead Adventurer","player_choice":"Searched \u00271\u0027 times","floor":14.0,"gold_loss":0.0,"damage_taken":0.0},{"damage_healed":0.0,"max_hp_gain":0.0,"max_hp_loss":0.0,"gold_gain":50.0,"event_name":"Nest","player_choice":"Stole From Cult","floor":19.0,"gold_loss":0.0,"damage_taken":0.0},{"damage_healed":0.0,"max_hp_gain":0.0,"max_hp_loss":0.0,"gold_gain":275.0,"event_name":"Golden Shrine","player_choice":"Desecrate","floor":20.0,"gold_loss":0.0,"damage_taken":0.0,"cards_obtained":["Regret"]}],"is_beta":true,"boss_relics":[{"not_picked":["Cursed Key","White Beast Statue"],"picked":"Mark of Pain"}],"items_purged_floors":[21],"is_endless":false,"potions_floor_spawned":[6,8,14,18],"killed_by":"Gremlin Leader","ascension_level":20}