{"gold_per_floor":[111,111,123,141,141,141,175,187,187,199,199,210,210,230,230,308,308,319,319,319,64,82,82,108,127,127,150,75,75,75,75,75,152,152,164,164,42,62,62,76,76,76,100,0,0,25,25,25,25,25],"floor_reached":51,"playtime":2137,"items_purged":["Writhe"],"score":1391,"play_id":"df866213-5ce8-4c9e-9ff7-e59bb0e044cc","local_time":"20180812170820","is_ascension_mode":true,"campfire_choices":[{"data":"Leap","floor":6.0,"key":"SMITH"},{"data":"Hologram","floor":11,"key":"SMITH"},{"data":"Streamline","floor":13,"key":"SMITH"},{"data":"Go for the Eyes","floor":15,"key":"SMITH"},{"data":"Sunder","floor":23,"key":"SMITH"},{"floor":29,"key":"REST"},{"floor":32,"key":"REST"},{"data":"Defragment","floor":41,"key":"SMITH"},{"data":"Hologram","floor":45,"key":"SMITH"},{"floor":49,"key":"REST"}],"neow_cost":"","seed_source_timestamp":4849485681098,"circlet_count":0,"master_deck":["Strike_B","Strike_B","Strike_B","Defend_B","Defend_B","Defend_B+1","Zap+1","Dualcast+1","AscendersBane","Coolheaded","Cold Snap","Leap+1","Hologram+1","Glacier","White Noise","Streamline+1","Go for the Eyes+1","All For One","Rebound","Sunder+1","Capacitor","Panacea","Core Surge","Decay","Echo Form","Defragment+1","Hologram+1","Rebound","Writhe","Decay","Consume","Doubt"],"special_seed":0,"relics":["Cracked Core","War Paint","Bag of Preparation","Snecko Eye","Darkstone Periapt","DataDisk","Turnip","Juzu Bracelet","Nilry\u0027s Codex","Cursed Key","Emotion Chip","Pen Nib","Red Mask","Symbiotic Virus","Nunchaku"],"potions_floor_usage":[22,50],"damage_taken":[{"damage":0.0,"enemies":"Small Slimes","floor":1.0,"turns":2.0},{"damage":8.0,"enemies":"2 Louse","floor":3.0,"turns":2.0},{"damage":2.0,"enemies":"Jaw Worm","floor":4.0,"turns":4.0},{"damage":17.0,"enemies":"Lagavulin","floor":7.0,"turns":7.0},{"damage":0,"enemies":"Looter","floor":8,"turns":3},{"damage":0,"enemies":"Blue Slaver","floor":10,"turns":3},{"damage":0,"enemies":"Red Slaver","floor":12,"turns":3},{"damage":0,"enemies":"2 Fungi Beasts","floor":14,"turns":4},{"damage":40,"enemies":"Hexaghost","floor":16,"turns":16},{"damage":0,"enemies":"Chosen","floor":18,"turns":8},{"damage":11,"enemies":"3 Byrds","floor":22,"turns":5},{"damage":10,"enemies":"Slavers","floor":24,"turns":5},{"damage":0,"enemies":"Cultist and Chosen","floor":25,"turns":7},{"damage":6,"enemies":"Champ","floor":33,"turns":19},{"damage":9,"enemies":"Orb Walker","floor":35,"turns":4},{"damage":7,"enemies":"3 Shapes","floor":38,"turns":6},{"damage":0,"floor":39,"turns":4},{"damage":0,"enemies":"Spire Growth","floor":40,"turns":6},{"damage":44,"enemies":"2 Orb Walkers","floor":46,"turns":6},{"damage":19,"enemies":"Awakened One","floor":50,"turns":7}],"seed_played":"4957418747847578075","potions_obtained":[{"floor":3.0,"key":"Energy Potion"},{"floor":4.0,"key":"FearPotion"},{"floor":10,"key":"Strength Potion"},{"floor":33,"key":"Ancient Potion"}],"is_trial":false,"path_per_floor":["M","?","M","M","?","R","E","M","T","M","R","M","R","M","R","B",null,"M","?","?","$","M","R","E","M","T","T","?","R","?","?","R","B",null,"M","?","$","M","?","M","R","?","T","?","R","E","?","T","R","B"],"character_chosen":"DEFECT","items_purchased":["Capacitor","Panacea","Defragment","Hologram"],"campfire_rested":3,"item_purchase_floors":[21,21,37,37],"current_hp_per_floor":[64,69,61,59,59,59,42,42,42,42,42,42,42,42,42,2,58,58,64,64,64,53,53,43,43,43,43,43,67,46,52,78,72,84,75,75,75,68,68,68,68,92,98,98,98,54,54,60,91,72],"gold":25,"neow_bonus":"","is_prod":false,"is_daily":false,"chose_seed":false,"campfire_upgraded":7,"win_rate":0,"timestamp":1534118900,"path_taken":["M","?","M","M","?","R","E","M","T","M","R","?","R","M","R","BOSS","M","?","?","$","M","R","E","M","T","?","?","R","?","?","R","BOSS","M","?","$","M","?","M","R","?","T","?","R","E","?","?","R","BOSS"],"build_version":"2018-08-08","purchased_purges":1,"victory":true,"max_hp_per_floor":[71,76,76,76,76,76,76,76,76,76,76,76,76,76,76,76,76,76,82,82,82,82,82,82,82,82,82,82,82,82,88,88,88,88,88,88,88,88,88,88,88,94,100,100,100,100,100,106,106,106],"card_choices":[{"not_picked":["Beam Cell","Scrape"],"picked":"Coolheaded","floor":1.0},{"not_picked":["Hologram","Aggregate"],"picked":"Cold Snap","floor":3.0},{"not_picked":["Genetic Algorithm","Barrage"],"picked":"Leap","floor":4.0},{"not_picked":["Amplify","Gash"],"picked":"Hologram","floor":7},{"not_picked":["Coolheaded","Sweeping Beam"],"picked":"Glacier","floor":8},{"not_picked":["Reinforced Body","Steam"],"picked":"White Noise","floor":10},{"not_picked":["Sweeping Beam","Barrage"],"picked":"Streamline","floor":12},{"not_picked":["FTL","Compile Driver"],"picked":"Go for the Eyes","floor":14},{"not_picked":["Meteor Strike","Seek"],"picked":"All For One","floor":16},{"not_picked":["Recycle","Rip and Tear"],"picked":"Rebound","floor":18},{"not_picked":["Coolheaded","Sweeping Beam+1","Gash"],"picked":"SKIP","floor":24},{"not_picked":["Turbo","Cold Snap"],"picked":"Core Surge","floor":25},{"not_picked":["Multi-Cast","Amplify"],"picked":"Echo Form","floor":33},{"not_picked":["Leap","Redo"],"picked":"Rebound","floor":39},{"not_picked":["Redo","Compile Driver"],"picked":"Consume","floor":46}],"player_experience":808268,"relics_obtained":[{"floor":7,"key":"War Paint"},{"floor":9,"key":"Bag of Preparation"},{"floor":24,"key":"DataDisk"},{"floor":26,"key":"Turnip"},{"floor":27,"key":"Juzu Bracelet"},{"floor":30,"key":"Nilry\u0027s Codex"},{"floor":39,"key":"Emotion Chip"},{"floor":43,"key":"Pen Nib"},{"floor":46,"key":"Symbiotic Virus"},{"floor":48,"key":"Nunchaku"}],"event_choices":[{"event_name":"Big Fish","player_choice":"Donut","floor":2.0,"damage_taken":0.0},{"event_name":"Living Wall","player_choice":"Grow","floor":5.0,"damage_taken":0.0},{"event_name":"The Mausoleum","player_choice":"Yes","floor":19,"damage_taken":0},{"event_name":"The Library","player_choice":"Read","floor":20,"damage_taken":0},{"event_name":"Beggar","player_choice":"Gave Gold","floor":28,"damage_taken":0},{"event_name":"Cursed Tome","player_choice":"Obtained Book","floor":30,"damage_taken":0},{"event_name":"Forgotten Altar","player_choice":"Smashed Altar","floor":31,"damage_taken":0},{"event_name":"Falling","player_choice":"Removed Skill","floor":36,"damage_taken":0},{"event_name":"MindBloom","player_choice":"Fight","floor":39,"damage_taken":0},{"event_name":"Winding Halls","player_choice":"Writhe","floor":42,"damage_taken":0},{"event_name":"Tomb of Lord Red Mask","player_choice":"Paid","floor":44,"damage_taken":0},{"event_name":"Mysterious Sphere","player_choice":"Ignore","floor":47,"damage_taken":0}],"is_beta":true,"boss_relics":[{"not_picked":["Orrery","Fusion Hammer"],"picked":"Snecko Eye"},{"not_picked":["Sozu","Pandora\u0027s Box"],"picked":"Cursed Key"}],"items_purged_floors":[21],"is_endless":false,"potions_floor_spawned":[3,4,10,16,33,39],"ascension_level":15}