{"gold_per_floor":[112,127,144,124,15,15,27,27,80,80,109,6,6,6,6,103,103,103,103,103,103,29,29,29,29,29,29,29,29,29,29,29,29],"floor_reached":33,"playtime":1070,"items_purged":["Defend_B"],"score":380,"play_id":"77f4db06-b8e9-40b3-ba67-9161f80960b6","local_time":"20180704003046","is_ascension_mode":true,"campfire_choices":[{"data":"Beam Cell","floor":6,"key":"SMITH"},{"data":"Melter","floor":8,"key":"SMITH"},{"data":"Zap","floor":10,"key":"SMITH"},{"floor":13,"key":"REST"},{"data":"Defragment","floor":15,"key":"SMITH"},{"data":"Self Repair","floor":23,"key":"SMITH"},{"data":"Reinforced Body","floor":25,"key":"SMITH"},{"data":"Coolheaded","floor":28,"key":"SMITH"},{"data":"Tempest","floor":30,"key":"SMITH"},{"data":"Glacier","floor":32,"key":"SMITH"}],"neow_cost":"","seed_source_timestamp":83536617014989,"circlet_count":0,"master_deck":["Strike_B","Strike_B","Strike_B","Strike_B","Defend_B","Defend_B","Defend_B","Zap+1","Dualcast","AscendersBane","Conserve Battery","Redo","Beam Cell+1","Melter+1","BootSequence","Reinforced Body+1","Defragment+1","Ball Lightning","Electrodynamics","Tempest+1","Coolheaded+1","Self Repair+1","Coolheaded+1","Glacier+1","Leap+1","Auto Shields"],"relics":["Cracked Core","Vajra","Pantograph","Ectoplasm","NlothsMask","Blue Candle"],"potions_floor_usage":[4,29,33],"damage_taken":[{"damage":1,"enemies":"Cultist","floor":1,"turns":3},{"damage":3,"enemies":"Jaw Worm","floor":2,"turns":4},{"damage":0,"enemies":"2 Louse","floor":3,"turns":3},{"damage":4,"enemies":"Exordium Thugs","floor":4,"turns":5},{"damage":16,"enemies":"Lots of Slimes","floor":7,"turns":4},{"damage":25,"enemies":"Lagavulin","floor":11,"turns":5},{"damage":30,"enemies":"The Guardian","floor":16,"turns":9},{"damage":6,"enemies":"Shell Parasite","floor":18,"turns":3},{"damage":16,"enemies":"3 Byrds","floor":21,"turns":4},{"damage":0,"enemies":"Centurion and Healer","floor":27,"turns":6},{"damage":6,"enemies":"3 Cultists","floor":29,"turns":4},{"damage":2,"enemies":"Snake Plant","floor":31,"turns":4},{"damage":124,"enemies":"Champ","floor":33,"turns":19}],"seed_played":"-5902723183832451771","potions_obtained":[{"floor":1,"key":"SpeedPotion"},{"floor":3,"key":"SteroidPotion"},{"floor":11,"key":"FairyPotion"},{"floor":27,"key":"Fire Potion"},{"floor":29,"key":"AttackPotion"}],"is_trial":false,"path_per_floor":["M","M","M","M","$","R","M","R","T","R","E","$","R","$","R","B",null,"M","?","T","M","$","R","?","R","T","M","R","M","R","M","R"],"character_chosen":"DEFECT","items_purchased":["Melter","Defragment","Ball Lightning","Self Repair"],"campfire_rested":1,"item_purchase_floors":[5,12,12,22],"current_hp_per_floor":[67,64,64,60,60,60,44,44,44,44,19,19,41,41,41,36,65,59,59,59,43,43,43,43,43,43,53,53,57,57,65,65,0],"gold":29,"neow_bonus":"","is_prod":false,"is_daily":false,"chose_seed":false,"campfire_upgraded":9,"win_rate":0,"timestamp":1530689446,"path_taken":["M","?","M","M","$","R","M","R","T","R","E","$","R","?","R","BOSS","M","?","?","?","$","R","?","R","T","M","R","?","R","M","R","BOSS"],"build_version":"2018-07-02","purchased_purges":1,"victory":false,"max_hp_per_floor":[75,75,75,75,75,75,75,75,75,75,75,75,75,75,75,75,75,75,75,75,75,75,75,75,75,75,75,75,75,75,75,75,75],"card_choices":[{"not_picked":["Barrage","Reprogram"],"picked":"Conserve Battery","floor":2},{"not_picked":["Storm","Tempest"],"picked":"Redo","floor":3},{"not_picked":["Reprogram","Redo"],"picked":"Beam Cell","floor":4},{"not_picked":["FTL","Beam Cell"],"picked":"BootSequence","floor":7},{"not_picked":["Scrape","Skim"],"picked":"Reinforced Body","floor":11},{"not_picked":["All For One","Fission"],"picked":"Electrodynamics","floor":16},{"not_picked":["Steam","Lockon"],"picked":"Tempest","floor":18},{"not_picked":["Rebound","Reinforced Body+1"],"picked":"Coolheaded+1","floor":21},{"not_picked":["Streamline","Fusion"],"picked":"Glacier","floor":27},{"not_picked":["Undo","Reinforced Body+1"],"picked":"Leap+1","floor":29},{"not_picked":["Gash","Steam+1"],"picked":"Auto Shields","floor":31}],"player_experience":486160,"relics_obtained":[{"floor":9,"key":"Vajra"},{"floor":11,"key":"Pantograph"},{"floor":26,"key":"Blue Candle"}],"event_choices":[{"event_name":"FaceTrader","player_choice":"Trade","floor":19,"damage_taken":0},{"event_name":"The Library","player_choice":"Read","floor":24,"damage_taken":0}],"boss_relics":[{"not_picked":["Busted Crown","Black Star"],"picked":"Ectoplasm"}],"items_purged_floors":[5],"is_endless":false,"potions_floor_spawned":[1,3,11,18,27,29],"killed_by":"Champ","ascension_level":11}