{"gold_per_floor":[114,129,12,23,35,60,60,95,141,153,153,171,183,183,183,257,257,274,274,274],"floor_reached":20,"playtime":1158,"items_purged":["Strike_G"],"score":335,"play_id":"6242228f-c0a1-4e3f-a9ac-61fd05d8dcf9","local_time":"20181125162836","is_ascension_mode":true,"campfire_choices":[{"data":"Survivor","floor":7,"key":"SMITH"},{"floor":11,"key":"REST"},{"floor":15,"key":"REST"}],"neow_cost":"NONE","seed_source_timestamp":324883088949323,"circlet_count":0,"master_deck":["AscendersBane","Defend_G","Defend_G","Defend_G","Defend_G","Defend_G","Strike_G","Strike_G","Strike_G","Strike_G","Survivor+1","Neutralize+1","Deflect","Poisoned Stab","Noxious Fumes","Deadly Poison","Sucker Punch","Crippling Poison","Footwork","Poisoned Stab","Die Die Die","Doppelganger+1","Blur+1","Writhe"],"relics":["Ring of the Snake","Turnip","Toxic Egg 2","Sozu","Art of War"],"potions_floor_usage":[6,13,16,20],"damage_taken":[{"damage":2,"enemies":"Jaw Worm","floor":1,"turns":5},{"damage":0,"enemies":"Cultist","floor":2,"turns":4},{"damage":2,"enemies":"2 Louse","floor":4,"turns":2},{"damage":4,"enemies":"Looter","floor":5,"turns":4},{"damage":16,"enemies":"Lagavulin","floor":6,"turns":6},{"damage":24,"enemies":"Gremlin Nob","floor":8,"turns":4},{"damage":9,"enemies":"Blue Slaver","floor":10,"turns":4},{"damage":6,"enemies":"Large Slime","floor":12,"turns":7},{"damage":6,"enemies":"2 Fungi Beasts","floor":13,"turns":3},{"damage":19,"enemies":"Slime Boss","floor":16,"turns":10},{"damage":20,"enemies":"3 Byrds","floor":18,"turns":6},{"damage":33,"enemies":"Masked Bandits","floor":20,"turns":3}],"seed_played":"4854875452250613029","potions_obtained":[{"floor":1,"key":"GamblersBrew"},{"floor":6,"key":"SpeedPotion"},{"floor":12,"key":"Dexterity Potion"},{"floor":13,"key":"Weak Potion"}],"is_trial":false,"path_per_floor":["M","M","$","M","M","E","R","E","T","M","R","M","M","?","R","B",null,"M","?","?"],"character_chosen":"THE_SILENT","items_purchased":["Noxious Fumes"],"campfire_rested":2,"item_purchase_floors":[3],"current_hp_per_floor":[57,57,57,55,51,35,35,11,11,2,21,15,9,9,28,9,52,32,32,0],"gold":274,"neow_bonus":"UPGRADE_CARD","is_prod":false,"is_daily":false,"chose_seed":false,"campfire_upgraded":1,"win_rate":0,"timestamp":1543184916,"path_taken":["M","M","$","M","M","E","R","E","T","M","R","M","M","?","R","BOSS","M","?","?"],"build_version":"2018-11-15","purchased_purges":1,"victory":false,"max_hp_per_floor":[66,66,66,66,66,66,66,66,66,66,66,66,66,66,66,66,66,66,66,66],"card_choices":[{"not_picked":["Choke","Blade Dance"],"picked":"Deflect","floor":1},{"not_picked":["Blur","Outmaneuver"],"picked":"Poisoned Stab","floor":2},{"not_picked":["Prepared","Blade Dance"],"picked":"Deadly Poison","floor":4},{"not_picked":["Eviscerate","Choke"],"picked":"Sucker Punch","floor":5},{"not_picked":["Infinite Blades","Quick Slash"],"picked":"Crippling Poison","floor":6},{"not_picked":["Well Laid Plans","Envenom"],"picked":"Footwork","floor":8},{"not_picked":["Bane","Endless Agony"],"picked":"Poisoned Stab","floor":10},{"not_picked":["Dagger Throw","Sucker Punch","Blade Dance+1"],"picked":"SKIP","floor":12},{"not_picked":["Dagger Throw","Calculated Gamble+1","Quick Slash"],"picked":"SKIP","floor":13},{"not_picked":["Die Die Die","Night Terror+1"],"picked":"Doppelganger+1","floor":16},{"not_picked":["Dagger Spray","Outmaneuver+1"],"picked":"Blur+1","floor":18}],"player_experience":735014,"relics_obtained":[{"floor":6,"key":"Turnip"},{"floor":8,"key":"Toxic Egg 2"}],"event_choices":[{"damage_healed":0,"gold_gain":0,"player_choice":"1 cards matched","damage_taken":0,"max_hp_gain":0,"max_hp_loss":0,"event_name":"Match and Keep!","floor":14,"gold_loss":0,"cards_obtained":["Die Die Die"]},{"damage_healed":0,"gold_gain":0,"player_choice":"Opened","damage_taken":0,"relics_obtained":["Art of War"],"max_hp_gain":0,"max_hp_loss":0,"event_name":"The Mausoleum","floor":19,"gold_loss":0,"cards_obtained":["Writhe"]},{"damage_healed":0,"gold_gain":0,"player_choice":"Fought Bandits","damage_taken":0,"max_hp_gain":0,"max_hp_loss":0,"event_name":"Masked Bandits","floor":20,"gold_loss":0}],"is_beta":false,"boss_relics":[{"not_picked":["Astrolabe","Coffee Dripper"],"picked":"Sozu"}],"items_purged_floors":[3],"is_endless":false,"potions_floor_spawned":[1,6,12,13],"killed_by":"Masked Bandits","ascension_level":16}