{"gold_per_floor":[116,71,71,71,82,110,110,128,128,128,128,138,158,193,193,264,264,283,18,29,29,63,63,43,43,92,92,108,108,139,89,89,163,163,182,404,420,432,443,443,85,85,108,119,169,185,38,54,54,54],"floor_reached":51,"playtime":1729,"items_purged":["Defend_R"],"score":1306,"play_id":"2794ab13-26fb-41a0-b2fd-e1bf58ba12e8","local_time":"20180710132452","is_ascension_mode":true,"campfire_choices":[{"data":"Uppercut","floor":7,"key":"SMITH"},{"data":"Feed","floor":11,"key":"SMITH"},{"data":"Rage","floor":15,"key":"SMITH"},{"floor":23,"key":"REST"},{"data":"Limit Break","floor":25,"key":"SMITH"},{"data":"Metallicize","floor":27,"key":"SMITH"},{"floor":29,"key":"REST"},{"data":"Pommel Strike","floor":32,"key":"SMITH"},{"data":"Bludgeon","floor":40,"key":"SMITH"},{"data":"True Grit","floor":42,"key":"SMITH"},{"floor":49,"key":"REST"}],"neow_cost":"NONE","seed_source_timestamp":155724074649678,"circlet_count":0,"master_deck":["Strike_R","Strike_R","Strike_R","Strike_R","Defend_R","Defend_R","Defend_R+1","Bash","AscendersBane","Uppercut+1","Clothesline","Rage+1","Shrug It Off","Feed+1","Anger","Shrug It Off","Limit Break+1","Entrench","Metallicize+1","Shrug It Off","Ghostly Armor+1","Pommel Strike+1","Shrug It Off","Bludgeon+1","Heavy Blade","True Grit+1","Corruption","Feel No Pain","Uppercut"],"relics":["Burning Blood","NeowsBlessing","Mummified Hand","Singing Bowl","Mercury Hourglass","Vajra","Snecko Eye","Membership Card","Red Mask","Bag of Marbles","Bronze Scales","Busted Crown","Pen Nib","Pear","War Paint","Sundial"],"potions_floor_usage":[12,13,16,28,30,44,50,50],"damage_taken":[{"damage":0,"enemies":"Small Slimes","floor":1,"turns":1},{"damage":0,"enemies":"Cultist","floor":5,"turns":1},{"damage":0,"enemies":"Gremlin Nob","floor":6,"turns":1},{"damage":4,"enemies":"Jaw Worm","floor":8,"turns":3},{"damage":9,"enemies":"Exordium Thugs","floor":12,"turns":3},{"damage":0,"enemies":"Lots of Slimes","floor":13,"turns":1},{"damage":17,"enemies":"Lagavulin","floor":14,"turns":6},{"damage":42,"enemies":"The Guardian","floor":16,"turns":11},{"damage":15,"enemies":"Spheric Guardian","floor":18,"turns":4},{"damage":9,"enemies":"2 Thieves","floor":20,"turns":4},{"damage":50,"floor":22,"turns":5},{"damage":12,"enemies":"Snake Plant","floor":28,"turns":3},{"damage":0,"enemies":"Gremlin Leader","floor":30,"turns":6},{"damage":68,"enemies":"Collector","floor":33,"turns":14},{"damage":0,"enemies":"3 Shapes","floor":35,"turns":3},{"damage":17,"enemies":"Flame Bruiser 1 Orb","floor":37,"turns":6},{"damage":6,"enemies":"Sphere and 2 Shapes","floor":38,"turns":3},{"damage":13,"enemies":"Maw","floor":39,"turns":7},{"damage":10,"enemies":"Transient","floor":44,"turns":5},{"damage":20,"floor":45,"turns":5},{"damage":0,"enemies":"4 Shapes","floor":46,"turns":4},{"damage":0,"enemies":"Flame Bruiser 2 Orb","floor":48,"turns":7},{"damage":4,"enemies":"Donu and Deca","floor":50,"turns":6}],"seed_played":"-590939832224750224","potions_obtained":[{"floor":1,"key":"LiquidBronze"},{"floor":4,"key":"Block Potion"},{"floor":8,"key":"Explosive Potion"},{"floor":14,"key":"Explosive Potion"},{"floor":24,"key":"Poison Potion"},{"floor":28,"key":"AttackPotion"},{"floor":33,"key":"PowerPotion"},{"floor":37,"key":"Swift Potion"},{"floor":46,"key":"PowerPotion"}],"is_trial":false,"path_per_floor":["M","$","?","?","M","E","R","M","T","?","R","M","M","E","R","B",null,"M","$","M","?","?","R","?","R","T","R","M","R","E","?","R","B",null,"M","?","M","M","M","R","$","R","T","M","?","M","$","M","R","B"],"character_chosen":"IRONCLAD","items_purchased":["Clothesline","Metallicize","Membership Card","Pen Nib","True Grit","Pear","Feel No Pain","Uppercut"],"campfire_rested":3,"item_purchase_floors":[2,19,19,41,41,41,47,47],"current_hp_per_floor":[74,74,74,74,75,75,75,75,75,57,57,58,70,63,63,27,74,69,69,70,70,30,60,60,60,60,60,54,84,94,94,94,32,87,99,99,94,100,93,93,103,103,103,101,91,99,99,107,143,143],"gold":54,"neow_bonus":"THREE_ENEMY_KILL","is_prod":false,"is_daily":false,"chose_seed":false,"campfire_upgraded":8,"win_rate":0,"timestamp":1531254292,"path_taken":["M","$","?","?","?","E","R","M","T","?","R","M","M","E","R","BOSS","M","$","M","?","?","R","?","R","T","R","?","R","E","?","R","BOSS","M","?","M","M","M","R","?","R","T","M","?","M","$","M","R","BOSS"],"build_version":"2018-07-09","purchased_purges":1,"victory":true,"max_hp_per_floor":[75,75,75,75,75,75,75,75,75,75,75,79,85,89,89,89,89,93,93,97,97,101,101,101,101,101,101,101,101,105,105,105,105,105,111,111,117,123,123,123,133,133,133,135,139,141,141,143,143,143],"card_choices":[{"not_picked":["Whirlwind","Cleave"],"picked":"Uppercut","floor":1},{"not_picked":["Havoc","Wild Strike"],"picked":"Rage","floor":5},{"not_picked":["Bloodletting","Sword Boomerang"],"picked":"Shrug It Off","floor":6},{"not_picked":["Pommel Strike","Warcry"],"picked":"Feed","floor":8},{"not_picked":["Thunderclap","Infernal Blade"],"picked":"Anger","floor":12},{"not_picked":["Wild Strike","Burning Pact","Rage"],"picked":"Singing Bowl","floor":13},{"not_picked":["Wild Strike","Cleave"],"picked":"Shrug It Off","floor":14},{"not_picked":["Fiend Fire","Impervious"],"picked":"Limit Break","floor":16},{"not_picked":["Iron Wave","Perfected Strike"],"picked":"Entrench","floor":18},{"not_picked":["Entrench+1","Clothesline"],"picked":"Shrug It Off","floor":20},{"not_picked":["Power Through","Warcry"],"picked":"Ghostly Armor","floor":22},{"not_picked":["Body Slam","Perfected Strike"],"picked":"Pommel Strike","floor":28},{"not_picked":["Berserk","Pummel"],"picked":"Shrug It Off","floor":30},{"not_picked":["Offering","Fiend Fire"],"picked":"Bludgeon","floor":33},{"not_picked":["Ghostly Armor"],"picked":"Singing Bowl","floor":35},{"not_picked":["Anger"],"picked":"Singing Bowl","floor":37},{"not_picked":["Sentinel"],"picked":"Singing Bowl","floor":38},{"not_picked":[],"picked":"Heavy Blade","floor":39},{"not_picked":["Cleave"],"picked":"Singing Bowl","floor":44},{"not_picked":[],"picked":"Corruption","floor":45},{"not_picked":["Havoc+1"],"picked":"Singing Bowl","floor":46},{"not_picked":["Searing Blow+1"],"picked":"Singing Bowl","floor":48}],"player_experience":565541,"relics_obtained":[{"floor":6,"key":"Mummified Hand"},{"floor":9,"key":"Singing Bowl"},{"floor":14,"key":"Vajra"},{"floor":22,"key":"Red Mask"},{"floor":26,"key":"Bag of Marbles"},{"floor":30,"key":"Bronze Scales"},{"floor":43,"key":"War Paint"},{"floor":45,"key":"Sundial"}],"event_choices":[{"event_name":"Purifier","player_choice":"One Purge","floor":3,"damage_taken":0},{"event_name":"The Lab","player_choice":"Got Potions","floor":4,"damage_taken":0},{"event_name":"Scrap Ooze","player_choice":"success","floor":10,"damage_taken":18},{"event_name":"Ghosts","player_choice":"Ignored","floor":21,"damage_taken":0},{"event_name":"Masked Bandits","player_choice":"Fought over 29 gold","floor":22,"damage_taken":0},{"event_name":"The Woman in Blue","player_choice":"Bought 1 Potion","floor":24,"damage_taken":0},{"event_name":"The Joust","player_choice":"Bet on Murderer","floor":31,"damage_taken":0},{"event_name":"Tomb of Lord Red Mask","player_choice":"Wore Mask","floor":36,"damage_taken":0},{"event_name":"Mysterious Sphere","player_choice":"Fight","floor":45,"damage_taken":0}],"boss_relics":[{"not_picked":["Calling Bell","Orrery"],"picked":"Snecko Eye"},{"not_picked":["Black Star","Pandora\u0027s Box"],"picked":"Busted Crown"}],"items_purged_floors":[47],"is_endless":false,"potions_floor_spawned":[1,8,14,28,33,37,39,46],"ascension_level":15}