{"gold_per_floor":[110,128,128,128,128,128,140,140,140,170,170,210,210,258,258,258],"floor_reached":16,"playtime":323,"items_purged":[],"score":212,"play_id":"fc325ab1-c4b1-4a58-a551-93abbaaa82b0","local_time":"20190303125116","is_ascension_mode":true,"campfire_choices":[{"data":"Defragment","floor":6,"key":"SMITH"},{"data":"Zap","floor":8,"key":"SMITH"},{"floor":13,"key":"REST"},{"data":"Sunder","floor":15,"key":"SMITH"}],"neow_cost":"NONE","seed_source_timestamp":7493723511799,"circlet_count":0,"master_deck":["AscendersBane","Strike_B","Strike_B","Strike_B","Strike_B","Defend_B+1","Defend_B","Defend_B","Defend_B","Zap+1","Dualcast","Hello World+1","Defragment+1","Cold Snap","Pain","Coolheaded","Sunder+1","Pain"],"relics":["Cursed Key","Bronze Scales","Vajra","Golden Idol","Girya","Oddly Smooth Stone"],"potions_floor_usage":[10,10,10,10],"damage_taken":[{"damage":3,"enemies":"Small Slimes","floor":1,"turns":4},{"damage":15,"enemies":"2 Louse","floor":2,"turns":3},{"damage":0,"enemies":"Cultist","floor":7,"turns":4},{"damage":36,"enemies":"Gremlin Nob","floor":10,"turns":4},{"damage":10,"enemies":"3 Sentries","floor":12,"turns":11},{"damage":24,"enemies":"The Guardian","floor":16,"turns":2}],"seed_played":"-8372406275987634555","potions_obtained":[{"floor":1,"key":"Energy Potion"},{"floor":7,"key":"EntropicBrew"}],"is_trial":false,"path_per_floor":["M","M","?","?","?","R","M","R","T","E","?","E","R","T","R","B"],"character_chosen":"DEFECT","items_purchased":[],"campfire_rested":1,"item_purchase_floors":[],"current_hp_per_floor":[61,46,25,25,48,48,48,48,48,12,12,2,21,21,21,0],"gold":258,"neow_bonus":"BOSS_RELIC","is_prod":false,"is_daily":false,"chose_seed":false,"campfire_upgraded":3,"win_rate":0,"timestamp":1551646276,"path_taken":["M","M","?","?","?","R","M","R","T","E","?","E","R","?","R","BOSS"],"build_version":"2019-02-06","purchased_purges":0,"victory":false,"max_hp_per_floor":[71,71,71,71,71,71,71,71,71,71,64,64,64,64,64,64],"card_choices":[{"not_picked":["Barrage","Gash"],"picked":"Hello World","floor":1},{"not_picked":["Beam Cell","Hologram"],"picked":"Defragment","floor":2},{"not_picked":["Rebound","Gash"],"picked":"Cold Snap","floor":7},{"not_picked":["Undo","Stack"],"picked":"Coolheaded","floor":10},{"not_picked":["Go for the Eyes","Beam Cell"],"picked":"Sunder","floor":12}],"player_experience":1273812,"relics_obtained":[{"floor":9,"key":"Bronze Scales"},{"floor":10,"key":"Vajra"},{"floor":12,"key":"Girya"},{"floor":14,"key":"Oddly Smooth Stone"}],"event_choices":[{"damage_healed":0,"gold_gain":0,"player_choice":"Entered Light","damage_taken":21,"max_hp_gain":0,"max_hp_loss":0,"event_name":"Shining Light","floor":3,"gold_loss":0,"cards_upgraded":["Defend_B","Hello World"]},{"damage_healed":0,"gold_gain":0,"player_choice":"Ignored","damage_taken":0,"max_hp_gain":0,"max_hp_loss":0,"event_name":"Liars Game","floor":4,"gold_loss":0},{"damage_healed":23,"gold_gain":0,"player_choice":"Banana","damage_taken":0,"max_hp_gain":0,"max_hp_loss":0,"event_name":"Big Fish","floor":5,"gold_loss":0},{"damage_healed":0,"gold_gain":0,"player_choice":"Lose Max HP","damage_taken":0,"relics_obtained":["Golden Idol"],"max_hp_gain":0,"max_hp_loss":7,"event_name":"Golden Idol","floor":11,"gold_loss":0}],"is_beta":true,"boss_relics":[],"items_purged_floors":[],"is_endless":false,"potions_floor_spawned":[1,7],"killed_by":"The Guardian","ascension_level":20}