{"gold_per_floor":[110,185,205,222,222,222,256,256,256,406,25,54,72,72,72,72],"floor_reached":16,"playtime":487,"items_purged":[],"score":216,"play_id":"388486e0-081d-4be0-a54e-db1231badf2e","local_time":"20190825201505","is_ascension_mode":true,"campfire_choices":[{"floor":6,"key":"REST"},{"data":"Barrage","floor":8,"key":"SMITH"},{"floor":15,"key":"REST"}],"neow_cost":"NONE","seed_source_timestamp":460412586668300,"circlet_count":0,"master_deck":["AscendersBane","Strike_B","Strike_B","Strike_B","Strike_B+1","Defend_B","Defend_B","Defend_B","Defend_B","Zap+1","Dualcast","Amplify","Barrage+1","Steam","Coolheaded","Sweeping Beam","Doubt","Consume","Genetic Algorithm"],"relics":["Cracked Core","Emotion Chip","FossilizedHelix","Runic Capacitor","PreservedInsect","Omamori"],"potions_floor_usage":[7,16],"damage_taken":[{"damage":9,"enemies":"Jaw Worm","floor":1,"turns":4},{"damage":4,"enemies":"Small Slimes","floor":3,"turns":3},{"damage":0,"enemies":"2 Louse","floor":4,"turns":2},{"damage":10,"enemies":"3 Sentries","floor":7,"turns":7},{"damage":26,"enemies":"Gremlin Nob","floor":12,"turns":4},{"damage":0,"enemies":"2 Fungi Beasts","floor":13,"turns":3},{"damage":28,"enemies":"Hexaghost","floor":16,"turns":9}],"seed_played":"-628784671730065994","potions_obtained":[{"floor":1,"key":"PowerPotion"},{"floor":7,"key":"Dexterity Potion"}],"is_trial":false,"path_per_floor":["M","?","M","M","?","R","E","R","T","?","$","E","M","?","R","B"],"character_chosen":"DEFECT","items_purchased":["Runic Capacitor","PreservedInsect"],"campfire_rested":2,"item_purchase_floors":[11,11],"current_hp_per_floor":[55,44,40,40,19,40,30,30,30,30,30,4,4,4,25,0],"gold":72,"neow_bonus":"ONE_RANDOM_RARE_CARD","is_prod":false,"is_daily":false,"chose_seed":false,"campfire_upgraded":1,"win_rate":0,"timestamp":1566731705,"path_taken":["M","?","M","M","?","R","E","R","T","?","$","E","M","?","R","BOSS"],"build_version":"2019-07-17","purchased_purges":0,"victory":false,"max_hp_per_floor":[71,71,71,71,71,71,71,71,71,71,71,71,71,71,71,71],"card_choices":[{"not_picked":["Doom and Gloom","Stack"],"picked":"Barrage","floor":1},{"not_picked":["Lockon","Conserve Battery"],"picked":"Steam","floor":3},{"not_picked":["Redo","Force Field"],"picked":"Coolheaded","floor":4},{"not_picked":["Turbo","Stack"],"picked":"Sweeping Beam","floor":7},{"not_picked":["Coolheaded","Scrape"],"picked":"Consume","floor":12},{"not_picked":["Turbo","Loop"],"picked":"Genetic Algorithm","floor":13}],"player_experience":245785,"relics_obtained":[{"floor":7,"key":"Emotion Chip"},{"floor":9,"key":"FossilizedHelix"},{"floor":12,"key":"Omamori"}],"event_choices":[{"damage_healed":0,"gold_gain":75,"player_choice":"Gather Gold","damage_taken":11,"max_hp_gain":0,"max_hp_loss":0,"event_name":"World of Goop","floor":2,"gold_loss":0},{"damage_healed":0,"gold_gain":0,"player_choice":"Entered Light","damage_taken":21,"max_hp_gain":0,"max_hp_loss":0,"event_name":"Shining Light","floor":5,"gold_loss":0,"cards_upgraded":["Strike_B","Zap"]},{"damage_healed":0,"gold_gain":150,"player_choice":"AGREE","damage_taken":0,"max_hp_gain":0,"max_hp_loss":0,"event_name":"Liars Game","floor":10,"gold_loss":0,"cards_obtained":["Doubt"]},{"damage_healed":0,"gold_gain":0,"player_choice":"Searched \u00270\u0027 times","damage_taken":0,"max_hp_gain":0,"max_hp_loss":0,"event_name":"Dead Adventurer","floor":14,"gold_loss":0}],"is_beta":false,"boss_relics":[],"items_purged_floors":[],"is_endless":false,"potions_floor_spawned":[1,7],"killed_by":"Hexaghost","ascension_level":20}