{"gold_per_floor":[113,113,131,147,163,163,163,163,163,7,24,24,55,74,74,148,148],"floor_reached":17,"playtime":461,"items_purged":["Pain"],"score":314,"play_id":"c7ef3a23-41f1-4d45-81f2-ea8e132d5007","local_time":"20190201163227","is_ascension_mode":true,"campfire_choices":[{"data":"Neutralize","floor":6,"key":"SMITH"},{"data":"Malaise","floor":8,"key":"SMITH"},{"data":"All Out Attack","floor":12,"key":"SMITH"},{"data":"Well Laid Plans","floor":15,"key":"SMITH"}],"neow_cost":"NONE","seed_source_timestamp":10304048759963,"circlet_count":0,"master_deck":["AscendersBane","Defend_G","Defend_G","Defend_G","Defend_G","Defend_G","Strike_G","Strike_G","Strike_G","Strike_G","Strike_G","Survivor","Neutralize+1","Backflip","All Out Attack+1","Backstab","Malaise+1","Well Laid Plans+1","Choke","Grand Finale","Burst"],"relics":["Cursed Key","Juzu Bracelet","Ornamental Fan"],"potions_floor_usage":[],"damage_taken":[{"damage":5,"enemies":"2 Louse","floor":1,"turns":3},{"damage":3,"enemies":"Cultist","floor":3,"turns":5},{"damage":0,"enemies":"Small Slimes","floor":4,"turns":3},{"damage":0,"enemies":"3 Louse","floor":5,"turns":3},{"damage":2,"enemies":"Blue Slaver","floor":11,"turns":4},{"damage":11,"enemies":"Lagavulin","floor":13,"turns":7},{"damage":0,"enemies":"Gremlin Gang","floor":14,"turns":1},{"damage":20,"enemies":"The Guardian","floor":16,"turns":13}],"seed_played":"-5952542033010527054","potions_obtained":[{"floor":3,"key":"Explosive Potion"},{"floor":4,"key":"Dexterity Potion"}],"is_trial":false,"path_per_floor":["M","?","M","M","M","R","?","R","T","$","M","R","E","M","R","B",null],"character_chosen":"THE_SILENT","items_purchased":["Well Laid Plans"],"campfire_rested":0,"item_purchase_floors":[10],"current_hp_per_floor":[54,50,47,47,47,47,52,52,52,52,50,50,39,39,39,19,19],"gold":148,"neow_bonus":"BOSS_RELIC","is_prod":false,"is_daily":false,"chose_seed":false,"campfire_upgraded":4,"win_rate":0,"timestamp":1549067547,"path_taken":["M","?","M","?","M","R","?","R","T","$","M","R","E","M","R","BOSS"],"build_version":"2019-01-23","purchased_purges":1,"victory":false,"max_hp_per_floor":[66,66,66,66,66,66,71,71,71,71,71,71,71,71,71,71,71],"card_choices":[{"not_picked":["Flying Knee","Heel Hook"],"picked":"Backflip","floor":1},{"not_picked":["Outmaneuver","Noxious Fumes"],"picked":"All Out Attack","floor":3},{"not_picked":["Sucker Punch","All Out Attack"],"picked":"Backstab","floor":4},{"not_picked":["Poisoned Stab","Deflect"],"picked":"Malaise","floor":5},{"not_picked":["Flying Knee","Heel Hook"],"picked":"Choke","floor":11},{"not_picked":["Underhanded Strike","Quick Slash"],"picked":"Grand Finale","floor":13},{"not_picked":["Bane","Dodge and Roll","Blade Dance"],"picked":"SKIP","floor":14},{"not_picked":["Storm of Steel","Unload"],"picked":"Burst","floor":16}],"player_experience":1082351,"relics_obtained":[{"floor":9,"key":"Juzu Bracelet"},{"floor":13,"key":"Ornamental Fan"}],"event_choices":[{"damage_healed":0,"gold_gain":0,"player_choice":"Bought 0 Potions","damage_taken":0,"max_hp_gain":0,"max_hp_loss":0,"event_name":"The Woman in Blue","floor":2,"gold_loss":0},{"damage_healed":0,"gold_gain":0,"player_choice":"Donut","damage_taken":0,"max_hp_gain":5,"max_hp_loss":0,"event_name":"Big Fish","floor":7,"gold_loss":0}],"is_beta":true,"boss_relics":[],"items_purged_floors":[10],"is_endless":false,"potions_floor_spawned":[3,4,16],"ascension_level":20}