{"gold_per_floor":[110,185,185,200,57,57,67,92,171,187,187,204,219,249,249,352,352,369,385,396,93,106,106,123,133,160,111,130,148,148,158,158,262,262,281,281,297,297,397,397,413,426,426,426,442,458,458,0,0,0],"floor_reached":51,"playtime":4381,"items_purged":["Clumsy","Strike_R"],"score":642,"play_id":"b1f36fa6-cfd5-40f6-a025-f67ddf13da6f","local_time":"20190529132633","is_ascension_mode":false,"campfire_choices":[{"data":"Pommel Strike","floor":6,"key":"SMITH"},{"data":"Barricade","floor":11,"key":"SMITH"},{"floor":15,"key":"REST"},{"floor":23,"key":"REST"},{"floor":30,"key":"REST"},{"floor":32,"key":"REST"},{"data":"True Grit","floor":40,"key":"SMITH"},{"data":"Entrench","floor":44,"key":"SMITH"},{"data":"Juggernaut","floor":49,"key":"SMITH"}],"neow_cost":"CURSE","seed_source_timestamp":1178794905398523,"circlet_count":0,"master_deck":["Strike_R","Strike_R","Strike_R","Strike_R","Defend_R","Defend_R","Defend_R","Defend_R","Bash","Pommel Strike+1","Metallicize","Clothesline","Barricade+1","Entrench+1","Juggernaut+1","Feed","Body Slam","Havoc+1","Armaments","True Grit+1","True Grit","Armaments+1","Corruption+1","Exhume","Flame Barrier+1","Flame Barrier","Feel No Pain+1","Disarm","Body Slam"],"relics":["Burning Blood","Nunchaku","CultistMask","Ancient Tea Set","Kunai","Vajra","Sozu","Bronze Scales","Juzu Bracelet","Runic Pyramid","Bird Faced Urn","Bottled Lightning","Red Mask"],"potions_floor_usage":[16,16,20],"damage_taken":[{"damage":7,"enemies":"2 Louse","floor":1,"turns":2},{"damage":7,"enemies":"Jaw Worm","floor":4,"turns":6},{"damage":0,"enemies":"Cultist","floor":7,"turns":5},{"damage":15,"enemies":"3 Sentries","floor":8,"turns":12},{"damage":21,"enemies":"Gremlin Gang","floor":10,"turns":6},{"damage":7,"enemies":"Lots of Slimes","floor":12,"turns":4},{"damage":7,"enemies":"Red Slaver","floor":13,"turns":3},{"damage":35,"enemies":"Gremlin Nob","floor":14,"turns":7},{"damage":39,"enemies":"Slime Boss","floor":16,"turns":16},{"damage":25,"enemies":"Shell Parasite","floor":18,"turns":8},{"damage":15,"enemies":"3 Byrds","floor":19,"turns":7},{"damage":36,"enemies":"Shelled Parasite and Fungi","floor":20,"turns":5},{"damage":14,"enemies":"Snake Plant","floor":22,"turns":4},{"damage":3,"enemies":"Chosen and Byrds","floor":24,"turns":6},{"damage":24,"enemies":"Snecko","floor":25,"turns":7},{"damage":26,"enemies":"Shelled Parasite and Fungi","floor":28,"turns":5},{"damage":0,"enemies":"Centurion and Healer","floor":29,"turns":9},{"damage":6,"enemies":"Snake Plant","floor":31,"turns":4},{"damage":40,"enemies":"Automaton","floor":33,"turns":12},{"damage":9,"enemies":"Orb Walker","floor":35,"turns":3},{"damage":15,"enemies":"3 Darklings","floor":37,"turns":6},{"damage":3,"enemies":"Mind Bloom Boss Battle","floor":39,"turns":8},{"damage":44,"enemies":"Jaw Worm Horde","floor":41,"turns":5},{"damage":0,"enemies":"Spire Growth","floor":42,"turns":4},{"damage":0,"enemies":"Writhing Mass","floor":45,"turns":4},{"damage":5,"enemies":"Jaw Worm Horde","floor":46,"turns":5},{"damage":26,"enemies":"Time Eater","floor":50,"turns":10}],"seed_played":"2972259193058731243","potions_obtained":[{"floor":8,"key":"SpeedPotion"},{"floor":12,"key":"Regen Potion"},{"floor":16,"key":"Poison Potion"}],"is_trial":false,"path_per_floor":["M","?","?","M","$","R","M","E","T","M","R","M","M","E","R","B",null,"M","M","M","$","M","R","M","M","T","$","M","M","R","M","R","B",null,"M","?","M","?","?","R","M","M","T","R","M","M","?","?","R","B",null],"character_chosen":"IRONCLAD","items_purchased":["Metallicize","Bronze Scales","Armaments","True Grit"],"campfire_rested":4,"item_purchase_floors":[5,21,21,27],"current_hp_per_floor":[79,68,68,67,67,67,73,64,64,49,49,48,47,18,42,24,80,61,55,25,25,17,41,44,26,26,26,9,18,44,44,70,36,89,86,85,76,76,83,83,53,67,67,67,79,88,88,88,88,77],"gold":0,"neow_bonus":"ONE_RARE_RELIC","is_prod":false,"is_daily":false,"chose_seed":false,"campfire_upgraded":5,"win_rate":0,"timestamp":1559150793,"path_taken":["M","?","?","M","$","R","?","E","T","M","R","?","M","E","R","BOSS","M","?","M","?","M","R","M","M","T","$","M","M","R","M","R","BOSS","M","?","M","?","?","R","M","M","T","R","M","M","?","?","R","BOSS"],"build_version":"2019-01-23","purchased_purges":2,"victory":true,"max_hp_per_floor":[80,80,80,80,80,80,80,80,80,80,80,80,80,80,80,80,80,80,83,83,83,83,83,83,83,83,83,86,89,89,89,89,89,89,89,85,85,85,89,89,89,89,89,89,89,89,89,89,89,89],"card_choices":[{"not_picked":["Perfected Strike","Combust"],"picked":"True Grit","floor":1},{"not_picked":["Shrug It Off","Heavy Blade"],"picked":"Pommel Strike","floor":4},{"not_picked":["Thunderclap","Headbutt"],"picked":"Clothesline","floor":7},{"not_picked":["Dark Embrace","Twin Strike","True Grit"],"picked":"SKIP","floor":8},{"not_picked":["Headbutt","Twin Strike"],"picked":"Barricade","floor":10},{"not_picked":["Sword Boomerang","Combust","Twin Strike"],"picked":"SKIP","floor":12},{"not_picked":["Pommel Strike","Disarm"],"picked":"Entrench","floor":13},{"not_picked":["Sever Soul","Pummel"],"picked":"Juggernaut","floor":14},{"not_picked":["Bludgeon","Exhume"],"picked":"Feed","floor":16},{"not_picked":["Hemokinesis","Dropkick"],"picked":"Body Slam","floor":18},{"not_picked":["Flex+1","Sword Boomerang"],"picked":"Havoc+1","floor":19},{"not_picked":["Anger+1","Wild Strike","Sword Boomerang"],"picked":"SKIP","floor":20},{"not_picked":["Anger+1","Wild Strike","Sword Boomerang"],"picked":"SKIP","floor":20},{"not_picked":["Cleave+1","Clash+1","Carnage"],"picked":"SKIP","floor":22},{"not_picked":["Uppercut","Havoc+1"],"picked":"True Grit","floor":24},{"not_picked":["Twin Strike","Pommel Strike","Heavy Blade"],"picked":"SKIP","floor":25},{"not_picked":["True Grit+1","Dropkick+1"],"picked":"Armaments+1","floor":28},{"not_picked":["Perfected Strike","Armaments"],"picked":"Corruption+1","floor":29},{"not_picked":["Pommel Strike","Headbutt+1","Thunderclap"],"picked":"SKIP","floor":31},{"not_picked":["Bludgeon","Feed"],"picked":"Exhume","floor":33},{"not_picked":["Wild Strike","Pommel Strike","Heavy Blade"],"picked":"SKIP","floor":35},{"not_picked":["Body Slam+1","Metallicize+1"],"picked":"Flame Barrier+1","floor":37},{"not_picked":["Thunderclap+1","Carnage+1"],"picked":"Flame Barrier","floor":41},{"not_picked":["Flex+1","Dropkick+1"],"picked":"Feel No Pain+1","floor":42},{"not_picked":["Searing Blow+1","Power Through+1"],"picked":"Disarm","floor":45},{"not_picked":["True Grit","Wild Strike+1"],"picked":"Body Slam","floor":46}],"player_experience":57575,"relics_obtained":[{"floor":8,"key":"Ancient Tea Set"},{"floor":9,"key":"Kunai"},{"floor":14,"key":"Vajra"},{"floor":26,"key":"Juzu Bracelet"},{"floor":39,"key":"Bird Faced Urn"},{"floor":43,"key":"Bottled Lightning"}],"event_choices":[{"damage_healed":0,"gold_gain":75,"player_choice":"Gather Gold","damage_taken":11,"max_hp_gain":0,"max_hp_loss":0,"event_name":"World of Goop","floor":2,"gold_loss":0},{"damage_healed":0,"gold_gain":0,"player_choice":"Trade","damage_taken":0,"relics_obtained":["CultistMask"],"max_hp_gain":0,"max_hp_loss":0,"event_name":"FaceTrader","floor":3,"gold_loss":0},{"damage_healed":0,"gold_gain":0,"player_choice":"Max HP","damage_taken":0,"max_hp_gain":0,"max_hp_loss":4,"event_name":"Winding Halls","floor":36,"gold_loss":0},{"cards_removed":["True Grit"],"damage_healed":0,"gold_gain":0,"player_choice":"Removed Skill","damage_taken":0,"max_hp_gain":0,"max_hp_loss":0,"event_name":"Falling","floor":38,"gold_loss":0},{"damage_healed":0,"gold_gain":0,"player_choice":"Fight","damage_taken":0,"max_hp_gain":0,"max_hp_loss":0,"event_name":"MindBloom","floor":39,"gold_loss":0},{"damage_healed":0,"gold_gain":0,"player_choice":"Ignored","damage_taken":0,"max_hp_gain":0,"max_hp_loss":0,"event_name":"Mysterious Sphere","floor":47,"gold_loss":0},{"damage_healed":0,"gold_gain":0,"player_choice":"Paid","damage_taken":0,"relics_obtained":["Red Mask"],"max_hp_gain":0,"max_hp_loss":0,"event_name":"Tomb of Lord Red Mask","floor":48,"gold_loss":458}],"is_beta":false,"boss_relics":[{"not_picked":["Snecko Eye","Black Blood"],"picked":"Sozu"},{"not_picked":["Runic Cube","Calling Bell"],"picked":"Runic Pyramid"}],"items_purged_floors":[5,21],"is_endless":false,"potions_floor_spawned":[8,12,16,24,25,29,31,33,35,39,41,46],"ascension_level":0}