{"gold_per_floor":[113,128,144,94,94,127,127,154,154,154,172,172,190,207,207,302,302,315,342,148,128,148,148,162,162,185,284,297,297,307,307],"floor_reached":31,"playtime":2047,"items_purged":["Strike_R"],"score":289,"play_id":"7f48c56d-1072-4802-bb9d-553beea83dfd","local_time":"20180712165739","is_ascension_mode":true,"campfire_choices":[{"data":"Bash","floor":7,"key":"SMITH"},{"data":"Inflame","floor":12,"key":"SMITH"},{"floor":15,"key":"REST"},{"data":"Immolate","floor":23,"key":"SMITH"},{"floor":29,"key":"REST"}],"neow_cost":"","seed_source_timestamp":69953507739008,"circlet_count":0,"master_deck":["Strike_R","Strike_R","Strike_R","Defend_R","Defend_R","Defend_R","Defend_R","Bash+1","Feel No Pain","Inflame+1","Flame Barrier","Anger","Ghostly Armor","Twin Strike","Iron Wave","Disarm","Demon Form","Immolate+1","Havoc","Shrug It Off","Shrug It Off","Shrug It Off"],"relics":["Black Blood","Shuriken","Strawberry","Bottled Flame","GremlinMask","Pen Nib","Potion Belt"],"potions_floor_usage":[16,16,16,22,25,31],"damage_taken":[{"damage":6,"enemies":"Cultist","floor":1,"turns":3},{"damage":12,"enemies":"2 Louse","floor":2,"turns":3},{"damage":0,"enemies":"Small Slimes","floor":3,"turns":3},{"damage":13,"enemies":"3 Sentries","floor":6,"turns":12},{"damage":28,"enemies":"Lagavulin","floor":8,"turns":6},{"damage":12,"enemies":"Looter","floor":11,"turns":3},{"damage":7,"enemies":"Exordium Wildlife","floor":13,"turns":4},{"damage":0,"enemies":"Large Slime","floor":14,"turns":5},{"damage":15,"enemies":"The Guardian","floor":16,"turns":10},{"damage":13,"enemies":"Chosen","floor":18,"turns":6},{"damage":26,"enemies":"2 Thieves","floor":21,"turns":4},{"damage":11,"enemies":"Centurion and Healer","floor":22,"turns":6},{"damage":36,"enemies":"Slaver and Parasite","floor":24,"turns":6},{"damage":8,"enemies":"Cultist and Chosen","floor":25,"turns":3},{"damage":38,"enemies":"Snake Plant","floor":28,"turns":5},{"damage":42,"enemies":"Chosen and Byrds","floor":30,"turns":7},{"damage":18,"enemies":"Snecko","floor":31,"turns":4}],"seed_played":"6141801363392762525","potions_obtained":[{"floor":3,"key":"Dexterity Potion"},{"floor":8,"key":"Ancient Potion"},{"floor":11,"key":"SpeedPotion"},{"floor":13,"key":"LiquidBronze"},{"floor":24,"key":"SmokeBomb"},{"floor":30,"key":"Swift Potion"}],"is_trial":false,"path_per_floor":["M","M","M","?","?","E","R","E","T","?","M","R","M","M","R","B",null,"M","T","$","M","M","R","M","M","T","?","M","R","M"],"character_chosen":"IRONCLAD","items_purchased":["Immolate","Weak Potion"],"campfire_rested":2,"item_purchase_floors":[20,20],"current_hp_per_floor":[80,74,80,80,85,78,78,63,63,63,57,57,56,62,89,80,92,89,89,89,73,72,72,46,48,48,48,20,47,15,0],"gold":307,"neow_bonus":"","is_prod":false,"is_daily":false,"chose_seed":false,"campfire_upgraded":3,"win_rate":0,"timestamp":1531429059,"path_taken":["M","M","M","?","?","E","R","E","T","?","M","R","M","?","R","BOSS","M","?","$","M","M","R","?","M","T","?","M","R","?","M"],"build_version":"2018-07-12","purchased_purges":1,"victory":false,"max_hp_per_floor":[80,80,80,80,85,85,85,92,92,92,92,92,92,92,92,92,92,92,92,92,92,92,92,92,92,92,92,92,92,92,92],"card_choices":[{"not_picked":["Sword Boomerang","Iron Wave"],"picked":"Feel No Pain","floor":1},{"not_picked":["Body Slam","Iron Wave"],"picked":"Inflame","floor":2},{"not_picked":["Intimidate","True Grit"],"picked":"Flame Barrier","floor":3},{"not_picked":["Flex","Headbutt"],"picked":"Anger","floor":6},{"not_picked":["Iron Wave","Carnage"],"picked":"Ghostly Armor","floor":8},{"not_picked":["Cleave","Rage"],"picked":"Twin Strike","floor":11},{"not_picked":["Combust","Thunderclap"],"picked":"Iron Wave","floor":13},{"not_picked":["Thunderclap","Twin Strike"],"picked":"Disarm","floor":14},{"not_picked":["Bludgeon","Brutality"],"picked":"Demon Form","floor":16},{"not_picked":["Pommel Strike","Body Slam","Perfected Strike"],"picked":"SKIP","floor":18},{"not_picked":["Rage","Ghostly Armor"],"picked":"Havoc","floor":21},{"not_picked":["Power Through","Blood for Blood+1"],"picked":"Shrug It Off","floor":22},{"not_picked":["Anger","Flex+1"],"picked":"Shrug It Off","floor":24},{"not_picked":["True Grit","Seeing Red"],"picked":"Shrug It Off","floor":28},{"not_picked":["Pummel","Wild Strike+1","Havoc"],"picked":"SKIP","floor":30}],"player_experience":265687,"relics_obtained":[{"floor":6,"key":"Shuriken"},{"floor":8,"key":"Strawberry"},{"floor":9,"key":"Bottled Flame"},{"floor":19,"key":"Pen Nib"},{"floor":26,"key":"Potion Belt"}],"event_choices":[{"event_name":"The Cleric","player_choice":"Card Removal","floor":4,"damage_taken":0},{"event_name":"Big Fish","player_choice":"Donut","floor":5,"damage_taken":0},{"event_name":"FaceTrader","player_choice":"Trade","floor":10,"damage_taken":0},{"event_name":"Nest","player_choice":"Stole From Cult","floor":27,"damage_taken":0}],"boss_relics":[{"not_picked":["Runic Pyramid","Black Star"],"picked":"Black Blood"}],"items_purged_floors":[20],"is_endless":false,"potions_floor_spawned":[3,8,11,13,14,24,30],"killed_by":"Snecko","ascension_level":3}