{"gold_per_floor":[209,228,46,64,75,110,110,127,127,127,154,168,168,188,188,188],"floor_reached":16,"playtime":428,"items_purged":[],"score":154,"play_id":"a8985e13-733a-4780-99dc-6cd802964b6e","local_time":"20190826172146","is_ascension_mode":true,"campfire_choices":[{"data":"Immolate","floor":7,"key":"SMITH"},{"floor":10,"key":"REST"},{"data":"Immolate","floor":13,"key":"SMITH"},{"data":"Body Slam","floor":15,"key":"SMITH"}],"neow_cost":"NONE","seed_source_timestamp":536476391441300,"circlet_count":0,"master_deck":["Strike_R","Strike_R","Strike_R","Strike_R","Strike_R","Defend_R","Defend_R","Defend_R","Defend_R","Bash","Pommel Strike","Thunderclap","Immolate+1","Wild Strike","Spot Weakness","Cleave","Shrug It Off","Body Slam+1","Iron Wave","Immolate+1","Iron Wave"],"relics":["Burning Blood","Dead Branch","Dream Catcher","Juzu Bracelet"],"potions_floor_usage":[6,8,16],"damage_taken":[{"damage":10,"enemies":"Cultist","floor":1,"turns":5},{"damage":8,"enemies":"Jaw Worm","floor":2,"turns":4},{"damage":3,"enemies":"2 Louse","floor":4,"turns":2},{"damage":27,"enemies":"Exordium Thugs","floor":5,"turns":4},{"damage":16,"enemies":"Gremlin Nob","floor":6,"turns":3},{"damage":13,"enemies":"Exordium Wildlife","floor":8,"turns":3},{"damage":25,"enemies":"Lagavulin","floor":11,"turns":5},{"damage":2,"enemies":"2 Fungi Beasts","floor":12,"turns":2},{"damage":11,"enemies":"Looter","floor":14,"turns":2},{"damage":50,"enemies":"The Guardian","floor":16,"turns":10}],"seed_played":"572977883001249193","potions_obtained":[{"floor":1,"key":"EssenceOfSteel"},{"floor":5,"key":"Poison Potion"},{"floor":8,"key":"Ancient Potion"},{"floor":11,"key":"Regen Potion"}],"is_trial":false,"path_per_floor":["M","M","$","M","M","E","R","M","T","R","E","M","R","M","R","B"],"character_chosen":"IRONCLAD","items_purchased":["Immolate","Wild Strike"],"campfire_rested":1,"item_purchase_floors":[3,3],"current_hp_per_floor":[68,66,66,69,48,38,38,31,31,55,36,40,40,35,35,0],"gold":188,"neow_bonus":"HUNDRED_GOLD","is_prod":false,"is_daily":false,"chose_seed":false,"campfire_upgraded":3,"win_rate":0,"timestamp":1566807706,"path_taken":["M","M","$","M","?","E","R","M","T","R","E","M","R","M","R","BOSS"],"build_version":"2019-07-17","purchased_purges":0,"victory":false,"max_hp_per_floor":[80,80,80,80,80,80,80,80,80,80,80,80,80,80,80,80],"card_choices":[{"not_picked":["Searing Blow","Rampage"],"picked":"Pommel Strike","floor":1},{"not_picked":["Havoc","Sever Soul"],"picked":"Thunderclap","floor":2},{"not_picked":["Warcry","Pummel","Entrench"],"picked":"SKIP","floor":4},{"not_picked":["Seeing Red","Reckless Charge"],"picked":"Spot Weakness","floor":5},{"not_picked":["Warcry","Rupture"],"picked":"Cleave","floor":6},{"not_picked":["Heavy Blade","Havoc"],"picked":"Shrug It Off","floor":8},{"not_picked":["Heavy Blade","Anger"],"picked":"Body Slam","floor":10},{"not_picked":["Perfected Strike","Searing Blow"],"picked":"Iron Wave","floor":11},{"not_picked":["Rage","Perfected Strike"],"picked":"Immolate","floor":12},{"not_picked":["Thunderclap","Entrench"],"picked":"Iron Wave","floor":14}],"player_experience":256179,"relics_obtained":[{"floor":6,"key":"Dead Branch"},{"floor":9,"key":"Dream Catcher"},{"floor":11,"key":"Juzu Bracelet"}],"event_choices":[],"is_beta":false,"boss_relics":[],"items_purged_floors":[],"is_endless":false,"potions_floor_spawned":[1,5,8,11],"killed_by":"The Guardian","ascension_level":7}