{"gold_per_floor":[118,118,33,33,33,74,74,112,139,177,177,216,237,262,262,353,353,369,210,223,56,77,77,112,131,182,182,182,107,120,159,159,258,258,283,304,637,684,508,508],"floor_reached":40,"playtime":1965,"items_purged":["Strike_B","Pain"],"score":975,"play_id":"ecc0c6fd-dae6-463d-8b71-f4cb6b68d8b2","local_time":"20190719234203","is_ascension_mode":true,"campfire_choices":[{"data":"Go for the Eyes","floor":7.0,"key":"SMITH"},{"floor":11.0,"key":"REST"},{"data":"Hello World","floor":15.0,"key":"SMITH"},{"floor":23.0,"key":"REST"},{"floor":27,"key":"REST"},{"floor":32,"key":"REST"}],"neow_cost":"NONE","seed_source_timestamp":0,"circlet_count":0,"master_deck":["AscendersBane","Strike_B","Strike_B","Defend_B","Defend_B","Defend_B","Defend_B","Zap+1","Dualcast+1","Glacier","Gash","Gash","Conserve Battery","Go for the Eyes+1","Capacitor+1","Hello World+1","Coolheaded","Leap","White Noise","Hologram","Barrage","Ball Lightning","Buffer","Capacitor","Reinforced Body+1","Sunder","Consume","Hologram","Stack","Go for the Eyes+1","All For One","Sunder+1","Coolheaded","Capacitor"],"special_seed":0,"relics":["Orrery","Blood Vial","Vajra","Bag of Preparation","Oddly Smooth Stone","Strawberry","Fusion Hammer","Omamori","Juzu Bracelet","PreservedInsect","Calling Bell","Bag of Marbles","Shuriken","Emotion Chip","Ancient Tea Set"],"potions_floor_usage":[24,24,25,40],"damage_taken":[{"damage":3.0,"enemies":"2 Louse","floor":1.0,"turns":3.0},{"damage":4.0,"enemies":"Lagavulin","floor":6.0,"turns":8.0},{"damage":25.0,"enemies":"Gremlin Nob","floor":8.0,"turns":4.0},{"damage":0.0,"enemies":"Lagavulin","floor":10.0,"turns":8.0},{"damage":32.0,"enemies":"Gremlin Nob","floor":12.0,"turns":5.0},{"damage":0.0,"enemies":"Jaw Worm","floor":13.0,"turns":3.0},{"damage":0.0,"enemies":"Small Slimes","floor":14.0,"turns":4.0},{"damage":16.0,"enemies":"The Guardian","floor":16.0,"turns":10.0},{"damage":0.0,"enemies":"Shell Parasite","floor":18.0,"turns":8.0},{"damage":0.0,"enemies":"Chosen","floor":20.0,"turns":7.0},{"damage":10.0,"enemies":"Centurion and Healer","floor":22.0,"turns":7.0},{"damage":1,"enemies":"Slavers","floor":24,"turns":2},{"damage":6,"enemies":"3 Cultists","floor":25,"turns":7},{"damage":12,"enemies":"Snecko","floor":30,"turns":9},{"damage":13,"enemies":"Book of Stabbing","floor":31,"turns":8},{"damage":17,"enemies":"Collector","floor":33,"turns":13},{"damage":20,"enemies":"3 Darklings","floor":35,"turns":6},{"damage":15,"enemies":"Orb Walker","floor":36,"turns":3},{"damage":42,"enemies":"Reptomancer","floor":40,"turns":4}],"seed_played":"16021610039637584","potions_obtained":[{"floor":6.0,"key":"GamblersBrew"},{"floor":8.0,"key":"SteroidPotion"},{"floor":13.0,"key":"Strength Potion"},{"floor":14.0,"key":"SmokeBomb"},{"floor":18.0,"key":"PowerPotion"},{"floor":20.0,"key":"Energy Potion"},{"floor":24,"key":"Swift Potion"},{"floor":31,"key":"Ancient Potion"},{"floor":33,"key":"SteroidPotion"}],"is_trial":false,"path_per_floor":["M","?","$","?","?","E","R","E","T","E","R","E","M","M","R","B",null,"M","$","M","$","M","R","E","M","T","R","?","?","M","E","R","B",null,"M","M","?","T","$","E"],"character_chosen":"DEFECT","items_purchased":["Hello World","Capacitor","Sunder","Consume","Capacitor"],"campfire_rested":4,"item_purchase_floors":[3,19,21,21,39],"current_hp_per_floor":[61,40,40,40,40,36,36,13,13,15,34,11,13,15,15,1,54,56,56,58,58,50,71,70,65,65,71,71,71,59,48,69,54,67,49,36,36,36,36,0],"gold":508,"neow_bonus":"BOSS_RELIC","is_prod":false,"is_daily":false,"chose_seed":false,"campfire_upgraded":2,"win_rate":0,"timestamp":1563604923,"path_taken":["M","?","$","?","?","E","R","E","T","E","R","E","M","M","R","BOSS","M","$","M","$","M","R","E","M","T","R","?","?","M","E","R","BOSS","M","M","?","?","$","E"],"build_version":"2019-07-18","purchased_purges":2,"victory":false,"max_hp_per_floor":[71,71,71,71,64,64,64,64,64,64,64,71,71,71,71,71,71,71,71,71,71,71,71,71,71,71,71,71,71,71,71,71,71,71,71,71,71,71,71,71],"card_choices":[{"not_picked":["Barrage","Coolheaded"],"picked":"Glacier","floor":0.0},{"not_picked":["Go for the Eyes","Steam"],"picked":"Gash","floor":0.0},{"not_picked":["Skim","Compile Driver"],"picked":"Gash","floor":0.0},{"not_picked":["Beam Cell","Go for the Eyes"],"picked":"Conserve Battery","floor":0.0},{"not_picked":["Static Discharge","Sweeping Beam"],"picked":"Go for the Eyes","floor":0.0},{"not_picked":["Cold Snap","Coolheaded"],"picked":"Capacitor","floor":1.0},{"not_picked":["Leap","Thunder Strike"],"picked":"Coolheaded","floor":6.0},{"not_picked":["Redo","Steam"],"picked":"Leap","floor":8.0},{"not_picked":["Undo","Melter"],"picked":"White Noise","floor":10.0},{"not_picked":["Streamline","Lockon"],"picked":"Hologram","floor":12.0},{"not_picked":["Beam Cell","Hyperbeam"],"picked":"Barrage","floor":13.0},{"not_picked":["Coolheaded","Leap"],"picked":"Ball Lightning","floor":14.0},{"not_picked":["Machine Learning","Amplify"],"picked":"Buffer","floor":16.0},{"not_picked":["Compile Driver","Beam Cell","Barrage"],"picked":"SKIP","floor":18.0},{"not_picked":["White Noise","Storm"],"picked":"Reinforced Body+1","floor":20.0},{"not_picked":["Loop","Conserve Battery"],"picked":"Hologram","floor":22.0},{"not_picked":["Sweeping Beam","Double Energy"],"picked":"Stack","floor":24},{"not_picked":["Scrape+1","Fusion"],"picked":"Go for the Eyes+1","floor":25},{"not_picked":["Compile Driver","Redo","Go for the Eyes"],"picked":"SKIP","floor":30},{"not_picked":["Tempest","Barrage","Beam Cell"],"picked":"SKIP","floor":31},{"not_picked":["Thunder Strike","Creative AI"],"picked":"All For One","floor":33},{"not_picked":["Sweeping Beam","Barrage"],"picked":"Sunder+1","floor":35},{"not_picked":["Recycle","Tempest+1"],"picked":"Coolheaded","floor":36}],"player_experience":1376389,"relics_obtained":[{"floor":6.0,"key":"Blood Vial"},{"floor":8.0,"key":"Vajra"},{"floor":9.0,"key":"Bag of Preparation"},{"floor":10.0,"key":"Oddly Smooth Stone"},{"floor":12.0,"key":"Strawberry"},{"floor":24,"key":"Omamori"},{"floor":26,"key":"Juzu Bracelet"},{"floor":31,"key":"PreservedInsect"},{"floor":34,"key":"Bag of Marbles"},{"floor":34,"key":"Shuriken"},{"floor":34,"key":"Emotion Chip"},{"floor":38,"key":"Ancient Tea Set"}],"event_choices":[{"damage_healed":0.0,"max_hp_gain":0.0,"max_hp_loss":0.0,"gold_gain":0.0,"event_name":"Shining Light","player_choice":"Entered Light","floor":2.0,"gold_loss":0.0,"damage_taken":21.0,"cards_upgraded":["Dualcast","Capacitor"]},{"damage_healed":0.0,"max_hp_gain":0.0,"max_hp_loss":0.0,"gold_gain":0.0,"event_name":"Living Wall","player_choice":"Grow","floor":4.0,"gold_loss":0.0,"damage_taken":0.0,"cards_upgraded":["Zap"]},{"damage_healed":0.0,"max_hp_gain":0.0,"max_hp_loss":7.0,"gold_gain":0.0,"event_name":"Golden Idol","player_choice":"Lose Max HP","floor":5.0,"gold_loss":0.0,"damage_taken":0.0,"relics_obtained":["Golden Idol"]},{"damage_healed":0,"gold_gain":0,"player_choice":"Ignored","damage_taken":0,"max_hp_gain":0,"max_hp_loss":0,"event_name":"Ghosts","floor":28,"gold_loss":0},{"cards_removed":["Strike_B"],"damage_healed":0,"gold_gain":0,"player_choice":"Gave Gold","damage_taken":0,"max_hp_gain":0,"max_hp_loss":0,"event_name":"Beggar","floor":29,"gold_loss":75},{"damage_healed":0,"gold_gain":333,"player_choice":"Gave Idol","damage_taken":0,"max_hp_gain":0,"max_hp_loss":0,"event_name":"The Moai Head","floor":37,"relics_lost":["Golden Idol"],"gold_loss":0}],"is_beta":true,"boss_relics":[{"not_picked":["Black Star","Velvet Choker"],"picked":"Fusion Hammer"},{"not_picked":["Pandora\u0027s Box","Busted Crown"],"picked":"Calling Bell"}],"items_purged_floors":[19,39],"is_endless":false,"potions_floor_spawned":[6,8,13,14,18,20,24,31,33,36],"killed_by":"Reptomancer","ascension_level":20}