{"gold_per_floor":[113,127,127,138,214,214,244,261,261,186,186,217,228,175,175,249,249,259,170,181,96,121,121,121,151,151,182,195,225,225,242,242,313,313,324,324,324,341,287,287,304,3,3,3,35,55,55,66,66,66,66],"floor_reached":52,"playtime":3824,"items_purged":["Strike_B"],"score":1921,"play_id":"b6e58ee1-416f-49e3-b456-51afec38aa6b","local_time":"20190402190054","is_ascension_mode":true,"campfire_choices":[{"floor":6.0,"key":"REST"},{"floor":11.0,"key":"REST"},{"floor":15.0,"key":"REST"},{"floor":23.0,"key":"REST"},{"floor":30.0,"key":"REST"},{"floor":32.0,"key":"REST"},{"floor":40.0,"key":"REST"},{"floor":44,"key":"RECALL"},{"floor":47,"key":"REST"},{"floor":49,"key":"REST"}],"neow_cost":"NONE","seed_source_timestamp":402059666201,"circlet_count":0,"master_deck":["AscendersBane","Strike_B","Strike_B","Defend_B","Defend_B","Defend_B","Defend_B","Zap","Dualcast","White Noise","Compile Driver","Ball Lightning","Coolheaded","Ball Lightning","Electrodynamics","Steam","Biased Cognition","Conserve Battery","Hello World+1","Hello World","Auto Shields","Streamline","Streamline","Coolheaded+1","Streamline","Cold Snap","Sunder+1","All For One","Hologram","Stack","Conserve Battery","Force Field","Capacitor+1","Stack+1","Cold Snap"],"special_seed":0,"relics":["Fusion Hammer","Bottled Lightning","Blood Vial","Juzu Bracelet","Bag of Preparation","Snecko Eye","Red Mask","Bottled Tornado","Incense Burner","Happy Flower","Frozen Egg 2","Cursed Key","Toolbox","Smiling Mask"],"potions_floor_usage":[50,51],"damage_taken":[{"damage":8.0,"enemies":"Small Slimes","floor":1.0,"turns":3.0},{"damage":1.0,"enemies":"Cultist","floor":2.0,"turns":4.0},{"damage":9.0,"enemies":"Jaw Worm","floor":4.0,"turns":4.0},{"damage":30.0,"enemies":"3 Sentries","floor":7.0,"turns":9.0},{"damage":5.0,"enemies":"Lots of Slimes","floor":8.0,"turns":6.0},{"damage":0.0,"enemies":"Lagavulin","floor":12.0,"turns":6.0},{"damage":1.0,"enemies":"Looter","floor":13.0,"turns":3.0},{"damage":17.0,"enemies":"Slime Boss","floor":16.0,"turns":6.0},{"damage":6.0,"enemies":"Spheric Guardian","floor":18.0,"turns":3.0},{"damage":15.0,"enemies":"Shell Parasite","floor":20.0,"turns":3.0},{"damage":19.0,"enemies":"Masked Bandits","floor":22.0,"turns":3.0},{"damage":18.0,"enemies":"Book of Stabbing","floor":25.0,"turns":7.0},{"damage":0.0,"enemies":"Gremlin Leader","floor":27.0,"turns":4.0},{"damage":0.0,"enemies":"Snecko","floor":28.0,"turns":4.0},{"damage":5.0,"enemies":"Slavers","floor":29.0,"turns":2.0},{"damage":9.0,"enemies":"Centurion and Healer","floor":31.0,"turns":6.0},{"damage":34.0,"enemies":"Champ","floor":33.0,"turns":16.0},{"damage":4.0,"enemies":"3 Darklings","floor":35.0,"turns":4.0},{"damage":0.0,"enemies":"3 Shapes","floor":38.0,"turns":5.0},{"damage":0.0,"enemies":"Sphere and 2 Shapes","floor":41.0,"turns":3.0},{"damage":41,"enemies":"Giant Head","floor":45,"turns":11},{"damage":5,"enemies":"Maw","floor":46,"turns":6},{"damage":0,"enemies":"3 Darklings","floor":48,"turns":3},{"damage":46,"enemies":"Time Eater","floor":50,"turns":13},{"damage":11,"enemies":"Donu and Deca","floor":51,"turns":11}],"seed_played":"7865803193335899663","potions_obtained":[{"floor":1.0,"key":"SpeedPotion"},{"floor":7.0,"key":"SkillPotion"},{"floor":8.0,"key":"Energy Potion"},{"floor":18.0,"key":"Fire Potion"},{"floor":25.0,"key":"Regen Potion"},{"floor":27.0,"key":"PowerPotion"},{"floor":29.0,"key":"Dexterity Potion"},{"floor":45,"key":"Dexterity Potion"}],"is_trial":false,"path_per_floor":["M","M","?","M","T","R","E","M","T","$","R","E","M","$","R","B",null,"M","$","M","$","?","R","?","E","T","E","M","E","R","M","R","B",null,"M","?","?","M","$","R","M","$","T","R","E","M","R","M","R","B","B",null],"character_chosen":"DEFECT","items_purchased":["Steam","Hello World","Auto Shields","Conserve Battery","Capacitor+1","Toolbox"],"campfire_rested":9,"item_purchase_floors":[14,19,21,39,42,42],"current_hp_per_floor":[56,55,51,42,42,63,33,30,30,30,51,53,54,54,71,54,67,63,63,50,50,33,54,54,38,38,40,42,39,60,53,71,37,63,61,61,61,63,63,71,71,71,71,71,30,27,48,50,71,25,16],"gold":66,"neow_bonus":"BOSS_RELIC","is_prod":false,"is_daily":false,"chose_seed":false,"campfire_upgraded":0,"win_rate":0,"timestamp":1554256854,"path_taken":["M","M","?","?","?","R","E","M","T","?","R","E","M","$","R","BOSS","M","$","M","$","?","R","?","E","T","E","M","E","R","M","R","BOSS","M","?","?","M","$","R","M","$","T","R","E","M","R","M","R","BOSS","BOSS"],"build_version":"2019-03-15","purchased_purges":1,"victory":true,"max_hp_per_floor":[71,71,71,71,71,71,71,71,71,71,71,71,71,71,71,71,71,71,71,71,71,71,71,71,71,71,71,71,71,71,71,71,71,71,71,71,71,71,71,71,71,71,71,71,71,71,71,71,71,71,71],"card_choices":[{"not_picked":["Force Field","Gash"],"picked":"White Noise","floor":1.0},{"not_picked":["Rebound","Steam Power"],"picked":"Compile Driver","floor":2.0},{"not_picked":["Steam","Go for the Eyes"],"picked":"Ball Lightning","floor":4.0},{"not_picked":["Go for the Eyes","Aggregate"],"picked":"Coolheaded","floor":7.0},{"not_picked":["Hologram","Rip and Tear"],"picked":"Ball Lightning","floor":8.0},{"not_picked":["Stack","Sweeping Beam"],"picked":"Electrodynamics","floor":12.0},{"not_picked":["Buffer","Thunder Strike"],"picked":"Biased Cognition","floor":16.0},{"not_picked":["White Noise","Stack"],"picked":"Conserve Battery","floor":18.0},{"not_picked":["Aggregate","Coolheaded"],"picked":"Hello World","floor":20.0},{"not_picked":["Gash","Sweeping Beam"],"picked":"Streamline","floor":22.0},{"not_picked":["Leap","Rebound"],"picked":"Streamline","floor":25.0},{"not_picked":["Aggregate","FTL"],"picked":"Coolheaded+1","floor":27.0},{"not_picked":["Sweeping Beam+1","Beam Cell"],"picked":"Streamline","floor":28.0},{"not_picked":["Rebound","Machine Learning"],"picked":"Cold Snap","floor":29.0},{"not_picked":["Streamline+1","Genetic Algorithm"],"picked":"Sunder+1","floor":31.0},{"not_picked":["Echo Form+1","Meteor Strike"],"picked":"All For One","floor":33.0},{"not_picked":["Barrage","Gash"],"picked":"Hologram","floor":35.0},{"not_picked":["Storm+1","Beam Cell"],"picked":"Stack","floor":38.0},{"not_picked":["Undo","Rip and Tear+1"],"picked":"Force Field","floor":41.0},{"not_picked":["Leap","Streamline+1"],"picked":"Stack+1","floor":45},{"not_picked":["Tempest","Turbo","Redo+1"],"picked":"SKIP","floor":46},{"not_picked":["Rebound","Fission"],"picked":"Cold Snap","floor":48}],"player_experience":1399546,"relics_obtained":[{"floor":5.0,"key":"Bottled Lightning"},{"floor":7.0,"key":"Blood Vial"},{"floor":9.0,"key":"Juzu Bracelet"},{"floor":12.0,"key":"Bag of Preparation"},{"floor":22.0,"key":"Red Mask"},{"floor":25.0,"key":"Bottled Tornado"},{"floor":26.0,"key":"Incense Burner"},{"floor":27.0,"key":"Happy Flower"},{"floor":29.0,"key":"Frozen Egg 2"},{"floor":45,"key":"Smiling Mask"}],"event_choices":[{"damage_healed":0.0,"max_hp_gain":0.0,"max_hp_loss":0.0,"gold_gain":0.0,"event_name":"The Woman in Blue","player_choice":"Bought 0 Potions","floor":3.0,"gold_loss":0.0,"damage_taken":0.0},{"damage_healed":0.0,"max_hp_gain":0.0,"max_hp_loss":0.0,"gold_gain":0.0,"event_name":"Masked Bandits","player_choice":"Fought Bandits","floor":22.0,"gold_loss":0.0,"damage_taken":0.0},{"damage_healed":0.0,"max_hp_gain":0.0,"max_hp_loss":0.0,"gold_gain":0.0,"event_name":"Upgrade Shrine","player_choice":"Upgraded","floor":24.0,"gold_loss":0.0,"damage_taken":0.0,"cards_upgraded":["Hello World"]},{"cards_removed":["Strike_B"],"damage_healed":0.0,"max_hp_gain":0.0,"max_hp_loss":0.0,"gold_gain":0.0,"event_name":"Purifier","player_choice":"Purged","floor":36.0,"gold_loss":0.0,"damage_taken":0.0},{"damage_healed":0.0,"max_hp_gain":0.0,"max_hp_loss":0.0,"gold_gain":0.0,"event_name":"Lab","player_choice":"Got Potions","floor":37.0,"gold_loss":0.0,"damage_taken":0.0}],"is_beta":true,"boss_relics":[{"not_picked":["Astrolabe","Eternal Feather"],"picked":"Snecko Eye"},{"not_picked":["Orrery","Tiny House"],"picked":"Cursed Key"}],"items_purged_floors":[10],"is_endless":false,"potions_floor_spawned":[1,7,8,18,25,27,28,29,38,45,48],"ascension_level":20}