{"gold_per_floor":[118,164,314,333,333,333,358,358,658,658,689,689,196,228,228,228],"floor_reached":16,"playtime":222,"items_purged":["Doubt"],"score":278,"play_id":"b11842ca-2103-4b1e-8063-bb79be0c1b04","local_time":"20190103181206","is_ascension_mode":true,"campfire_choices":[{"data":"Neutralize","floor":6,"key":"SMITH"},{"data":"Predator","floor":8,"key":"SMITH"},{"data":"Sucker Punch","floor":10,"key":"SMITH"},{"data":"Poisoned Stab","floor":12,"key":"SMITH"},{"data":"Dagger Spray","floor":15,"key":"SMITH"}],"neow_cost":"NONE","seed_source_timestamp":54821018492979,"circlet_count":0,"master_deck":["AscendersBane","Defend_G","Defend_G","Defend_G","Defend_G","Defend_G","Strike_G","Strike_G","Strike_G","Strike_G","Strike_G","Survivor","Neutralize+1","Sucker Punch+1","Poisoned Stab+1","Predator+1","PiercingWail+1","Leg Sweep+1","Dagger Spray+1","Dodge and Roll+1"],"relics":["Ring of the Snake","NeowsBlessing","Art of War","Toxic Egg 2","Dodecahedron","Old Coin","Vajra","Meat on the Bone","Question Card"],"potions_floor_usage":[11,14],"damage_taken":[{"damage":0,"enemies":"Cultist","floor":1,"turns":1},{"damage":0,"enemies":"2 Louse","floor":4,"turns":1},{"damage":0,"enemies":"3 Sentries","floor":7,"turns":1},{"damage":28,"enemies":"Lagavulin","floor":11,"turns":7},{"damage":17,"enemies":"3 Sentries","floor":14,"turns":6},{"damage":0,"enemies":"The Guardian","floor":16,"turns":2}],"seed_played":"8222327543269463128","potions_obtained":[{"floor":1,"key":"LiquidBronze"},{"floor":4,"key":"GamblersBrew"}],"is_trial":false,"path_per_floor":["M","T","?","M","T","R","E","R","T","R","E","R","$","E","R","B"],"character_chosen":"THE_SILENT","items_purchased":["Leg Sweep+1","Meat on the Bone","Dagger Spray"],"campfire_rested":0,"item_purchase_floors":[13,13,13],"current_hp_per_floor":[59,59,59,59,59,59,59,59,59,59,31,31,31,26,26,26],"gold":228,"neow_bonus":"THREE_ENEMY_KILL","is_prod":false,"is_daily":false,"chose_seed":false,"campfire_upgraded":5,"win_rate":0,"timestamp":1546567926,"path_taken":["M","?","?","M","?","R","E","R","T","R","E","R","$","E","R","BOSS"],"build_version":"2019-01-02","purchased_purges":1,"victory":false,"max_hp_per_floor":[66,66,66,66,66,66,66,66,66,66,66,66,66,66,66,66],"card_choices":[{"not_picked":["Heel Hook","Tactician"],"picked":"Sucker Punch","floor":1},{"not_picked":["Bane","Underhanded Strike"],"picked":"Poisoned Stab","floor":4},{"not_picked":["Envenom","PiercingWail+1"],"picked":"Predator","floor":7},{"not_picked":["Tools of the Trade","Crippling Poison+1"],"picked":"PiercingWail+1","floor":11},{"not_picked":["Reflex+1","Bane"],"picked":"Dodge and Roll+1","floor":14}],"player_experience":1007045,"relics_obtained":[{"floor":2,"key":"Art of War"},{"floor":5,"key":"Toxic Egg 2"},{"floor":7,"key":"Dodecahedron"},{"floor":9,"key":"Old Coin"},{"floor":11,"key":"Vajra"},{"floor":14,"key":"Question Card"}],"event_choices":[{"damage_healed":0,"gold_gain":150,"player_choice":"AGREE","damage_taken":0,"max_hp_gain":0,"max_hp_loss":0,"event_name":"Liars Game","floor":3,"gold_loss":0,"cards_obtained":["Doubt"]}],"is_beta":true,"boss_relics":[],"items_purged_floors":[13],"is_endless":false,"potions_floor_spawned":[1,4],"killed_by":"The Guardian","ascension_level":20}