{"gold_per_floor":[111,26,42,42,42,67,82,82,82,115,115,129,129,129,129,129],"floor_reached":16,"playtime":312,"items_purged":[],"score":266,"play_id":"03b5adf6-0177-483e-a635-7c09976fd772","local_time":"20190706212938","is_ascension_mode":true,"campfire_choices":[{"data":"Bash","floor":8,"key":"SMITH"},{"data":"Uppercut","floor":11,"key":"SMITH"},{"data":"Immolate","floor":15,"key":"SMITH"}],"neow_cost":"NONE","seed_source_timestamp":2887467137626,"circlet_count":0,"master_deck":["AscendersBane","Strike_R","Strike_R","Strike_R","Strike_R","Strike_R","Defend_R","Defend_R","Defend_R","Bash+1","Armaments+1","Ghostly Armor","Iron Wave","Shrug It Off","Thunderclap","Uppercut+1","Immolate+1"],"relics":["Burning Blood","NeowsBlessing","Gremlin Horn","Bottled Lightning","Pantograph","Letter Opener"],"potions_floor_usage":[10],"damage_taken":[{"damage":0,"enemies":"2 Louse","floor":1,"turns":1},{"damage":0,"enemies":"Jaw Worm","floor":3,"turns":1},{"damage":0,"enemies":"Lagavulin","floor":6,"turns":1},{"damage":0,"enemies":"Small Slimes","floor":7,"turns":5},{"damage":25,"enemies":"3 Sentries","floor":10,"turns":8},{"damage":4,"enemies":"Exordium Wildlife","floor":12,"turns":4},{"damage":75,"enemies":"Hexaghost","floor":16,"turns":9}],"seed_played":"8780870556190273679","potions_obtained":[{"floor":3,"key":"Ancient Potion"},{"floor":6,"key":"SkillPotion"},{"floor":7,"key":"Explosive Potion"}],"is_trial":false,"path_per_floor":["M","$","M","$","?","E","M","R","T","E","R","M","T","?","R","B"],"character_chosen":"IRONCLAD","items_purchased":["Ghostly Armor"],"campfire_rested":0,"item_purchase_floors":[2],"current_hp_per_floor":[74,74,75,75,75,75,75,75,75,56,56,58,58,51,51,0],"gold":129,"neow_bonus":"THREE_ENEMY_KILL","is_prod":false,"is_daily":false,"chose_seed":false,"campfire_upgraded":3,"win_rate":0,"timestamp":1562473778,"path_taken":["M","$","M","$","?","E","M","R","T","E","R","M","?","?","R","BOSS"],"build_version":"2019-07-03","purchased_purges":0,"victory":false,"max_hp_per_floor":[75,75,75,75,75,75,75,75,75,75,75,75,75,75,75,75],"card_choices":[{"not_picked":["Twin Strike","Pommel Strike"],"picked":"Armaments","floor":1},{"not_picked":["Armaments","Sword Boomerang"],"picked":"Iron Wave","floor":3},{"not_picked":["Barricade","Twin Strike"],"picked":"Shrug It Off","floor":6},{"not_picked":["Twin Strike","Infernal Blade"],"picked":"Thunderclap","floor":7},{"not_picked":["Cleave","True Grit"],"picked":"Uppercut","floor":10},{"not_picked":["Clothesline","Wild Strike"],"picked":"Immolate","floor":12}],"player_experience":1444876,"relics_obtained":[{"floor":6,"key":"Gremlin Horn"},{"floor":9,"key":"Bottled Lightning"},{"floor":10,"key":"Pantograph"},{"floor":13,"key":"Letter Opener"}],"event_choices":[{"damage_healed":0,"gold_gain":0,"player_choice":"Grow","damage_taken":0,"max_hp_gain":0,"max_hp_loss":0,"event_name":"Living Wall","floor":5,"gold_loss":0,"cards_upgraded":["Armaments"]},{"cards_removed":["Defend_R"],"damage_healed":0,"gold_gain":0,"player_choice":"Card Removal","damage_taken":7,"max_hp_gain":0,"max_hp_loss":0,"event_name":"Golden Wing","floor":14,"gold_loss":0}],"is_beta":true,"boss_relics":[],"items_purged_floors":[],"is_endless":false,"potions_floor_spawned":[3,6,7],"killed_by":"Hexaghost","ascension_level":20}