{"gold_per_floor":[113,125,8,8,8,8,33,33,33,58,87,113,113,131,131,226,226,200,200,200,200,42,75,75],"floor_reached":24,"playtime":545,"items_purged":["Strike_G+1"],"score":506,"play_id":"ac30aa70-f7d9-48ab-b616-becb2281533b","local_time":"20190218172443","is_ascension_mode":true,"campfire_choices":[{"data":"Sucker Punch","floor":6,"key":"SMITH"},{"data":"Masterful Stab","floor":8,"key":"SMITH"},{"data":"Cloak And Dagger","floor":15,"key":"SMITH"}],"neow_cost":"NONE","seed_source_timestamp":9085635451040,"circlet_count":0,"master_deck":["AscendersBane","Defend_G+1","Defend_G+1","Defend_G+1","Defend_G+1","Defend_G+1","Strike_G+1","Strike_G+1","Strike_G+1","Survivor","Neutralize+1","Sucker Punch+1","Terror","Masterful Stab+1","Infinite Blades","Flying Knee","Endless Agony","Heel Hook","Cloak And Dagger+1","Envenom","Riddle With Holes","Bane","Sucker Punch","Blur"],"relics":["Ring of the Snake","NeowsBlessing","Boot","Pear","StoneCalendar","Odd Mushroom","Lantern","Golden Idol","Runic Dome","Frozen Egg 2"],"potions_floor_usage":[10,12,16,23],"damage_taken":[{"damage":0,"enemies":"Cultist","floor":1,"turns":1},{"damage":0,"enemies":"2 Louse","floor":2,"turns":1},{"damage":0,"enemies":"3 Sentries","floor":7,"turns":1},{"damage":8,"enemies":"Gremlin Nob","floor":10,"turns":3},{"damage":11,"enemies":"The Mushroom Lair","floor":11,"turns":4},{"damage":31,"enemies":"3 Sentries","floor":12,"turns":7},{"damage":0,"enemies":"Jaw Worm","floor":14,"turns":3},{"damage":4,"enemies":"Hexaghost","floor":16,"turns":7},{"damage":21,"enemies":"2 Thieves","floor":18,"turns":4},{"damage":11,"enemies":"Colosseum Slavers","floor":20,"turns":4},{"damage":19,"enemies":"Slavers","floor":23,"turns":6},{"damage":0,"enemies":"Shell Parasite","floor":24,"turns":1}],"seed_played":"9199286498498681788","potions_obtained":[{"floor":1,"key":"SkillPotion"},{"floor":7,"key":"Swift Potion"},{"floor":14,"key":"Block Potion"},{"floor":16,"key":"LiquidBronze"}],"is_trial":false,"path_per_floor":["M","M","$","?","?","R","E","R","T","E","?","E","?","M","R","B",null,"M","?","?","?","$","E","M"],"character_chosen":"THE_SILENT","items_purchased":["Masterful Stab","Infinite Blades","Bane","Sucker Punch"],"campfire_rested":0,"item_purchase_floors":[3,3,22,22],"current_hp_per_floor":[59,59,59,52,52,52,52,52,62,54,43,12,12,12,12,8,54,33,33,22,22,22,3,3],"gold":75,"neow_bonus":"THREE_ENEMY_KILL","is_prod":false,"is_daily":false,"chose_seed":false,"campfire_upgraded":3,"win_rate":0,"timestamp":1550539483,"path_taken":["M","?","$","?","?","R","E","R","T","E","?","E","?","M","R","BOSS","M","?","?","?","$","E","?"],"build_version":"2019-02-06","purchased_purges":1,"victory":false,"max_hp_per_floor":[66,66,66,66,66,66,66,66,76,76,76,76,69,69,69,69,69,69,69,69,69,69,69,69],"card_choices":[{"not_picked":["Catalyst","Acrobatics"],"picked":"Sucker Punch","floor":1},{"not_picked":["Flying Knee","Expertise"],"picked":"Terror","floor":2},{"not_picked":["Caltrops","Deflect"],"picked":"Flying Knee","floor":7},{"not_picked":["Finisher","Catalyst"],"picked":"Endless Agony","floor":10},{"not_picked":["Slice","Acrobatics"],"picked":"Heel Hook","floor":11},{"not_picked":["Grand Finale","Slice","Tactician"],"picked":"SKIP","floor":12},{"not_picked":["Bane","Blur"],"picked":"Cloak And Dagger","floor":14},{"not_picked":["Doppelganger","Glass Knife"],"picked":"Envenom","floor":16},{"not_picked":["Deflect","Tactician"],"picked":"Riddle With Holes","floor":18},{"not_picked":["Dagger Spray","Terror"],"picked":"Blur","floor":23}],"player_experience":1171583,"relics_obtained":[{"floor":7,"key":"Boot"},{"floor":9,"key":"Pear"},{"floor":10,"key":"StoneCalendar"},{"floor":11,"key":"Odd Mushroom"},{"floor":12,"key":"Lantern"},{"floor":23,"key":"Frozen Egg 2"}],"event_choices":[{"cards_removed":["Strike_G"],"damage_healed":0,"gold_gain":0,"player_choice":"Card Removal","damage_taken":7,"max_hp_gain":0,"max_hp_loss":0,"event_name":"Golden Wing","floor":4,"gold_loss":0},{"damage_healed":0,"gold_gain":0,"player_choice":"Grow","damage_taken":0,"max_hp_gain":0,"max_hp_loss":0,"event_name":"Living Wall","floor":5,"gold_loss":0,"cards_upgraded":["Neutralize"]},{"damage_healed":0,"gold_gain":0,"player_choice":"Fought Mushrooms","damage_taken":0,"max_hp_gain":0,"max_hp_loss":0,"event_name":"Mushrooms","floor":11,"gold_loss":0},{"damage_healed":0,"gold_gain":0,"player_choice":"Lose Max HP","damage_taken":0,"relics_obtained":["Golden Idol"],"max_hp_gain":0,"max_hp_loss":7,"event_name":"Golden Idol","floor":13,"gold_loss":0},{"damage_healed":0,"gold_gain":0,"player_choice":"Ignored","damage_taken":0,"max_hp_gain":0,"max_hp_loss":0,"event_name":"Beggar","floor":19,"gold_loss":0},{"damage_healed":0,"gold_gain":0,"player_choice":"Fight","damage_taken":0,"max_hp_gain":0,"max_hp_loss":0,"event_name":"Colosseum","floor":20,"gold_loss":0},{"damage_healed":0,"gold_gain":0,"player_choice":"Fled From Nobs","damage_taken":0,"max_hp_gain":0,"max_hp_loss":0,"event_name":"Colosseum","floor":20,"gold_loss":0},{"damage_healed":0,"gold_gain":0,"player_choice":"Simplicity","damage_taken":0,"max_hp_gain":0,"max_hp_loss":0,"event_name":"Back to Basics","floor":21,"gold_loss":0,"cards_upgraded":["Defend_G","Defend_G","Defend_G","Defend_G","Defend_G","Strike_G","Strike_G","Strike_G","Strike_G"]}],"is_beta":true,"boss_relics":[{"not_picked":["HoveringKite","Lizard Tail"],"picked":"Runic Dome"}],"items_purged_floors":[22],"is_endless":false,"potions_floor_spawned":[1,7,14,16,20],"killed_by":"Shell Parasite","ascension_level":20}