{"gold_per_floor":[112,112,59,59,70,104,104,104,104,138,154,3,30,45,45,119,119,131,7,23,39,39,39,39,70,117,117,151,167,167,0,0,72,72,86,86,102,115,115,115,15,45,68,68,98,72,106,124,124,124,124],"floor_reached":52,"playtime":1637,"items_purged":["Strike_B","Strike_B"],"score":2338,"play_id":"3a21f05c-79f6-47f0-b376-52b4fb6e6fb6","local_time":"20190705234953","is_ascension_mode":true,"campfire_choices":[{"data":"Hologram","floor":8.0,"key":"SMITH"},{"data":"Dualcast","floor":15.0,"key":"SMITH"},{"data":"Hologram","floor":23.0,"key":"SMITH"},{"data":"Coolheaded","floor":30.0,"key":"SMITH"},{"data":"Streamline","floor":32.0,"key":"SMITH"},{"data":"Capacitor","floor":40.0,"key":"SMITH"},{"data":"Echo Form","floor":49,"key":"SMITH"}],"neow_cost":"NONE","seed_source_timestamp":4185129664727,"circlet_count":0,"master_deck":["AscendersBane","Strike_B","Strike_B","Defend_B","Defend_B","Defend_B+1","Zap+1","Dualcast+1","Cold Snap","Hologram+1","Streamline+1","Coolheaded+1","Sunder+1","Barrage+1","Capacitor+1","Gash+1","Barrage+1","All For One+1","Sunder+1","Turbo+1","Hologram+1","Echo Form+1","Necronomicurse","Lockon+1","Sunder+1","Ball Lightning+1","Meteor Strike+1","Core Surge+1","Force Field","Conserve Battery","Undo","Conserve Battery","Gash+1","Go for the Eyes+1","Hologram+1","Cold Snap+1","Undo","Stack"],"special_seed":0,"relics":["Cracked Core","NeowsBlessing","Anchor","Molten Egg 2","Regal Pillow","Ginger","Coffee Dripper","Necronomicon","Centennial Puzzle","War Paint","Gremlin Horn","Shuriken","Snecko Eye","Cables","Letter Opener","Blood Vial","Ice Cream","Happy Flower","Pear"],"potions_floor_usage":[42,47,50,51],"damage_taken":[{"damage":0.0,"enemies":"2 Louse","floor":1.0,"turns":1.0},{"damage":0.0,"enemies":"Cultist","floor":5.0,"turns":1.0},{"damage":0.0,"enemies":"Gremlin Nob","floor":6.0,"turns":1.0},{"damage":16.0,"enemies":"3 Sentries","floor":10.0,"turns":7.0},{"damage":0.0,"enemies":"Small Slimes","floor":11.0,"turns":2.0},{"damage":8.0,"enemies":"Gremlin Nob","floor":13.0,"turns":3.0},{"damage":0.0,"enemies":"Blue Slaver","floor":14.0,"turns":2.0},{"damage":0.0,"enemies":"Slime Boss","floor":16.0,"turns":6.0},{"damage":1.0,"enemies":"3 Byrds","floor":18.0,"turns":4.0},{"damage":0.0,"enemies":"Spheric Guardian","floor":20.0,"turns":3.0},{"damage":4.0,"enemies":"Snecko","floor":21.0,"turns":4.0},{"damage":20.0,"enemies":"Slavers","floor":25.0,"turns":4.0},{"damage":0.0,"enemies":"Gremlin Leader","floor":28.0,"turns":3.0},{"damage":0.0,"enemies":"Sentry and Sphere","floor":29.0,"turns":2.0},{"damage":12.0,"enemies":"Automaton","floor":33.0,"turns":6.0},{"damage":0.0,"enemies":"3 Darklings","floor":35.0,"turns":2.0},{"damage":0.0,"enemies":"Orb Walker","floor":37.0,"turns":3.0},{"damage":4.0,"enemies":"Sphere and 2 Shapes","floor":38.0,"turns":3.0},{"damage":5,"enemies":"Reptomancer","floor":42,"turns":4},{"damage":0,"enemies":"Giant Head","floor":45,"turns":5},{"damage":0,"enemies":"Nemesis","floor":47,"turns":3},{"damage":0,"enemies":"Writhing Mass","floor":48,"turns":2},{"damage":5,"enemies":"Awakened One","floor":50,"turns":4},{"damage":10,"enemies":"Donu and Deca","floor":51,"turns":3}],"seed_played":"-4753597067698866331","potions_obtained":[{"floor":5.0,"key":"Weak Potion"},{"floor":13.0,"key":"SpeedPotion"},{"floor":18.0,"key":"Block Potion"},{"floor":25.0,"key":"LiquidBronze"},{"floor":28.0,"key":"Fruit Juice"},{"floor":33.0,"key":"Poison Potion"},{"floor":38.0,"key":"Ancient Potion"},{"floor":45,"key":"Swift Potion"},{"floor":48,"key":"Fire Potion"}],"is_trial":false,"path_per_floor":["M","?","$","?","M","E","?","R","T","E","M","$","E","M","R","B",null,"M","$","M","M","?","R","?","E","T","T","E","M","R","$","R","B",null,"M","?","M","M","$","R","$","E","T","T","E","$","E","M","R","B","B",null],"character_chosen":"DEFECT","items_purchased":["Hologram","Capacitor","Turbo","Meteor Strike+1","Conserve Battery","Gash+1","Cold Snap+1"],"campfire_rested":0,"item_purchase_floors":[3,12,19,31,41,41,46],"current_hp_per_floor":[64,64,64,69,69,69,69,69,69,53,53,53,45,45,45,45,68,67,67,67,63,63,63,42,22,22,22,22,27,27,27,27,15,65,65,65,65,61,61,61,61,56,56,56,58,58,70,72,72,69,61],"gold":124,"neow_bonus":"THREE_ENEMY_KILL","is_prod":false,"is_daily":false,"chose_seed":false,"campfire_upgraded":7,"win_rate":0,"timestamp":1562395793,"path_taken":["M","?","?","?","?","E","?","R","T","E","M","$","E","M","R","BOSS","M","?","M","M","?","R","?","E","T","?","E","M","R","$","R","BOSS","M","?","M","M","?","R","$","E","T","?","E","$","E","M","R","BOSS","BOSS"],"build_version":"2019-07-03","purchased_purges":2,"victory":true,"max_hp_per_floor":[71,71,71,76,76,76,76,76,76,76,76,76,76,76,76,76,76,76,76,76,76,76,76,76,76,76,76,76,81,81,81,81,81,81,81,81,81,81,81,81,81,81,81,81,81,81,91,91,91,91,91],"card_choices":[{"not_picked":["Compile Driver","Redo"],"picked":"Cold Snap","floor":1.0},{"not_picked":["Fusion","Capacitor"],"picked":"Streamline","floor":5.0},{"not_picked":["Stack","Redo"],"picked":"Coolheaded","floor":6.0},{"not_picked":["BootSequence","Defragment"],"picked":"Sunder+1","floor":10.0},{"not_picked":["Auto Shields","Stack"],"picked":"Barrage+1","floor":11.0},{"not_picked":["Fusion","Turbo"],"picked":"Gash+1","floor":13.0},{"not_picked":["Redo","Hologram"],"picked":"Barrage+1","floor":14.0},{"not_picked":["Multi-Cast","Rainbow"],"picked":"All For One+1","floor":16.0},{"not_picked":["Rebound+1","Ball Lightning+1"],"picked":"Sunder+1","floor":18.0},{"not_picked":["Genetic Algorithm","Loop"],"picked":"Hologram","floor":20.0},{"not_picked":["Redo","Conserve Battery"],"picked":"Echo Form","floor":21.0},{"not_picked":["Turbo","Double Energy"],"picked":"Lockon+1","floor":25.0},{"not_picked":["Steam+1","Barrage+1"],"picked":"Sunder+1","floor":28.0},{"not_picked":["Redo","Barrage+1"],"picked":"Ball Lightning+1","floor":29.0},{"not_picked":["Hyperbeam+1","Amplify"],"picked":"Core Surge+1","floor":33.0},{"not_picked":["Stack","Gash+1"],"picked":"Force Field","floor":35.0},{"not_picked":["Static Discharge+1","Redo"],"picked":"Conserve Battery","floor":37.0},{"not_picked":["Tempest","Rebound+1"],"picked":"Undo","floor":38.0},{"not_picked":["Chaos","Melter+1"],"picked":"Go for the Eyes+1","floor":42},{"not_picked":["Coolheaded","Chaos"],"picked":"Hologram+1","floor":45},{"not_picked":["Compile Driver+1","Cold Snap+1"],"picked":"Undo","floor":47},{"not_picked":["Chaos+1","BootSequence"],"picked":"Stack","floor":48}],"player_experience":1442462,"relics_obtained":[{"floor":6.0,"key":"Anchor"},{"floor":9.0,"key":"Molten Egg 2"},{"floor":10.0,"key":"Regal Pillow"},{"floor":13.0,"key":"Ginger"},{"floor":24.0,"key":"Necronomicon"},{"floor":25.0,"key":"Centennial Puzzle"},{"floor":26.0,"key":"War Paint"},{"floor":27.0,"key":"Gremlin Horn"},{"floor":28.0,"key":"Shuriken"},{"floor":42,"key":"Letter Opener"},{"floor":43,"key":"Blood Vial"},{"floor":44,"key":"Ice Cream"},{"floor":45,"key":"Happy Flower"},{"floor":47,"key":"Pear"}],"event_choices":[{"damage_healed":0.0,"max_hp_gain":0.0,"max_hp_loss":0.0,"gold_gain":0.0,"event_name":"Upgrade Shrine","player_choice":"Upgraded","floor":2.0,"gold_loss":0.0,"damage_taken":0.0,"cards_upgraded":["Zap"]},{"damage_healed":0.0,"max_hp_gain":5.0,"max_hp_loss":0.0,"gold_gain":0.0,"event_name":"Big Fish","player_choice":"Donut","floor":4.0,"gold_loss":0.0,"damage_taken":0.0},{"cards_removed":["Defend_B"],"damage_healed":0.0,"max_hp_gain":0.0,"max_hp_loss":0.0,"gold_gain":0.0,"event_name":"Bonfire Elementals","player_choice":"Offered Basic","floor":7.0,"gold_loss":0.0,"damage_taken":0.0},{"damage_healed":0.0,"max_hp_gain":0.0,"max_hp_loss":0.0,"gold_gain":0.0,"event_name":"Ghosts","player_choice":"Ignored","floor":22.0,"gold_loss":0.0,"damage_taken":0.0},{"damage_healed":0.0,"max_hp_gain":0.0,"max_hp_loss":0.0,"gold_gain":0.0,"event_name":"Cursed Tome","player_choice":"Obtained Book","floor":24.0,"gold_loss":0.0,"damage_taken":21.0},{"damage_healed":0.0,"max_hp_gain":0.0,"max_hp_loss":0.0,"gold_gain":0.0,"event_name":"WeMeetAgain","player_choice":"Gave Potion","floor":36.0,"gold_loss":0.0,"damage_taken":0.0,"relics_obtained":["Cables"]}],"is_beta":true,"boss_relics":[{"not_picked":["White Beast Statue","Orrery"],"picked":"Coffee Dripper"},{"not_picked":["Runic Dome","Lizard Tail"],"picked":"Snecko Eye"}],"items_purged_floors":[12,19],"is_endless":false,"potions_floor_spawned":[5,13,14,16,18,20,25,28,33,38,45,48],"ascension_level":20}