{"gold_per_floor":[118,268,268,268,268,294,294,328,328,328,344,379,379,409,409,483,483,498,513,6,6,6,6,33,33,33,49,49,66,95,115,115,193,193,204,204,204,219,239,271,271,287,313,313,341,341,373,373],"floor_reached":48,"playtime":1810,"items_purged":[],"score":1364,"play_id":"21a34ddc-eb11-4f10-87a1-1e2958326c3d","local_time":"20190425181953","is_ascension_mode":true,"campfire_choices":[{"data":"Clothesline","floor":7.0,"key":"SMITH"},{"data":"Anger","floor":10.0,"key":"SMITH"},{"data":"Body Slam","floor":15.0,"key":"SMITH"},{"floor":23.0,"key":"REST"},{"floor":25.0,"key":"REST"},{"floor":32.0,"key":"RECALL"},{"floor":41.0,"key":"REST"},{"floor":44.0,"key":"REST"}],"neow_cost":"NONE","seed_source_timestamp":56687027310154,"circlet_count":0,"master_deck":["AscendersBane","Strike_R","Strike_R","Strike_R","Strike_R","Defend_R","Defend_R","Defend_R","Defend_R","Bash+1","Shrug It Off","Clothesline+1","Anger+1","Body Slam+1","Dual Wield","Uppercut","Double Tap","Armaments+1","True Grit+1","Cleave","Iron Wave","Shrug It Off+1","Clash+1","Feed","Metallicize","Headbutt+1","Metallicize","Spot Weakness+1","Shrug It Off+1","Ghostly Armor+1","Clash+1"],"special_seed":0,"relics":["Burning Blood","NeowsBlessing","Blue Candle","Oddly Smooth Stone","Kunai","Lantern","Happy Flower","Fusion Hammer","Toxic Egg 2","PreservedInsect","Enchiridion","Omamori","Vajra","Dodecahedron","Cursed Key","Orichalcum","Question Card","The Courier"],"potions_floor_usage":[48],"damage_taken":[{"damage":0.0,"enemies":"Cultist","floor":1.0,"turns":1.0},{"damage":0.0,"enemies":"Gremlin Nob","floor":6.0,"turns":1.0},{"damage":0.0,"enemies":"3 Sentries","floor":8.0,"turns":2.0},{"damage":2.0,"enemies":"Small Slimes","floor":11.0,"turns":3.0},{"damage":19.0,"enemies":"Lagavulin","floor":12.0,"turns":5.0},{"damage":22.0,"enemies":"3 Sentries","floor":14.0,"turns":7.0},{"damage":28.0,"enemies":"The Guardian","floor":16.0,"turns":9.0},{"damage":1.0,"enemies":"Chosen","floor":18.0,"turns":3.0},{"damage":17.0,"enemies":"Spheric Guardian","floor":19.0,"turns":4.0},{"damage":4.0,"enemies":"Gremlin Leader","floor":24.0,"turns":5.0},{"damage":6.0,"enemies":"Snake Plant","floor":27.0,"turns":3.0},{"damage":3.0,"enemies":"3 Cultists","floor":29.0,"turns":5.0},{"damage":0.0,"enemies":"Slavers","floor":30.0,"turns":2.0},{"damage":0.0,"enemies":"Cultist and Chosen","floor":31.0,"turns":4.0},{"damage":1.0,"enemies":"Collector","floor":33.0,"turns":11.0},{"damage":0.0,"enemies":"3 Shapes","floor":35.0,"turns":5.0},{"damage":7.0,"enemies":"Orb Walker","floor":38.0,"turns":3.0},{"damage":14.0,"enemies":"3 Darklings","floor":39.0,"turns":5.0},{"damage":14.0,"enemies":"Giant Head","floor":40.0,"turns":7.0},{"damage":0.0,"enemies":"Transient","floor":42.0,"turns":6.0},{"damage":17.0,"enemies":"Nemesis","floor":45.0,"turns":9.0},{"damage":47,"enemies":"Reptomancer","floor":47,"turns":10},{"damage":30,"enemies":"Jaw Worm Horde","floor":48,"turns":1}],"seed_played":"-6925584762739765005","potions_obtained":[{"floor":11.0,"key":"Weak Potion"},{"floor":12.0,"key":"FearPotion"},{"floor":14.0,"key":"Block Potion"},{"floor":18.0,"key":"EssenceOfSteel"},{"floor":29.0,"key":"SteroidPotion"},{"floor":31.0,"key":"PowerPotion"},{"floor":33.0,"key":"AttackPotion"},{"floor":38.0,"key":"PowerPotion"},{"floor":47,"key":"Regen Potion"}],"is_trial":false,"path_per_floor":["M","?","?","?","?","E","R","E","T","R","M","E","?","E","R","B",null,"M","M","$","?","?","R","E","R","T","M","?","M","E","M","R","B",null,"M","?","?","M","M","E","R","M","T","R","E","?","E","M"],"character_chosen":"IRONCLAD","items_purchased":["Toxic Egg 2","True Grit+1","PreservedInsect"],"campfire_rested":4,"item_purchase_floors":[20,20,20],"current_hp_per_floor":[74,74,79,79,79,80,80,80,80,80,80,67,60,44,44,22,66,71,60,60,39,39,63,65,80,80,80,80,80,80,80,80,80,80,84,84,79,78,70,62,84,84,84,84,73,61,20,0],"gold":373,"neow_bonus":"THREE_ENEMY_KILL","is_prod":false,"is_daily":false,"chose_seed":false,"campfire_upgraded":3,"win_rate":0,"timestamp":1556241593,"path_taken":["M","?","?","?","?","E","R","E","T","R","?","E","?","E","R","BOSS","M","M","$","?","?","R","E","R","T","?","?","M","E","M","R","BOSS","M","?","?","M","M","E","R","?","T","R","E","?","E","M"],"build_version":"2019-04-23","purchased_purges":0,"victory":false,"max_hp_per_floor":[75,75,80,80,80,80,80,80,80,80,80,80,80,80,80,80,80,80,80,80,80,80,80,80,80,80,80,80,80,80,80,80,80,80,84,84,84,84,84,84,84,84,84,84,84,84,84,84],"card_choices":[{"not_picked":["Heavy Blade","Anger"],"picked":"Shrug It Off","floor":1.0},{"not_picked":["Searing Blow","Sever Soul"],"picked":"Clothesline","floor":6.0},{"not_picked":["Sword Boomerang","Shockwave"],"picked":"Anger","floor":8.0},{"not_picked":["Clothesline","Perfected Strike"],"picked":"Body Slam","floor":11.0},{"not_picked":["Bloodletting","Seeing Red"],"picked":"Dual Wield","floor":12.0},{"not_picked":["Body Slam","Havoc"],"picked":"Uppercut","floor":14.0},{"not_picked":["Demon Form","Brutality"],"picked":"Double Tap","floor":16.0},{"not_picked":["Battle Trance","Thunderclap"],"picked":"Armaments","floor":19.0},{"not_picked":["Warcry+1","Bloodletting+1"],"picked":"Cleave","floor":24.0},{"not_picked":["Sword Boomerang+1","Havoc+1"],"picked":"Iron Wave","floor":27.0},{"not_picked":["Wild Strike","Bludgeon"],"picked":"Shrug It Off+1","floor":30.0},{"not_picked":["Cleave","Iron Wave"],"picked":"Clash+1","floor":31.0},{"not_picked":["Demon Form","Fiend Fire"],"picked":"Feed","floor":33.0},{"not_picked":["Warcry+1","Twin Strike"],"picked":"Metallicize","floor":35.0},{"not_picked":["Warcry+1","Thunderclap+1"],"picked":"Headbutt+1","floor":38.0},{"not_picked":["Headbutt","Twin Strike+1"],"picked":"Metallicize","floor":39.0},{"not_picked":["Havoc+1","Body Slam"],"picked":"Spot Weakness+1","floor":40.0},{"not_picked":["Spot Weakness+1","Clothesline"],"picked":"Shrug It Off+1","floor":42.0},{"not_picked":["Blood for Blood","Combust"],"picked":"Ghostly Armor+1","floor":45.0},{"not_picked":["Offering+1","Armaments+1","Combust"],"picked":"Clash+1","floor":47}],"player_experience":1432626,"relics_obtained":[{"floor":6.0,"key":"Blue Candle"},{"floor":8.0,"key":"Oddly Smooth Stone"},{"floor":9.0,"key":"Kunai"},{"floor":12.0,"key":"Lantern"},{"floor":14.0,"key":"Happy Flower"},{"floor":21.0,"key":"Enchiridion"},{"floor":24.0,"key":"Omamori"},{"floor":26.0,"key":"Vajra"},{"floor":30.0,"key":"Dodecahedron"},{"floor":40.0,"key":"Orichalcum"},{"floor":45.0,"key":"Question Card"},{"floor":47,"key":"The Courier"}],"event_choices":[{"damage_healed":0.0,"max_hp_gain":0.0,"max_hp_loss":0.0,"gold_gain":150.0,"event_name":"Liars Game","player_choice":"AGREE","floor":2.0,"gold_loss":0.0,"damage_taken":0.0,"cards_obtained":["Doubt"]},{"damage_healed":0.0,"max_hp_gain":5.0,"max_hp_loss":0.0,"gold_gain":0.0,"event_name":"Big Fish","player_choice":"Donut","floor":3.0,"gold_loss":0.0,"damage_taken":0.0},{"damage_healed":0.0,"max_hp_gain":0.0,"max_hp_loss":0.0,"gold_gain":0.0,"event_name":"Living Wall","player_choice":"Grow","floor":4.0,"gold_loss":0.0,"damage_taken":0.0,"cards_upgraded":["Bash"]},{"cards_removed":["Doubt"],"damage_healed":0.0,"max_hp_gain":0.0,"max_hp_loss":0.0,"gold_gain":0.0,"event_name":"Fountain of Cleansing","player_choice":"Removed Curses","floor":5.0,"gold_loss":0.0,"damage_taken":0.0},{"cards_removed":["Strike_R"],"damage_healed":0.0,"max_hp_gain":0.0,"max_hp_loss":0.0,"gold_gain":0.0,"event_name":"Golden Wing","player_choice":"Card Removal","floor":13.0,"gold_loss":0.0,"damage_taken":7.0},{"damage_healed":0.0,"max_hp_gain":0.0,"max_hp_loss":0.0,"gold_gain":0.0,"event_name":"Cursed Tome","player_choice":"Obtained Book","floor":21.0,"gold_loss":0.0,"damage_taken":21.0},{"damage_healed":0.0,"max_hp_gain":0.0,"max_hp_loss":0.0,"gold_gain":0.0,"event_name":"Upgrade Shrine","player_choice":"Upgraded","floor":22.0,"gold_loss":0.0,"damage_taken":0.0,"cards_upgraded":["Armaments"]},{"damage_healed":0.0,"max_hp_gain":0.0,"max_hp_loss":0.0,"gold_gain":0.0,"event_name":"Beggar","player_choice":"Ignored","floor":28.0,"gold_loss":0.0,"damage_taken":0.0},{"damage_healed":0.0,"max_hp_gain":0.0,"max_hp_loss":0.0,"gold_gain":0.0,"event_name":"SensoryStone","player_choice":"Memory 1","floor":36.0,"gold_loss":0.0,"damage_taken":0.0},{"damage_healed":0.0,"max_hp_gain":0.0,"max_hp_loss":0.0,"gold_gain":0.0,"event_name":"The Woman in Blue","player_choice":"Bought 0 Potions","floor":37.0,"gold_loss":0.0,"damage_taken":0.0},{"damage_healed":0.0,"max_hp_gain":0.0,"max_hp_loss":0.0,"gold_gain":0.0,"event_name":"Wheel of Change","player_choice":"Damaged","floor":46.0,"gold_loss":0.0,"damage_taken":12.0}],"is_beta":true,"boss_relics":[{"not_picked":["Runic Pyramid","Velvet Choker"],"picked":"Fusion Hammer"},{"not_picked":["Black Blood","Tiny House"],"picked":"Cursed Key"}],"items_purged_floors":[],"is_endless":false,"potions_floor_spawned":[11,12,14,18,29,31,33,38,47],"killed_by":"Jaw Worm Horde","ascension_level":20}