{"gold_per_floor":[111,111,36,36,52,52,52,69,69,69,98,98,22,57,57,130,160,175,225,0,0,0,0],"floor_reached":23,"playtime":662,"items_purged":["Strike_G"],"score":338,"play_id":"c6e4b741-d249-4de5-9ad5-207f7e5b7909","local_time":"20180710221506","is_ascension_mode":true,"campfire_choices":[{"data":"Neutralize","floor":6.0,"key":"SMITH"},{"data":"Flying Knee","floor":10.0,"key":"SMITH"},{"floor":15.0,"key":"REST"}],"neow_cost":"NONE","seed_source_timestamp":188530532465524,"circlet_count":0,"master_deck":["Defend_G+1","Defend_G","Defend_G","Strike_G","Strike_G","Survivor","Neutralize+1","AscendersBane","Flying Knee+1","Malaise","Footwork","Grand Finale","Quick Slash"],"special_seed":0,"relics":["Empty Cage","Snake Skull","Juzu Bracelet","Shuriken","Tiny House"],"potions_floor_usage":[],"damage_taken":[{"damage":5.0,"enemies":"2 Louse","floor":1.0,"turns":5.0},{"damage":4.0,"enemies":"Cultist","floor":5.0,"turns":4.0},{"damage":0.0,"enemies":"Jaw Worm","floor":8.0,"turns":4.0},{"damage":9.0,"enemies":"Lagavulin","floor":11.0,"turns":9.0},{"damage":30.0,"enemies":"Gremlin Nob","floor":14.0,"turns":7.0},{"damage":21.0,"enemies":"The Guardian","floor":16.0,"turns":16.0},{"damage":3.0,"enemies":"Shell Parasite","floor":18.0,"turns":6.0},{"damage":61,"enemies":"Slavers","floor":23,"turns":5}],"seed_played":"-2720568466931560844","potions_obtained":[{"floor":14.0,"key":"Dexterity Potion"},{"floor":16.0,"key":"Energy Potion"},{"floor":17.0,"key":"Ancient Potion"}],"is_trial":false,"path_per_floor":["M","?","$","?","M","R","?","M","T","R","E","?","$","E","R","B",null,"M","?","?","$","?"],"character_chosen":"THE_SILENT","items_purchased":["Footwork"],"campfire_rested":1,"item_purchase_floors":[13],"current_hp_per_floor":[54,54,54,54,50,50,50,50,50,50,41,46,46,16,37,16,62,59,59,59,59,59,0],"gold":0,"neow_bonus":"BOSS_RELIC","is_prod":false,"is_daily":false,"chose_seed":false,"campfire_upgraded":2,"win_rate":0,"timestamp":1531286106,"path_taken":["M","?","$","?","M","R","?","M","T","R","E","?","?","E","R","BOSS","M","?","?","$","?","E"],"build_version":"2018-07-09","purchased_purges":1,"victory":false,"max_hp_per_floor":[66,66,66,66,66,66,66,66,66,66,66,71,71,71,71,71,76,76,76,76,76,76,76],"card_choices":[{"not_picked":["Prepared","Slice"],"picked":"Flying Knee","floor":1.0},{"not_picked":["Dodge and Roll","Bane"],"picked":"Malaise","floor":11.0},{"not_picked":["Adrenaline","Corpse Explosion"],"picked":"Grand Finale","floor":16.0},{"not_picked":["Outmaneuver","Acrobatics"],"picked":"Quick Slash","floor":17.0},{"not_picked":["Flying Knee","Poisoned Stab","Cloak And Dagger"],"picked":"SKIP","floor":18.0}],"player_experience":570607,"relics_obtained":[{"floor":9.0,"key":"Snake Skull"},{"floor":11.0,"key":"Juzu Bracelet"},{"floor":14.0,"key":"Shuriken"}],"event_choices":[{"event_name":"Bonfire Elementals","player_choice":"BASIC","floor":2.0,"damage_taken":0.0},{"event_name":"The Cleric","player_choice":"Leave","floor":4.0,"damage_taken":0.0},{"event_name":"Purifier","player_choice":"One Purge","floor":7.0,"damage_taken":0.0},{"event_name":"Big Fish","player_choice":"Donut","floor":12.0,"damage_taken":0.0},{"event_name":"Nest","player_choice":"Stole From Cult","floor":19.0,"damage_taken":0.0},{"event_name":"Masked Bandits","player_choice":"Paid Bandits 225 gold","floor":20,"damage_taken":0},{"event_name":"Vampires","player_choice":"Ignored","floor":22,"damage_taken":0}],"boss_relics":[{"not_picked":["Velvet Choker","Pandora\u0027s Box"],"picked":"Tiny House"}],"items_purged_floors":[3],"is_endless":false,"potions_floor_spawned":[14,16],"killed_by":"Slavers","ascension_level":15}