{"gold_per_floor":[111,128,142,142,162,162,34,62,62,74,91,91,109,121,121,194,194,194,194,194],"floor_reached":20,"playtime":1497,"items_purged":["Strike_G"],"score":333,"play_id":"45cb5532-729f-45f7-af30-b43cbb7b539c","local_time":"20190727182224","is_ascension_mode":true,"campfire_choices":[{"data":"Dagger Spray","floor":6,"key":"SMITH"},{"data":"Caltrops","floor":12,"key":"SMITH"},{"data":"Cloak And Dagger","floor":15,"key":"SMITH"}],"neow_cost":"NONE","seed_source_timestamp":1514778275904441,"circlet_count":0,"master_deck":["AscendersBane","Strike_G","Strike_G","Strike_G","Strike_G","Defend_G","Defend_G","Defend_G","Defend_G","Defend_G","Survivor","Neutralize","Footwork","Dagger Spray+1","Cloak And Dagger+1","Footwork","Blade Dance","PiercingWail","Caltrops+1","Die Die Die","Deflect","PiercingWail","Burst","Backflip","Blade Dance"],"relics":["Ring of the Snake","Art of War","Question Card","Torii","Ectoplasm"],"potions_floor_usage":[4,5,5,14,19],"damage_taken":[{"damage":4,"enemies":"Small Slimes","floor":1,"turns":4},{"damage":1,"enemies":"Cultist","floor":2,"turns":5},{"damage":4,"enemies":"2 Louse","floor":3,"turns":2},{"damage":14,"enemies":"Exordium Wildlife","floor":5,"turns":8},{"damage":16,"enemies":"3 Sentries","floor":8,"turns":7},{"damage":0,"enemies":"2 Fungi Beasts","floor":10,"turns":5},{"damage":1,"enemies":"Blue Slaver","floor":11,"turns":6},{"damage":8,"enemies":"3 Louse","floor":13,"turns":2},{"damage":7,"enemies":"Exordium Wildlife","floor":14,"turns":4},{"damage":9,"enemies":"Hexaghost","floor":16,"turns":11},{"damage":7,"enemies":"Chosen","floor":18,"turns":8},{"damage":22,"enemies":"Spheric Guardian","floor":19,"turns":8},{"damage":37,"enemies":"Snecko","floor":20,"turns":8}],"seed_played":"672778957503337649","potions_obtained":[{"floor":1,"key":"Weak Potion"},{"floor":4,"key":"Fruit Juice"},{"floor":4,"key":"EntropicBrew"},{"floor":10,"key":"Regen Potion"},{"floor":18,"key":"SpeedPotion"}],"is_trial":false,"path_per_floor":["M","M","M","?","M","R","$","E","T","M","M","R","M","M","R","B",null,"M","M","M"],"character_chosen":"THE_SILENT","items_purchased":["Blade Dance"],"campfire_rested":0,"item_purchase_floors":[7],"current_hp_per_floor":[55,54,50,55,41,41,41,25,25,25,24,24,16,21,21,12,56,49,27,0],"gold":194,"neow_bonus":"RANDOM_COMMON_RELIC","is_prod":false,"is_daily":false,"chose_seed":false,"campfire_upgraded":3,"win_rate":0,"timestamp":1564269744,"path_taken":["M","M","M","?","M","R","$","E","T","?","M","R","M","M","R","BOSS","M","M","M"],"build_version":"2019-07-17","purchased_purges":1,"victory":false,"max_hp_per_floor":[66,66,66,71,71,71,71,71,71,71,71,71,71,71,71,71,71,71,71,71],"card_choices":[{"not_picked":["Eviscerate","Cloak And Dagger"],"picked":"Footwork","floor":1},{"not_picked":["Cloak And Dagger","Sucker Punch"],"picked":"Dagger Spray","floor":2},{"not_picked":["Sucker Punch","PiercingWail"],"picked":"Cloak And Dagger","floor":3},{"not_picked":["PiercingWail","Distraction"],"picked":"Footwork","floor":5},{"not_picked":["Bane","Distraction"],"picked":"PiercingWail","floor":8},{"not_picked":["Crippling Poison","Blade Dance","Riddle With Holes"],"picked":"Caltrops","floor":10},{"not_picked":["Well Laid Plans","Dagger Spray","Bane"],"picked":"Die Die Die","floor":11},{"not_picked":["Flechettes","Deadly Poison","Sucker Punch"],"picked":"Deflect","floor":13},{"not_picked":["Cloak And Dagger","Bouncing Flask","Skewer"],"picked":"PiercingWail","floor":14},{"not_picked":["Wraith Form v2","Malaise","Glass Knife"],"picked":"Burst","floor":16},{"not_picked":["Poisoned Stab","Outmaneuver","Tactician"],"picked":"Backflip","floor":18},{"not_picked":["PiercingWail","Poisoned Stab","Quick Slash"],"picked":"Blade Dance","floor":19}],"player_experience":910843,"relics_obtained":[{"floor":8,"key":"Question Card"},{"floor":9,"key":"Torii"}],"event_choices":[{"damage_healed":0,"gold_gain":0,"player_choice":"Got Potions","damage_taken":0,"max_hp_gain":0,"max_hp_loss":0,"event_name":"Lab","floor":4,"gold_loss":0}],"is_beta":false,"boss_relics":[{"not_picked":["Velvet Choker","Calling Bell"],"picked":"Ectoplasm"}],"items_purged_floors":[7],"is_endless":false,"potions_floor_spawned":[1,10,11,18],"killed_by":"Snecko","ascension_level":17}