{"gold_per_floor":[365,276,288,136,147,147,72,72,72,83,83,117,117,133,133,229,229,245,295,295,345,220,220,256,256,283,283,306,104,125,125,125,125],"floor_reached":33,"playtime":1675,"items_purged":["Strike_G","Strike_G","Strike_G"],"score":470,"play_id":"9361d6d2-f9e3-4b85-b66a-a4364f2828a6","local_time":"20190723234458","is_ascension_mode":true,"campfire_choices":[{"data":"Footwork","floor":6,"key":"SMITH"},{"data":"Bouncing Flask","floor":11,"key":"SMITH"},{"floor":15,"key":"REST"},{"data":"Malaise","floor":23,"key":"SMITH"},{"floor":25,"key":"REST"},{"floor":27,"key":"REST"},{"data":"Wraith Form v2","floor":32,"key":"SMITH"}],"neow_cost":"PERCENT_DAMAGE","seed_source_timestamp":1188352935061012,"circlet_count":0,"master_deck":["AscendersBane","Defend_G","Defend_G","Defend_G","Defend_G","Defend_G","Survivor","Neutralize","Bouncing Flask+1","Footwork+1","Endless Agony","Poisoned Stab","Deadly Poison","Poisoned Stab","Dagger Spray","Malaise+1","Backflip","Bullet Time","Poisoned Stab","Deadly Poison","Backstab","Deflect+1","Noxious Fumes","Bouncing Flask","Wraith Form v2+1"],"relics":["Ring of the Snake","Pear","Bag of Preparation","Golden Idol","Velvet Choker","Ice Cream","PreservedInsect"],"potions_floor_usage":[12,16,30,30],"damage_taken":[{"damage":0,"enemies":"Small Slimes","floor":1,"turns":3},{"damage":0,"enemies":"2 Louse","floor":3,"turns":3},{"damage":2,"enemies":"Jaw Worm","floor":5,"turns":4},{"damage":0,"enemies":"Looter","floor":10,"turns":4},{"damage":20,"enemies":"3 Sentries","floor":12,"turns":7},{"damage":8,"enemies":"2 Fungi Beasts","floor":14,"turns":3},{"damage":42,"enemies":"Slime Boss","floor":16,"turns":11},{"damage":3,"enemies":"Spheric Guardian","floor":18,"turns":3},{"damage":45,"enemies":"Book of Stabbing","floor":24,"turns":7},{"damage":0,"enemies":"Chosen","floor":28,"turns":4},{"damage":13,"enemies":"Centurion and Healer","floor":30,"turns":6},{"damage":88,"enemies":"Automaton","floor":33,"turns":6}],"seed_played":"-4691192913970223399","potions_obtained":[{"floor":1,"key":"Dexterity Potion"},{"floor":3,"key":"PowerPotion"},{"floor":24,"key":"Regen Potion"},{"floor":28,"key":"SpeedPotion"}],"is_trial":false,"path_per_floor":["M","$","M","$","M","R","?","?","T","M","R","E","?","M","R","B",null,"M","?","?","?","$","R","E","R","T","R","M","$","M","?","R","B"],"character_chosen":"THE_SILENT","items_purchased":["Footwork","Poisoned Stab","Deadly Poison","Deadly Poison","Noxious Fumes"],"campfire_rested":3,"item_purchase_floors":[2,4,4,22,29],"current_hp_per_floor":[44,44,44,44,42,42,42,47,57,57,57,37,37,29,50,8,57,54,54,54,54,54,54,9,30,30,51,51,51,53,53,53,0],"gold":125,"neow_bonus":"TWO_FIFTY_GOLD","is_prod":false,"is_daily":false,"chose_seed":false,"campfire_upgraded":4,"win_rate":0,"timestamp":1563943498,"path_taken":["M","$","M","$","M","R","?","?","T","?","R","E","?","M","R","BOSS","M","?","?","?","$","R","E","R","T","R","M","$","?","?","R","BOSS"],"build_version":"2019-07-17","purchased_purges":3,"victory":false,"max_hp_per_floor":[66,66,66,66,66,66,66,71,81,81,81,81,73,73,73,73,73,73,73,73,73,73,73,73,73,73,73,73,73,73,73,73,73],"card_choices":[{"not_picked":["Dagger Spray","Underhanded Strike"],"picked":"Bouncing Flask","floor":1},{"not_picked":["Concentrate","Outmaneuver"],"picked":"Endless Agony","floor":3},{"not_picked":["Deadly Poison","Bane"],"picked":"Poisoned Stab","floor":5},{"not_picked":["Caltrops","Riddle With Holes"],"picked":"Dagger Spray","floor":10},{"not_picked":["Blade Dance","Dagger Spray"],"picked":"Malaise","floor":12},{"not_picked":["Outmaneuver","All Out Attack"],"picked":"Backflip","floor":14},{"not_picked":["Tools of the Trade","A Thousand Cuts"],"picked":"Bullet Time","floor":16},{"not_picked":["Choke","Underhanded Strike"],"picked":"Poisoned Stab","floor":18},{"not_picked":["Distraction","Bane"],"picked":"Backstab","floor":24},{"not_picked":["Dodge and Roll","Outmaneuver"],"picked":"Deflect+1","floor":28},{"not_picked":["Outmaneuver","A Thousand Cuts"],"picked":"Bouncing Flask","floor":30}],"player_experience":873419,"relics_obtained":[{"floor":9,"key":"Pear"},{"floor":12,"key":"Bag of Preparation"},{"floor":24,"key":"Ice Cream"},{"floor":26,"key":"PreservedInsect"}],"event_choices":[{"cards_removed":["Strike_G"],"damage_healed":0,"gold_gain":0,"player_choice":"Card Removal","damage_taken":0,"max_hp_gain":0,"max_hp_loss":0,"event_name":"The Cleric","floor":7,"gold_loss":75},{"damage_healed":0,"gold_gain":0,"player_choice":"Donut","damage_taken":0,"max_hp_gain":5,"max_hp_loss":0,"event_name":"Big Fish","floor":8,"gold_loss":0},{"damage_healed":0,"gold_gain":0,"player_choice":"Lose Max HP","damage_taken":0,"relics_obtained":["Golden Idol"],"max_hp_gain":0,"max_hp_loss":8,"event_name":"Golden Idol","floor":13,"gold_loss":0},{"damage_healed":0,"gold_gain":50,"player_choice":"Stole From Cult","damage_taken":0,"max_hp_gain":0,"max_hp_loss":0,"event_name":"Nest","floor":19,"gold_loss":0},{"damage_healed":0,"gold_gain":0,"player_choice":"Ignored","damage_taken":0,"max_hp_gain":0,"max_hp_loss":0,"event_name":"Cursed Tome","floor":20,"gold_loss":0},{"damage_healed":0,"gold_gain":100,"player_choice":"Bet on Murderer","damage_taken":0,"max_hp_gain":0,"max_hp_loss":0,"event_name":"The Joust","floor":21,"gold_loss":50},{"damage_healed":0,"gold_gain":0,"cards_transformed":["Strike_G"],"player_choice":"Transformed","damage_taken":0,"max_hp_gain":0,"max_hp_loss":0,"event_name":"Transmorgrifier","floor":31,"gold_loss":0,"cards_obtained":["Wraith Form v2"]}],"is_beta":false,"boss_relics":[{"not_picked":["Pandora\u0027s Box","Ring of the Serpent"],"picked":"Velvet Choker"}],"items_purged_floors":[4,22,29],"is_endless":false,"potions_floor_spawned":[1,3,12,24,28],"killed_by":"Automaton","ascension_level":16}