{"path_per_floor":["M","M","?","?","M","E","M","E","T"],"character_chosen":"IRONCLAD","items_purchased":[],"gold_per_floor":[116,129,129,129,140,171,185,219,219,219],"floor_reached":10,"campfire_rested":0,"playtime":1161,"item_purchase_floors":[],"current_hp_per_floor":[78,73,73,73,64,65,51,36,36,0],"items_purged":[],"gold":219,"score":78,"play_id":"8dd9b2d4-e9c9-4beb-847a-7a0a1b18ee74","local_time":"20180610165402","is_prod":false,"is_daily":false,"chose_seed":false,"is_ascension_mode":false,"campfire_upgraded":0,"win_rate":0,"timestamp":1528664042,"campfire_choices":[],"path_taken":["M","M","?","?","M","E","?","E","T","E"],"build_version":"2018-06-07v3","seed_source_timestamp":0,"purchased_purges":0,"victory":false,"master_deck":["Strike_R","Strike_R","Strike_R","Strike_R","Strike_R","Defend_R","Defend_R","Defend_R","Defend_R","Bash","Battle Trance","Armaments+1","Rage","Double Tap","Spot Weakness","Disarm"],"max_hp_per_floor":[80,80,80,80,80,80,80,90,90,90],"relics":["White Beast Statue","Blood Vial","Pear","Dodecahedron"],"card_choices":[{"not_picked":["Bloodletting","Sword Boomerang"],"picked":"Battle Trance","floor":1.0},{"not_picked":["Evolve","Wild Strike"],"picked":"Armaments","floor":2.0},{"not_picked":["Dark Embrace","Armaments"],"picked":"Rage","floor":5.0},{"not_picked":["Blood for Blood","Shockwave"],"picked":"Double Tap","floor":6.0},{"not_picked":["Clothesline","Flex"],"picked":"Spot Weakness","floor":7.0},{"not_picked":["Anger","Burning Pact"],"picked":"Disarm","floor":8}],"player_experience":79644,"potions_floor_usage":[],"damage_taken":[{"damage":2.0,"enemies":"2 Louse","floor":1.0,"turns":4.0},{"damage":5.0,"enemies":"Cultist","floor":2.0,"turns":4.0},{"damage":9.0,"enemies":"Jaw Worm","floor":5.0,"turns":4.0},{"damage":13.0,"enemies":"Gremlin Nob","floor":6.0,"turns":5.0},{"damage":16.0,"enemies":"3 Louse","floor":7.0,"turns":4.0},{"damage":27.0,"enemies":"3 Sentries","floor":8.0,"turns":7.0},{"damage":38,"enemies":"Gremlin Nob","floor":10,"turns":4}],"relics_obtained":[{"floor":6.0,"key":"Blood Vial"},{"floor":8,"key":"Pear"},{"floor":9,"key":"Dodecahedron"}],"event_choices":[{"event_name":"The Woman in Blue","player_choice":"Bought 0 Potions","floor":3.0,"damage_taken":0.0},{"event_name":"Upgrade Shrine","player_choice":"Upgraded","floor":4.0,"damage_taken":0.0}],"boss_relics":[],"items_purged_floors":[],"potions_floor_spawned":[1,2,5,6,7,8],"seed_played":"6357550933342652325","killed_by":"Gremlin Nob","ascension_level":0,"potions_obtained":[{"floor":1.0,"key":"SpeedPotion"},{"floor":2.0,"key":"Regen Potion"},{"floor":5.0,"key":"Block Potion"},{"floor":6.0,"key":"Dexterity Potion"},{"floor":7.0,"key":"SteroidPotion"},{"floor":8,"key":"Dexterity Potion"}],"is_trial":false}