{"gold_per_floor":[362,362,374,549,83,134,179,129,129,11,78,78,135,150,150,245,245,284,302,312,187,205,205,224,99,180,180,209,159,159,169,169,270,270,307,407,66,66,66,66,84,118,118,137,137,137,33,68,68,68],"floor_reached":50,"playtime":3092,"items_purged":["Regret","Pain","Shame","Injury"],"score":783,"play_id":"760c7665-cb2c-49d1-9ecf-dcf803b55715","local_time":"20190809172324","is_ascension_mode":true,"campfire_choices":[{"data":"Deflect","floor":15,"key":"SMITH"},{"data":"Neutralize","floor":23,"key":"SMITH"},{"floor":27,"key":"REST"},{"data":"PiercingWail","floor":30,"key":"SMITH"},{"data":"Backflip","floor":32,"key":"SMITH"},{"data":"Catalyst","floor":40,"key":"SMITH"},{"data":"1","floor":45,"key":"LIFT"},{"data":"Apotheosis","floor":49,"key":"SMITH"}],"neow_cost":"TEN_PERCENT_HP_LOSS","seed_source_timestamp":11547870162700,"circlet_count":0,"master_deck":["Strike_G","Strike_G+1","Strike_G","Strike_G","Defend_G","Defend_G","Defend_G","Defend_G","Defend_G","Survivor","Neutralize+1","Cloak And Dagger","PiercingWail+1","Cloak And Dagger","Deflect+1","HandOfGreed+1","Flying Knee","Well Laid Plans","Acrobatics","Noxious Fumes","Riddle With Holes","Catalyst+1","Poisoned Stab","Corpse Explosion","Cloak And Dagger+1","Sucker Punch","Poisoned Stab","Dagger Spray","Backflip+1","Crippling Poison","Backflip","Corpse Explosion","Bouncing Flask+1","Cloak And Dagger+1","Apotheosis+1","Footwork","Shame","Infinite Blades","Finesse","Poisoned Stab+1"],"relics":["Ring of the Snake","Darkstone Periapt","Centennial Puzzle","Whetstone","Shuriken","Letter Opener","Question Card","Calling Bell","Happy Flower","Pear","Dead Branch","Mummified Hand","Blood Vial","Cursed Key","Girya","Juzu Bracelet","Bottled Lightning"],"potions_floor_usage":[13,16,19,20,33,50,50],"damage_taken":[{"damage":2,"enemies":"Small Slimes","floor":1,"turns":4},{"damage":0,"enemies":"2 Louse","floor":3,"turns":3},{"damage":14,"enemies":"3 Sentries","floor":6,"turns":14},{"damage":1,"enemies":"Jaw Worm","floor":7,"turns":2},{"damage":9,"enemies":"Lots of Slimes","floor":11,"turns":5},{"damage":2,"enemies":"Lagavulin","floor":13,"turns":8},{"damage":6,"enemies":"Exordium Thugs","floor":14,"turns":3},{"damage":18,"enemies":"Slime Boss","floor":16,"turns":8},{"damage":18,"enemies":"3 Byrds","floor":18,"turns":3},{"damage":9,"enemies":"Spheric Guardian","floor":19,"turns":4},{"damage":3,"enemies":"Snake Plant","floor":20,"turns":4},{"damage":11,"enemies":"Centurion and Healer","floor":22,"turns":4},{"damage":2,"enemies":"Cultist and Chosen","floor":24,"turns":3},{"damage":14,"enemies":"Gremlin Leader","floor":28,"turns":6},{"damage":13,"enemies":"Snecko","floor":31,"turns":4},{"damage":51,"enemies":"Automaton","floor":33,"turns":8},{"damage":0,"enemies":"3 Shapes","floor":35,"turns":4},{"damage":38,"enemies":"Mind Bloom Boss Battle","floor":36,"turns":5},{"damage":0,"enemies":"Orb Walker","floor":41,"turns":3},{"damage":25,"enemies":"Reptomancer","floor":42,"turns":6},{"damage":0,"enemies":"3 Darklings","floor":44,"turns":4},{"damage":0,"enemies":"Sphere and 2 Shapes","floor":48,"turns":5},{"damage":107,"enemies":"Time Eater","floor":50,"turns":9}],"seed_played":"7862126302291323929","potions_obtained":[{"floor":7,"key":"SpeedPotion"},{"floor":13,"key":"GhostInAJar"},{"floor":18,"key":"EssenceOfSteel"},{"floor":19,"key":"SkillPotion"},{"floor":28,"key":"SteroidPotion"},{"floor":31,"key":"Energy Potion"},{"floor":36,"key":"Dexterity Potion"}],"is_trial":false,"path_per_floor":["M","?","M","?","$","E","M","?","T","$","M","T","E","M","R","B",null,"M","M","M","$","M","R","M","$","T","R","E","?","R","M","R","B",null,"M","?","$","?","?","R","M","E","T","M","R","?","$","M","R","B"],"character_chosen":"THE_SILENT","items_purchased":["Cloak And Dagger","Centennial Puzzle","Deflect","HandOfGreed","Acrobatics","Noxious Fumes","Poisoned Stab","Apotheosis","FairyPotion"],"campfire_rested":1,"item_purchase_floors":[5,5,5,5,10,10,21,37,47],"current_hp_per_floor":[61,67,67,73,73,59,58,58,58,58,49,49,47,41,41,23,90,72,63,60,60,49,49,47,47,47,77,63,63,63,52,52,3,78,80,44,44,90,90,90,90,65,71,73,73,73,73,75,75,0],"gold":68,"neow_bonus":"TWO_FIFTY_GOLD","is_prod":false,"is_daily":false,"chose_seed":false,"campfire_upgraded":6,"win_rate":0,"timestamp":1565339004,"path_taken":["M","?","M","?","$","E","M","?","T","?","?","?","E","M","R","BOSS","M","?","M","$","M","R","M","$","T","R","E","?","R","?","R","BOSS","M","?","$","?","?","R","M","E","T","M","R","?","$","M","R","BOSS"],"build_version":"2019-07-17","purchased_purges":4,"victory":false,"max_hp_per_floor":[63,69,69,75,75,75,75,75,75,75,75,75,75,75,75,75,103,103,103,103,103,103,103,103,103,103,103,103,103,103,103,103,103,103,103,103,103,90,90,90,90,90,96,96,96,96,96,96,96,96],"card_choices":[{"not_picked":["Sucker Punch","Riddle With Holes"],"picked":"Cloak And Dagger","floor":1},{"not_picked":["Choke","Flying Knee"],"picked":"PiercingWail","floor":3},{"not_picked":["Outmaneuver","Sucker Punch"],"picked":"Flying Knee","floor":6},{"not_picked":["Outmaneuver","Flechettes"],"picked":"Well Laid Plans","floor":7},{"not_picked":["Backflip","PiercingWail"],"picked":"Riddle With Holes","floor":11},{"not_picked":["Unload","Deflect"],"picked":"Catalyst","floor":13},{"not_picked":["Deflect","Escape Plan","Blade Dance"],"picked":"Poisoned Stab","floor":14},{"not_picked":["Burst","Die Die Die","Night Terror"],"picked":"Corpse Explosion","floor":16},{"not_picked":["Accuracy","Sucker Punch","Outmaneuver"],"picked":"Cloak And Dagger+1","floor":18},{"not_picked":["Dagger Throw","Bane","Reflex","Quick Slash"],"picked":"SKIP","floor":19},{"not_picked":["Masterful Stab","Riddle With Holes","Skewer"],"picked":"Sucker Punch","floor":20},{"not_picked":["Bane","Acrobatics","Deflect"],"picked":"Dagger Spray","floor":22},{"not_picked":["Bouncing Flask","Predator","Unload"],"picked":"Backflip","floor":24},{"not_picked":["Dodge and Roll","Dagger Throw+1","Grand Finale"],"picked":"Crippling Poison","floor":28},{"not_picked":["Bane+1","Sucker Punch","Slice"],"picked":"Backflip","floor":31},{"not_picked":["Unload","Burst","Storm of Steel"],"picked":"Corpse Explosion","floor":33},{"not_picked":["Setup+1","Prepared","All Out Attack"],"picked":"Bouncing Flask+1","floor":35},{"not_picked":["Masterful Stab","Concentrate+1","Poisoned Stab"],"picked":"Cloak And Dagger+1","floor":36},{"not_picked":["Bouncing Flask+1","Blade Dance","Leg Sweep+1"],"picked":"Footwork","floor":41},{"not_picked":["Backflip","Riddle With Holes+1","Expertise","Flechettes"],"picked":"SKIP","floor":42},{"not_picked":["Choke+1","Outmaneuver","Flying Knee"],"picked":"Infinite Blades","floor":44},{"not_picked":["HandOfGreed","Deep Breath","Jack Of All Trades"],"picked":"Finesse","floor":46},{"not_picked":["Bane","Riddle With Holes","Deadly Poison+1"],"picked":"Poisoned Stab+1","floor":48}],"player_experience":117203,"relics_obtained":[{"floor":6,"key":"Whetstone"},{"floor":9,"key":"Shuriken"},{"floor":12,"key":"Letter Opener"},{"floor":13,"key":"Question Card"},{"floor":17,"key":"Happy Flower"},{"floor":17,"key":"Pear"},{"floor":17,"key":"Dead Branch"},{"floor":26,"key":"Mummified Hand"},{"floor":28,"key":"Blood Vial"},{"floor":36,"key":"Girya"},{"floor":42,"key":"Juzu Bracelet"},{"floor":43,"key":"Bottled Lightning"}],"event_choices":[{"damage_healed":0,"gold_gain":0,"player_choice":"Box","damage_taken":0,"relics_obtained":["Darkstone Periapt"],"max_hp_gain":0,"max_hp_loss":0,"event_name":"Big Fish","floor":2,"gold_loss":0,"cards_obtained":["Regret"]},{"damage_healed":0,"gold_gain":175,"player_choice":"AGREE","damage_taken":0,"max_hp_gain":0,"max_hp_loss":0,"event_name":"Liars Game","floor":4,"gold_loss":0,"cards_obtained":["Doubt"]},{"cards_removed":["Doubt"],"damage_healed":0,"gold_gain":0,"player_choice":"Card Removal","damage_taken":0,"max_hp_gain":0,"max_hp_loss":0,"event_name":"The Cleric","floor":8,"gold_loss":50},{"damage_healed":0,"gold_gain":0,"player_choice":"Bet on Murderer","damage_taken":0,"max_hp_gain":0,"max_hp_loss":0,"event_name":"The Joust","floor":29,"gold_loss":50},{"damage_healed":0,"gold_gain":0,"player_choice":"Fight","damage_taken":0,"max_hp_gain":0,"max_hp_loss":0,"event_name":"MindBloom","floor":36,"gold_loss":0},{"damage_healed":90,"gold_gain":0,"player_choice":"Heal","damage_taken":0,"max_hp_gain":0,"max_hp_loss":13,"event_name":"The Moai Head","floor":38,"gold_loss":0},{"cards_removed":["Strike_G"],"damage_healed":0,"gold_gain":0,"player_choice":"Offered Basic","damage_taken":0,"max_hp_gain":0,"max_hp_loss":0,"event_name":"Bonfire Elementals","floor":39,"gold_loss":0},{"damage_healed":0,"gold_gain":0,"player_choice":"Memory 1","damage_taken":0,"max_hp_gain":0,"max_hp_loss":0,"event_name":"SensoryStone","floor":46,"gold_loss":0}],"is_beta":false,"boss_relics":[{"not_picked":["Black Star","Astrolabe"],"picked":"Calling Bell"},{"not_picked":["Snecko Eye","Lizard Tail"],"picked":"Cursed Key"}],"items_purged_floors":[5,21,25,37],"is_endless":false,"potions_floor_spawned":[7,13,18,19,28,31,36],"killed_by":"Time Eater","ascension_level":6}