{"gold_per_floor":[112,62,78,3,3,33,33,47,47,62,92,92,92],"floor_reached":13,"playtime":470,"items_purged":["Strike_R"],"score":112,"play_id":"465d2ab3-76ac-45b9-a86e-40d7e584e13d","local_time":"20190819223321","is_ascension_mode":true,"campfire_choices":[{"data":"Searing Blow","floor":7.0,"key":"SMITH"}],"neow_cost":"NONE","seed_source_timestamp":204488198525300,"circlet_count":0,"master_deck":["Strike_R","Strike_R","Defend_R","Defend_R","Defend_R","Defend_R","Bash","Deep Breath","Heavy Blade","Whirlwind","Searing Blow+1","Impervious"],"special_seed":0,"relics":["Burning Blood","Smiling Mask","Paper Frog"],"potions_floor_usage":[13,13],"damage_taken":[{"damage":1.0,"enemies":"Cultist","floor":1.0,"turns":3.0},{"damage":6.0,"enemies":"Jaw Worm","floor":3.0,"turns":5.0},{"damage":60.0,"enemies":"Lagavulin","floor":6.0,"turns":7.0},{"damage":2.0,"enemies":"2 Louse","floor":8.0,"turns":2.0},{"damage":8.0,"enemies":"Red Slaver","floor":10.0,"turns":3.0},{"damage":21.0,"enemies":"Gremlin Nob","floor":11.0,"turns":4.0},{"damage":13,"enemies":"3 Sentries","floor":13,"turns":4}],"seed_played":"6200962795380081277","potions_obtained":[{"floor":6.0,"key":"PowerPotion"},{"floor":8.0,"key":"Poison Potion"},{"floor":11.0,"key":"SpeedPotion"},{"floor":12.0,"key":"Fruit Juice"},{"floor":12.0,"key":"EssenceOfSteel"}],"is_trial":false,"path_per_floor":["M","?","M","$","?","E","R","M","T","M","E","?","E"],"character_chosen":"IRONCLAD","items_purchased":[],"campfire_rested":0,"item_purchase_floors":[],"current_hp_per_floor":[80,80,80,80,80,26,26,30,30,28,13,13,5],"gold":92,"neow_bonus":"RANDOM_COLORLESS","is_prod":false,"is_daily":false,"chose_seed":false,"campfire_upgraded":1,"win_rate":0,"timestamp":1566272001,"path_taken":["M","?","M","$","?","E","R","M","T","M","E","?","E"],"build_version":"2019-07-17","purchased_purges":1,"victory":false,"max_hp_per_floor":[80,80,80,80,80,80,80,80,80,80,80,80,85],"card_choices":[{"not_picked":["Armaments","Headbutt"],"picked":"Heavy Blade","floor":1.0},{"not_picked":["Havoc","Bloodletting"],"picked":"Whirlwind","floor":3.0},{"not_picked":["Wild Strike","Thunderclap"],"picked":"Searing Blow","floor":6.0},{"not_picked":["Wild Strike","Clothesline","Perfected Strike"],"picked":"SKIP","floor":8.0},{"not_picked":["Metallicize","Sword Boomerang"],"picked":"Impervious","floor":10.0},{"not_picked":["Bludgeon","Thunderclap","Entrench"],"picked":"SKIP","floor":11.0}],"player_experience":465476,"relics_obtained":[{"floor":6.0,"key":"Smiling Mask"},{"floor":11.0,"key":"Paper Frog"}],"event_choices":[{"cards_removed":["Strike_R"],"damage_healed":0.0,"max_hp_gain":0.0,"max_hp_loss":0.0,"gold_gain":0.0,"event_name":"The Cleric","player_choice":"Card Removal","floor":2.0,"gold_loss":50.0,"damage_taken":0.0},{"cards_removed":["Strike_R"],"damage_healed":0.0,"max_hp_gain":0.0,"max_hp_loss":0.0,"gold_gain":0.0,"event_name":"Living Wall","player_choice":"Forget","floor":5.0,"gold_loss":0.0,"damage_taken":0.0},{"damage_healed":0.0,"max_hp_gain":0.0,"max_hp_loss":0.0,"gold_gain":0.0,"event_name":"Lab","player_choice":"Got Potions","floor":12.0,"gold_loss":0.0,"damage_taken":0.0}],"is_beta":false,"boss_relics":[],"items_purged_floors":[4],"is_endless":false,"potions_floor_spawned":[6,8,11],"killed_by":"3 Sentries","ascension_level":4}