{"gold_per_floor":[368,43,193,193,206,239,239,24,99,130,130,130,151,222,222,222],"floor_reached":16,"playtime":391,"items_purged":["Doubt"],"score":207,"play_id":"622c0dc0-7229-40c2-825f-875df37c3b73","local_time":"20190824180837","is_ascension_mode":true,"campfire_choices":[{"floor":7,"key":"REST"},{"data":"Sunder","floor":12,"key":"SMITH"},{"data":"Sunder","floor":15,"key":"SMITH"}],"neow_cost":"TEN_PERCENT_HP_LOSS","seed_source_timestamp":366521599736000,"circlet_count":0,"master_deck":["AscendersBane","Strike_B","Strike_B","Strike_B","Strike_B","Defend_B","Defend_B","Defend_B","Defend_B","Zap","Dualcast","Consume","Ball Lightning","Turbo","Undo","Sunder+1","Sunder+1","Reboot","Conserve Battery"],"relics":["Cracked Core","Mummified Hand","Golden Idol","PreservedInsect","Bottled Lightning","DataDisk","Vajra"],"potions_floor_usage":[6,10,16],"damage_taken":[{"damage":2,"enemies":"Jaw Worm","floor":1,"turns":3},{"damage":9,"enemies":"2 Louse","floor":5,"turns":3},{"damage":30,"enemies":"3 Sentries","floor":6,"turns":5},{"damage":4,"enemies":"Gremlin Nob","floor":10,"turns":3},{"damage":8,"enemies":"Small Slimes","floor":13,"turns":2},{"damage":8,"enemies":"Gremlin Nob","floor":14,"turns":3},{"damage":23,"enemies":"Hexaghost","floor":16,"turns":7}],"seed_played":"-4328672705026475524","potions_obtained":[{"floor":1,"key":"Explosive Potion"},{"floor":6,"key":"LiquidBronze"}],"is_trial":false,"path_per_floor":["M","$","?","?","M","E","R","$","T","E","?","R","M","?","R","B"],"character_chosen":"DEFECT","items_purchased":["Mummified Hand","Ball Lightning","Sunder","FearPotion"],"campfire_rested":1,"item_purchase_floors":[2,2,8,8],"current_hp_per_floor":[62,62,62,58,49,19,36,36,36,32,32,32,24,16,16,0],"gold":222,"neow_bonus":"TWO_FIFTY_GOLD","is_prod":false,"is_daily":false,"chose_seed":false,"campfire_upgraded":2,"win_rate":0,"timestamp":1566637717,"path_taken":["M","$","?","?","M","E","R","$","T","E","?","R","M","?","R","BOSS"],"build_version":"2019-07-17","purchased_purges":1,"victory":false,"max_hp_per_floor":[64,64,64,58,58,58,58,58,58,58,58,58,58,58,58,58],"card_choices":[{"not_picked":["Scrape","Cold Snap"],"picked":"Consume","floor":1},{"not_picked":["Steam Power","Reprogram"],"picked":"Turbo","floor":5},{"not_picked":["Hologram","Go for the Eyes"],"picked":"Undo","floor":6},{"not_picked":["Blizzard","Rebound"],"picked":"Sunder","floor":10},{"not_picked":["Ball Lightning","Streamline"],"picked":"Reboot","floor":13},{"not_picked":["Beam Cell","Rebound"],"picked":"Conserve Battery","floor":14}],"player_experience":228471,"relics_obtained":[{"floor":6,"key":"PreservedInsect"},{"floor":9,"key":"Bottled Lightning"},{"floor":10,"key":"DataDisk"},{"floor":14,"key":"Vajra"}],"event_choices":[{"damage_healed":0,"gold_gain":150,"player_choice":"AGREE","damage_taken":0,"max_hp_gain":0,"max_hp_loss":0,"event_name":"Liars Game","floor":3,"gold_loss":0,"cards_obtained":["Doubt"]},{"damage_healed":0,"gold_gain":0,"player_choice":"Lose Max HP","damage_taken":0,"relics_obtained":["Golden Idol"],"max_hp_gain":0,"max_hp_loss":6,"event_name":"Golden Idol","floor":4,"gold_loss":0},{"damage_healed":0,"gold_gain":0,"player_choice":"Fled","damage_taken":0,"max_hp_gain":0,"max_hp_loss":0,"event_name":"Scrap Ooze","floor":11,"gold_loss":0},{"damage_healed":0,"gold_gain":30,"player_choice":"Searched \u00272\u0027 times","damage_taken":0,"max_hp_gain":0,"max_hp_loss":0,"event_name":"Dead Adventurer","floor":14,"gold_loss":0}],"is_beta":false,"boss_relics":[],"items_purged_floors":[8],"is_endless":false,"potions_floor_spawned":[1,6],"killed_by":"Hexaghost","ascension_level":19}