{"gold_per_floor":[119,138,213,54,19,46,46,46,46,46,62,92,104,139,139,214,214,214,214,137,137,137,137,137,137,137,137,38,38,38,38,38,38,38,38,38,0,0,0,0,0,0,0,0],"floor_reached":44,"playtime":1647,"items_purged":[],"score":828,"play_id":"697bb474-318a-4197-95de-2d07427e74d3","local_time":"20180712210648","is_ascension_mode":true,"campfire_choices":[{"data":"Wraith Form v2","floor":8,"key":"SMITH"},{"data":"Cloak And Dagger","floor":10,"key":"SMITH"},{"data":"Malaise","floor":15,"key":"SMITH"},{"data":"Wraith Form v2","floor":23,"key":"SMITH"},{"data":"J.A.X.","floor":25,"key":"SMITH"},{"data":"Dagger Spray","floor":27,"key":"SMITH"},{"data":"Panacea","floor":29,"key":"SMITH"},{"floor":32,"key":"REST"},{"floor":40,"key":"REST"}],"neow_cost":"NONE","seed_source_timestamp":243180192267363,"circlet_count":0,"master_deck":["Defend_G","Defend_G","Defend_G","Defend_G","Defend_G","Strike_G","Strike_G","Strike_G","Strike_G","Strike_G","Survivor","Neutralize","AscendersBane","Flying Knee","Cloak And Dagger+1","Wraith Form v2+1","Well Laid Plans","Malaise+1","Dash","Infinite Blades","Infinite Blades","Wraith Form v2+1","All Out Attack","J.A.X.+1","Dagger Spray+1","Panacea+1","Footwork","Corpse Explosion","Quick Slash+1","Dagger Throw+1","Accuracy","Night Terror","Infinite Blades"],"relics":["Ring of the Snake","NeowsBlessing","Ninja Scroll","Blue Candle","Bottled Flame","Torii","Ectoplasm","Enchiridion","Pantograph","Question Card","Sozu","Red Mask","Anchor"],"potions_floor_usage":[16,33,33],"damage_taken":[{"damage":0,"enemies":"Cultist","floor":1,"turns":1},{"damage":0,"enemies":"Jaw Worm","floor":2,"turns":1},{"damage":0,"enemies":"Gremlin Nob","floor":6,"turns":1},{"damage":0,"enemies":"2 Louse","floor":11,"turns":3},{"damage":5,"enemies":"3 Sentries","floor":12,"turns":11},{"damage":1,"enemies":"Gremlin Gang","floor":13,"turns":5},{"damage":3,"enemies":"Lagavulin","floor":14,"turns":10},{"damage":13,"enemies":"Slime Boss","floor":16,"turns":11},{"damage":0,"enemies":"3 Byrds","floor":18,"turns":6},{"damage":4,"enemies":"Spheric Guardian","floor":21,"turns":3},{"damage":4,"enemies":"Chosen and Byrds","floor":22,"turns":6},{"damage":2,"enemies":"Centurion and Healer","floor":24,"turns":8},{"damage":8,"enemies":"Snake Plant","floor":30,"turns":7},{"damage":17,"enemies":"Book of Stabbing","floor":31,"turns":8},{"damage":37,"enemies":"Automaton","floor":33,"turns":12},{"damage":20,"enemies":"Orb Walker","floor":35,"turns":5},{"damage":3,"enemies":"Flame Bruiser 1 Orb","floor":36,"turns":7},{"damage":1,"enemies":"Transient","floor":38,"turns":5},{"damage":0,"enemies":"3 Darklings","floor":39,"turns":2},{"damage":8,"enemies":"4 Shapes","floor":41,"turns":8},{"damage":42,"enemies":"2 Orb Walkers","floor":44,"turns":3}],"seed_played":"-1928299030821580621","potions_obtained":[{"floor":2,"key":"LiquidBronze"},{"floor":6,"key":"Swift Potion"},{"floor":16,"key":"Fire Potion"}],"is_trial":false,"path_per_floor":["M","M","?","$","?","E","$","R","T","R","M","E","M","E","R","B",null,"M","?","?","M","M","R","M","R","T","R","$","R","M","E","R","B",null,"M","M","?","M","M","R","M","$","T"],"character_chosen":"THE_SILENT","items_purchased":["Wraith Form v2","Panacea"],"campfire_rested":2,"item_purchase_floors":[4,28],"current_hp_per_floor":[59,59,48,48,64,64,64,64,64,64,64,59,58,55,55,42,60,60,39,39,35,31,31,29,29,29,29,29,29,21,4,23,11,52,32,29,29,28,28,47,39,39,39,0],"gold":0,"neow_bonus":"THREE_ENEMY_KILL","is_prod":false,"is_daily":false,"chose_seed":false,"campfire_upgraded":7,"win_rate":0,"timestamp":1531454808,"path_taken":["M","?","?","$","?","E","$","R","T","R","M","E","M","E","R","BOSS","M","?","?","M","?","R","M","R","T","R","?","R","M","E","R","BOSS","M","M","?","M","M","R","M","$","T","E"],"build_version":"2018-07-12","purchased_purges":0,"victory":false,"max_hp_per_floor":[66,66,66,66,66,66,66,66,66,66,66,66,66,66,66,66,66,66,66,66,66,66,66,66,66,66,66,66,66,66,66,66,66,66,66,66,66,66,66,66,66,66,66,66],"card_choices":[{"not_picked":["Prepared","Underhanded Strike"],"picked":"Flying Knee","floor":1},{"not_picked":["Deflect","Crippling Poison"],"picked":"Cloak And Dagger","floor":2},{"not_picked":["Dagger Throw","Eviscerate"],"picked":"Well Laid Plans","floor":6},{"not_picked":["Poisoned Stab","Dagger Throw"],"picked":"Malaise","floor":11},{"not_picked":["Sucker Punch","Prepared"],"picked":"Dash","floor":12},{"not_picked":["Outmaneuver","Dodge and Roll"],"picked":"Infinite Blades","floor":13},{"not_picked":["Quick Slash","Dodge and Roll"],"picked":"Infinite Blades","floor":14},{"not_picked":["Venomology","Adrenaline"],"picked":"Wraith Form v2","floor":16},{"not_picked":["Deflect","Prepared"],"picked":"All Out Attack","floor":18},{"not_picked":["All Out Attack","Prepared"],"picked":"Dagger Spray","floor":24},{"not_picked":["Underhanded Strike+1","Poisoned Stab"],"picked":"Footwork","floor":31},{"not_picked":["Bullet Time","Doppelganger","Tactician"],"picked":"Corpse Explosion","floor":33},{"not_picked":["All Out Attack","Underhanded Strike","Dagger Spray"],"picked":"Quick Slash+1","floor":35},{"not_picked":["Dagger Spray","Cloak And Dagger","Flying Knee"],"picked":"Dagger Throw+1","floor":36},{"not_picked":["Slice","Expertise+1","All Out Attack+1"],"picked":"Accuracy","floor":38},{"not_picked":["PiercingWail+1","Infinite Blades","Prepared"],"picked":"Night Terror","floor":39},{"not_picked":["Dodge and Roll+1","Acrobatics+1","Blade Dance"],"picked":"Infinite Blades","floor":41}],"player_experience":617158,"relics_obtained":[{"floor":6,"key":"Ninja Scroll"},{"floor":9,"key":"Blue Candle"},{"floor":12,"key":"Bottled Flame"},{"floor":14,"key":"Torii"},{"floor":19,"key":"Enchiridion"},{"floor":26,"key":"Pantograph"},{"floor":31,"key":"Question Card"},{"floor":43,"key":"Anchor"}],"event_choices":[{"event_name":"World of Goop","player_choice":"Gather Gold","floor":3,"damage_taken":0},{"event_name":"The Cleric","player_choice":"Healed","floor":5,"damage_taken":0},{"event_name":"Cursed Tome","player_choice":"Obtained Book","floor":19,"damage_taken":0},{"event_name":"Drug Dealer","player_choice":"Got JAXXED","floor":20,"damage_taken":0},{"event_name":"Tomb of Lord Red Mask","player_choice":"Paid","floor":37,"damage_taken":0}],"boss_relics":[{"not_picked":["Fusion Hammer","Lizard Tail"],"picked":"Ectoplasm"},{"not_picked":["Eternal Feather","Black Star"],"picked":"Sozu"}],"items_purged_floors":[],"is_endless":false,"potions_floor_spawned":[2,6,11,16,18,21,22,35,41],"killed_by":"2 Orb Walkers","ascension_level":15}