{"gold_per_floor":[19,19,19,19,31,31,56,68,68,68,81,101,130,149,149,149],"floor_reached":16,"playtime":598,"items_purged":[],"score":224,"play_id":"c49c5552-3dd0-4c6e-aa24-39fdb61f06e9","local_time":"20190101124106","is_ascension_mode":true,"campfire_choices":[{"data":"Cloak And Dagger","floor":6,"key":"SMITH"},{"data":"Bouncing Flask","floor":10,"key":"SMITH"},{"data":"Cloak And Dagger","floor":15,"key":"SMITH"}],"neow_cost":"NO_GOLD","seed_source_timestamp":1829322417849951,"circlet_count":0,"master_deck":["AscendersBane","Defend_G","Defend_G","Defend_G","Defend_G","Defend_G","Strike_G","Strike_G","Strike_G","Strike_G","Strike_G","Survivor","Neutralize","Deadly Poison","Cloak And Dagger+1","Bouncing Flask+1","Endless Agony","Well Laid Plans","Cloak And Dagger+1","Slice"],"relics":["Ring of the Snake","The Specimen","Kunai","PreservedInsect","Meat on the Bone","Blood Vial"],"potions_floor_usage":[7,7,11],"damage_taken":[{"damage":2,"enemies":"Jaw Worm","floor":1,"turns":6},{"damage":2,"enemies":"2 Louse","floor":5,"turns":3},{"damage":7,"enemies":"3 Sentries","floor":7,"turns":13},{"damage":0,"enemies":"Cultist","floor":8,"turns":4},{"damage":0,"enemies":"Large Slime","floor":11,"turns":4},{"damage":4,"enemies":"Lots of Slimes","floor":12,"turns":4},{"damage":6,"enemies":"Lagavulin","floor":13,"turns":5},{"damage":1,"enemies":"Looter","floor":14,"turns":4},{"damage":56,"enemies":"Slime Boss","floor":16,"turns":8}],"seed_played":"7538355599079558520","potions_obtained":[{"floor":1,"key":"Poison Potion"},{"floor":5,"key":"Swift Potion"},{"floor":8,"key":"Strength Potion"}],"is_trial":false,"path_per_floor":["M","?","$","?","M","R","E","M","T","R","M","M","E","M","R","B"],"character_chosen":"THE_SILENT","items_purchased":[],"campfire_rested":0,"item_purchase_floors":[],"current_hp_per_floor":[57,31,31,31,29,29,22,22,22,22,34,42,36,37,37,0],"gold":149,"neow_bonus":"ONE_RARE_RELIC","is_prod":false,"is_daily":false,"chose_seed":false,"campfire_upgraded":3,"win_rate":0,"timestamp":1546375266,"path_taken":["M","?","$","?","M","R","E","M","T","R","M","M","E","M","R","BOSS"],"build_version":"2018-12-25","purchased_purges":0,"victory":false,"max_hp_per_floor":[66,66,66,66,66,66,66,66,66,66,66,66,66,66,66,66],"card_choices":[{"not_picked":["Cloak And Dagger","Dagger Spray"],"picked":"Deadly Poison","floor":1},{"not_picked":["Deflect","Flying Knee"],"picked":"Cloak And Dagger","floor":5},{"not_picked":["Sucker Punch","Night Terror"],"picked":"Bouncing Flask","floor":7},{"not_picked":["Sucker Punch","Acrobatics"],"picked":"Endless Agony","floor":11},{"not_picked":["Slice","Acrobatics"],"picked":"Well Laid Plans","floor":12},{"not_picked":["Backflip","Quick Slash"],"picked":"Cloak And Dagger","floor":13},{"not_picked":["Dagger Spray","Well Laid Plans"],"picked":"Slice","floor":14}],"player_experience":1005309,"relics_obtained":[{"floor":7,"key":"PreservedInsect"},{"floor":9,"key":"Meat on the Bone"},{"floor":13,"key":"Blood Vial"}],"event_choices":[{"damage_healed":0,"gold_gain":0,"player_choice":"Success","damage_taken":26,"relics_obtained":["Kunai"],"max_hp_gain":0,"max_hp_loss":0,"event_name":"Scrap Ooze","floor":2,"gold_loss":0},{"damage_healed":0,"gold_gain":0,"player_choice":"Leave","damage_taken":0,"max_hp_gain":0,"max_hp_loss":0,"event_name":"The Cleric","floor":4,"gold_loss":0}],"is_beta":true,"boss_relics":[],"items_purged_floors":[],"is_endless":false,"potions_floor_spawned":[1,5,8],"killed_by":"Slime Boss","ascension_level":20}