{"gold_per_floor":[416,434,453,465,465,495,495,495,519,519,538,538,538],"floor_reached":13,"playtime":728,"items_purged":[],"score":85,"play_id":"bbc32ba3-fe3a-401e-857a-c0a4188d0d94","local_time":"20190703181940","is_ascension_mode":false,"campfire_choices":[{"data":"Neutralize","floor":7,"key":"SMITH"}],"neow_cost":"TEN_PERCENT_HP_LOSS","seed_source_timestamp":385411457567963,"circlet_count":0,"master_deck":["Strike_G","Strike_G","Strike_G","Strike_G","Strike_G","Defend_G","Defend_G","Defend_G","Defend_G","Defend_G","Survivor","Neutralize+1","Accuracy","Blur","Quick Slash","Escape Plan","Leg Sweep"],"relics":["Ring of the Snake","Old Coin","Art of War","Centennial Puzzle","Golden Idol"],"potions_floor_usage":[6,13,13],"damage_taken":[{"damage":0,"enemies":"2 Louse","floor":1,"turns":3},{"damage":5,"enemies":"Small Slimes","floor":2,"turns":6},{"damage":7,"enemies":"Cultist","floor":3,"turns":4},{"damage":8,"enemies":"2 Fungi Beasts","floor":4,"turns":5},{"damage":16,"enemies":"3 Sentries","floor":6,"turns":16},{"damage":1,"enemies":"Blue Slaver","floor":11,"turns":6},{"damage":37,"enemies":"Gremlin Nob","floor":13,"turns":6}],"seed_played":"2993502896772175411","potions_obtained":[{"floor":3,"key":"Dexterity Potion"},{"floor":6,"key":"Block Potion"},{"floor":11,"key":"SteroidPotion"}],"is_trial":false,"path_per_floor":["M","M","M","M","?","E","R","?","T","?","M","?","E"],"character_chosen":"THE_SILENT","items_purchased":[],"campfire_rested":0,"item_purchase_floors":[],"current_hp_per_floor":[63,58,51,43,40,24,24,24,24,24,23,23,0],"gold":538,"neow_bonus":"ONE_RARE_RELIC","is_prod":false,"is_daily":false,"chose_seed":false,"campfire_upgraded":1,"win_rate":0,"timestamp":1562195980,"path_taken":["M","M","M","M","?","E","R","?","T","?","?","?","E"],"build_version":"2019-07-01","purchased_purges":0,"victory":false,"max_hp_per_floor":[63,63,63,63,63,63,63,58,58,58,58,58,58],"card_choices":[{"not_picked":["Cloak And Dagger","Outmaneuver"],"picked":"Accuracy","floor":1},{"not_picked":["Reflex","Deadly Poison","Acrobatics"],"picked":"SKIP","floor":2},{"not_picked":["Crippling Poison","Slice"],"picked":"Blur","floor":3},{"not_picked":["Crippling Poison","Escape Plan"],"picked":"Quick Slash","floor":4},{"not_picked":["Acrobatics","Flying Knee"],"picked":"Escape Plan","floor":6},{"not_picked":["Dagger Spray","Dagger Throw"],"picked":"Leg Sweep","floor":11}],"player_experience":837282,"relics_obtained":[{"floor":6,"key":"Centennial Puzzle"}],"event_choices":[{"damage_healed":0,"gold_gain":0,"player_choice":"Success","damage_taken":3,"relics_obtained":["Art of War"],"max_hp_gain":0,"max_hp_loss":0,"event_name":"Scrap Ooze","floor":5,"gold_loss":0},{"damage_healed":0,"gold_gain":0,"player_choice":"Lose Max HP","damage_taken":0,"relics_obtained":["Golden Idol"],"max_hp_gain":0,"max_hp_loss":5,"event_name":"Golden Idol","floor":8,"gold_loss":0},{"damage_healed":0,"gold_gain":0,"player_choice":"Ignored","damage_taken":0,"max_hp_gain":0,"max_hp_loss":0,"event_name":"NoteForYourself","floor":10,"gold_loss":0},{"damage_healed":0,"gold_gain":0,"player_choice":"Ignored","damage_taken":0,"max_hp_gain":0,"max_hp_loss":0,"event_name":"Liars Game","floor":12,"gold_loss":0}],"is_beta":false,"boss_relics":[],"items_purged_floors":[],"is_endless":false,"potions_floor_spawned":[3,6,11],"killed_by":"Gremlin Nob","ascension_level":0}