{"gold_per_floor":[118,130,80,94,94,94,109,138,138,94,112,112,139,151,151,250,250,235,252,264,264,264,264,278,312,339,339,339,359,284,62,62,62],"floor_reached":33,"playtime":1637,"items_purged":["Strike_R"],"score":277,"play_id":"723dcc60-a4e0-4b17-9900-75ebd1a98141","local_time":"20190705235724","is_ascension_mode":false,"campfire_choices":[{"floor":6,"key":"RECALL"},{"floor":12,"key":"REST"},{"floor":15,"key":"REST"},{"data":"Barricade","floor":23,"key":"SMITH"},{"floor":27,"key":"REST"},{"data":"Seeing Red","floor":32,"key":"SMITH"}],"neow_cost":"NONE","seed_source_timestamp":383086431727291,"circlet_count":0,"master_deck":["Strike_R","Strike_R+1","Strike_R+1","Defend_R","Defend_R","Defend_R","Defend_R","Pommel Strike","Seeing Red","Inflame","Fire Breathing","Barricade+1","Twin Strike","Reaper","Armaments+1","Seeing Red+1","Twin Strike","Burning Pact","Shrug It Off+1","Pommel Strike","Burning Pact"],"relics":["Burning Blood","Bag of Marbles","Self Forming Clay","Whetstone","Red Skull","Runic Cube","Bird Faced Urn","Bronze Scales","Blood Vial"],"potions_floor_usage":[11,13,16,18,20,25,33,33],"damage_taken":[{"damage":7,"enemies":"2 Louse","floor":1,"turns":2},{"damage":11,"enemies":"Jaw Worm","floor":2,"turns":3},{"damage":0,"enemies":"Small Slimes","floor":4,"turns":3},{"damage":19,"enemies":"Exordium Wildlife","floor":7,"turns":5},{"damage":40,"enemies":"3 Sentries","floor":8,"turns":12},{"damage":4,"enemies":"Blue Slaver","floor":11,"turns":3},{"damage":23,"enemies":"Gremlin Nob","floor":13,"turns":4},{"damage":10,"enemies":"Red Slaver","floor":14,"turns":2},{"damage":53,"enemies":"Hexaghost","floor":16,"turns":11},{"damage":13,"enemies":"2 Thieves","floor":18,"turns":4},{"damage":30,"enemies":"Shell Parasite","floor":19,"turns":8},{"damage":34,"enemies":"Centurion and Healer","floor":20,"turns":8},{"damage":31,"enemies":"Chosen and Byrds","floor":24,"turns":8},{"damage":22,"enemies":"Book of Stabbing","floor":25,"turns":6},{"damage":31,"enemies":"3 Cultists","floor":29,"turns":6},{"damage":84,"enemies":"Collector","floor":33,"turns":7}],"seed_played":"6769104848540889463","potions_obtained":[{"floor":1,"key":"SkillPotion"},{"floor":7,"key":"EssenceOfSteel"},{"floor":8,"key":"Weak Potion"},{"floor":13,"key":"EssenceOfSteel"},{"floor":16,"key":"EssenceOfSteel"},{"floor":18,"key":"Regen Potion"},{"floor":19,"key":"BloodPotion"},{"floor":24,"key":"Weak Potion"}],"is_trial":false,"path_per_floor":["M","M","?","M","?","R","M","E","T","?","M","R","E","M","R","B",null,"M","M","M","?","?","R","M","E","T","R","?","M","?","$","R","B"],"character_chosen":"IRONCLAD","items_purchased":["Blood Vial"],"campfire_rested":3,"item_purchase_floors":[31],"current_hp_per_floor":[79,74,74,80,80,80,67,33,33,33,35,59,42,38,62,15,80,73,56,50,50,50,50,37,21,21,45,45,42,42,42,42,0],"gold":62,"neow_bonus":"RANDOM_COMMON_RELIC","is_prod":false,"is_daily":false,"chose_seed":false,"campfire_upgraded":2,"win_rate":0,"timestamp":1562338644,"path_taken":["M","M","?","M","?","R","M","E","T","?","M","R","E","M","R","BOSS","M","M","M","?","?","R","?","E","T","R","?","M","?","?","R","BOSS"],"build_version":"2019-07-01","purchased_purges":1,"victory":false,"max_hp_per_floor":[80,80,80,80,80,80,80,80,80,80,80,80,80,80,80,80,80,80,80,80,80,80,80,80,80,80,80,80,80,80,80,80,80],"card_choices":[{"not_picked":["Intimidate","Feel No Pain"],"picked":"Pommel Strike","floor":1},{"not_picked":["Perfected Strike","Sever Soul","Headbutt"],"picked":"SKIP","floor":2},{"not_picked":["Searing Blow","Clothesline","Clash"],"picked":"SKIP","floor":4},{"not_picked":["Shrug It Off","Headbutt"],"picked":"Seeing Red","floor":7},{"not_picked":["Flex","Infernal Blade"],"picked":"Inflame","floor":8},{"not_picked":["Thunderclap","Headbutt"],"picked":"Fire Breathing","floor":11},{"not_picked":["Armaments","Spot Weakness"],"picked":"Barricade","floor":13},{"not_picked":["Perfected Strike","Iron Wave"],"picked":"Twin Strike","floor":14},{"not_picked":["Bludgeon","Brutality"],"picked":"Reaper","floor":16},{"not_picked":["Cleave+1","Shrug It Off"],"picked":"Armaments+1","floor":18},{"not_picked":["Clash","Clothesline"],"picked":"Seeing Red","floor":19},{"not_picked":["Thunderclap+1","Hemokinesis+1"],"picked":"Twin Strike","floor":20},{"not_picked":["Cleave","Warcry+1"],"picked":"Shrug It Off+1","floor":24},{"not_picked":["Sever Soul","Dual Wield+1"],"picked":"Pommel Strike","floor":25},{"not_picked":["Uppercut","Perfected Strike"],"picked":"Burning Pact","floor":29}],"player_experience":34940,"relics_obtained":[{"floor":8,"key":"Whetstone"},{"floor":13,"key":"Red Skull"},{"floor":25,"key":"Bird Faced Urn"},{"floor":26,"key":"Bronze Scales"}],"event_choices":[{"cards_removed":["Bash"],"damage_healed":0,"gold_gain":0,"player_choice":"Card Removal","damage_taken":0,"max_hp_gain":0,"max_hp_loss":0,"event_name":"The Cleric","floor":3,"gold_loss":50},{"damage_healed":0,"gold_gain":0,"player_choice":"Box","damage_taken":0,"relics_obtained":["Self Forming Clay"],"max_hp_gain":0,"max_hp_loss":0,"event_name":"Big Fish","floor":5,"gold_loss":0,"cards_obtained":["Regret"]},{"damage_healed":0,"gold_gain":0,"player_choice":"Left Gold","damage_taken":0,"max_hp_gain":0,"max_hp_loss":0,"event_name":"World of Goop","floor":10,"gold_loss":44},{"damage_healed":0,"gold_gain":0,"cards_transformed":["Regret","Strike_R"],"player_choice":"Became Test Subject","damage_taken":0,"max_hp_gain":0,"max_hp_loss":0,"event_name":"Drug Dealer","floor":21,"gold_loss":0,"cards_obtained":["Injury","Burning Pact"]},{"damage_healed":0,"gold_gain":0,"player_choice":"Ignored","damage_taken":0,"max_hp_gain":0,"max_hp_loss":0,"event_name":"NoteForYourself","floor":22,"gold_loss":0},{"damage_healed":0,"gold_gain":0,"player_choice":"Ignored","damage_taken":0,"max_hp_gain":0,"max_hp_loss":0,"event_name":"Vampires","floor":28,"gold_loss":0},{"cards_removed":["Injury"],"damage_healed":0,"gold_gain":0,"player_choice":"Gave Gold","damage_taken":0,"max_hp_gain":0,"max_hp_loss":0,"event_name":"Beggar","floor":30,"gold_loss":75}],"is_beta":false,"boss_relics":[{"not_picked":["Fusion Hammer","Coffee Dripper"],"picked":"Runic Cube"}],"items_purged_floors":[31],"is_endless":false,"potions_floor_spawned":[1,7,8,13,16,18,19,24],"killed_by":"Collector","ascension_level":0}