{"gold_per_floor":[114,189,189,16,32,67,67,67,67,92,92,104,104,104,104,180,180,198,198,248,268,11,311,338,338,338,372,392,409,421,36,36,113,113,129,141,13,13,30,30,65,76,123,123,123,136,136,136],"floor_reached":48,"playtime":1943,"items_purged":["Regret","Strike_B"],"score":1137,"play_id":"18821c17-3fbe-4284-9df0-16970eeeffe7","local_time":"20190103015105","is_ascension_mode":true,"campfire_choices":[{"floor":8,"key":"DIG"},{"floor":11,"key":"DIG"},{"floor":13,"key":"DIG"},{"floor":15,"key":"DIG"},{"floor":23,"key":"DIG"},{"floor":25,"key":"DIG"},{"floor":32,"key":"DIG"},{"floor":40,"key":"DIG"},{"floor":47,"key":"DIG"}],"neow_cost":"NONE","seed_source_timestamp":24966099242037,"circlet_count":0,"master_deck":["AscendersBane","Strike_B","Defend_B","Defend_B","Defend_B+1","Defend_B","Zap","Dualcast","Cold Snap","Discovery+1","Chill+1","Chill","Consume","Streamline","Electrodynamics","Reinforced Body","Blizzard+1","Hello World","Stack","Stack","Turbo+1","Coolheaded+1","Hologram+1","Leap","Capacitor","Rebound","Buffer","Stack","Capacitor","Discovery+1","Recycle","Static Discharge+1","Conserve Battery"],"relics":["Cracked Core","NeowsBlessing","Cables","Shovel","Matryoshka","Lantern","War Paint","Meat on the Bone","Turnip","Mummified Hand","Snecko Eye","PreservedInsect","Old Coin","Smiling Mask","Mercury Hourglass","Vajra","Du-Vu Doll","Calipers","Bottled Tornado","Blood Vial","Lizard Tail","Happy Flower","Strawberry","Regal Pillow","Gremlin Horn"],"potions_floor_usage":[16,27,29],"damage_taken":[{"damage":0,"enemies":"2 Louse","floor":1,"turns":1},{"damage":0,"enemies":"Cultist","floor":5,"turns":1},{"damage":0,"enemies":"Lagavulin","floor":6,"turns":1},{"damage":21,"enemies":"3 Sentries","floor":10,"turns":15},{"damage":0,"enemies":"Jaw Worm","floor":12,"turns":3},{"damage":10,"enemies":"The Guardian","floor":16,"turns":6},{"damage":0,"enemies":"Spheric Guardian","floor":18,"turns":4},{"damage":7,"enemies":"Chosen","floor":21,"turns":4},{"damage":11,"enemies":"Gremlin Leader","floor":24,"turns":6},{"damage":44,"enemies":"Book of Stabbing","floor":27,"turns":4},{"damage":0,"enemies":"Centurion and Healer","floor":28,"turns":7},{"damage":0,"enemies":"Snake Plant","floor":29,"turns":5},{"damage":9,"enemies":"Snecko","floor":30,"turns":4},{"damage":7,"enemies":"Champ","floor":33,"turns":10},{"damage":1,"enemies":"3 Darklings","floor":35,"turns":6},{"damage":0,"enemies":"Orb Walker","floor":36,"turns":4},{"damage":24,"enemies":"Spire Growth","floor":39,"turns":7},{"damage":16,"enemies":"Nemesis","floor":41,"turns":6},{"damage":10,"enemies":"Sphere and 2 Shapes","floor":42,"turns":4},{"damage":45,"enemies":"Maw","floor":46,"turns":8},{"damage":55,"enemies":"3 Darklings","floor":48,"turns":2}],"seed_played":"8193779913441827150","potions_obtained":[{"floor":10,"key":"PowerPotion"},{"floor":12,"key":"EssenceOfSteel"},{"floor":16,"key":"Strength Potion"},{"floor":27,"key":"PowerPotion"},{"floor":33,"key":"Strength Potion"}],"is_trial":false,"path_per_floor":["M","?","?","$","M","E","?","R","T","E","R","M","R","?","R","B",null,"M","?","?","M","$","R","E","R","T","E","M","M","M","$","R","B",null,"M","M","$","?","M","R","E","M","T","?","?","M","R","M"],"character_chosen":"DEFECT","items_purchased":["Discovery","PreservedInsect","Hello World","Stack","Capacitor","Bottled Tornado","Rebound","Capacitor"],"campfire_rested":0,"item_purchase_floors":[4,22,22,22,31,31,31,37],"current_hp_per_floor":[64,53,53,53,53,53,53,53,53,32,32,44,44,44,44,46,65,65,65,65,58,58,58,47,47,47,15,27,39,42,42,42,37,63,64,66,66,66,44,44,49,41,41,41,41,51,51,0],"gold":136,"neow_bonus":"THREE_ENEMY_KILL","is_prod":false,"is_daily":false,"chose_seed":false,"campfire_upgraded":0,"win_rate":0,"timestamp":1546509065,"path_taken":["M","?","?","$","M","E","?","R","T","E","R","?","R","?","R","BOSS","M","?","?","M","$","R","E","R","T","E","M","M","M","?","R","BOSS","M","?","$","?","?","R","E","?","T","?","?","?","R","M"],"build_version":"2019-01-01v2","purchased_purges":2,"victory":false,"max_hp_per_floor":[71,71,71,71,71,71,71,71,71,71,71,71,71,71,71,71,71,71,71,71,71,71,71,71,71,71,71,71,71,71,71,71,71,71,71,71,71,71,71,71,78,78,78,78,78,78,78,78],"card_choices":[{"not_picked":["Beam Cell","Gash"],"picked":"Cold Snap","floor":1},{"not_picked":["Coolheaded","Ball Lightning"],"picked":"Chill","floor":5},{"not_picked":["Aggregate","Blizzard"],"picked":"Chill","floor":6},{"not_picked":["Melter","Sweeping Beam"],"picked":"Consume","floor":10},{"not_picked":["Barrage","Reinforced Body"],"picked":"Streamline","floor":12},{"not_picked":["Machine Learning","Biased Cognition"],"picked":"Electrodynamics","floor":16},{"not_picked":["Steam","Go for the Eyes"],"picked":"Reinforced Body","floor":18},{"not_picked":["Melter","Coolheaded"],"picked":"Blizzard+1","floor":21},{"not_picked":["Static Discharge","Leap"],"picked":"Stack","floor":24},{"not_picked":["Double Energy+1","Loop"],"picked":"Turbo+1","floor":27},{"not_picked":["Leap+1","Go for the Eyes"],"picked":"Coolheaded+1","floor":28},{"not_picked":["Reboot","Conserve Battery+1"],"picked":"Hologram+1","floor":29},{"not_picked":["Steam","Streamline"],"picked":"Leap","floor":30},{"not_picked":["Hyperbeam","Rainbow"],"picked":"Buffer","floor":33},{"not_picked":["Ball Lightning+1","Steam"],"picked":"Stack","floor":35},{"not_picked":["Rip and Tear","Redo"],"picked":"Recycle","floor":39},{"not_picked":["Fission","Hello World"],"picked":"Static Discharge+1","floor":41},{"not_picked":["Cold Snap","Scrape+1"],"picked":"Conserve Battery","floor":46}],"player_experience":1018652,"relics_obtained":[{"floor":6,"key":"Shovel"},{"floor":8,"key":"Matryoshka"},{"floor":9,"key":"Lantern"},{"floor":10,"key":"War Paint"},{"floor":11,"key":"Meat on the Bone"},{"floor":13,"key":"Turnip"},{"floor":15,"key":"Mummified Hand"},{"floor":23,"key":"Old Coin"},{"floor":24,"key":"Smiling Mask"},{"floor":25,"key":"Mercury Hourglass"},{"floor":26,"key":"Vajra"},{"floor":26,"key":"Du-Vu Doll"},{"floor":27,"key":"Calipers"},{"floor":32,"key":"Blood Vial"},{"floor":40,"key":"Happy Flower"},{"floor":41,"key":"Strawberry"},{"floor":43,"key":"Regal Pillow"},{"floor":47,"key":"Gremlin Horn"}],"event_choices":[{"damage_healed":0,"gold_gain":75,"player_choice":"Gather Gold","damage_taken":11,"max_hp_gain":0,"max_hp_loss":0,"event_name":"World of Goop","floor":2,"gold_loss":0},{"damage_healed":0,"gold_gain":0,"player_choice":"Box","damage_taken":0,"relics_obtained":["Cables"],"max_hp_gain":0,"max_hp_loss":0,"event_name":"Big Fish","floor":3,"gold_loss":0,"cards_obtained":["Regret"]},{"cards_removed":["Strike_B"],"damage_healed":0,"gold_gain":0,"player_choice":"Offered Basic","damage_taken":0,"max_hp_gain":0,"max_hp_loss":0,"event_name":"Bonfire Elementals","floor":7,"gold_loss":0},{"damage_healed":0,"gold_gain":0,"player_choice":"Grow","damage_taken":0,"max_hp_gain":0,"max_hp_loss":0,"event_name":"Living Wall","floor":14,"gold_loss":0,"cards_upgraded":["Discovery"]},{"damage_healed":0,"gold_gain":0,"player_choice":"Ignored","damage_taken":0,"max_hp_gain":0,"max_hp_loss":0,"event_name":"Beggar","floor":19,"gold_loss":0},{"damage_healed":0,"gold_gain":50,"player_choice":"Stole From Cult","damage_taken":0,"max_hp_gain":0,"max_hp_loss":0,"event_name":"Nest","floor":20,"gold_loss":0},{"damage_healed":0,"gold_gain":0,"player_choice":"Copied","damage_taken":0,"max_hp_gain":0,"max_hp_loss":0,"event_name":"Duplicator","floor":38,"gold_loss":0,"cards_obtained":["Discovery"]},{"damage_healed":0,"gold_gain":0,"player_choice":"Memory 1","damage_taken":0,"max_hp_gain":0,"max_hp_loss":0,"event_name":"SensoryStone","floor":44,"gold_loss":0},{"cards_removed":["Strike_B"],"damage_healed":0,"gold_gain":0,"player_choice":"Purged","damage_taken":0,"max_hp_gain":0,"max_hp_loss":0,"event_name":"Purifier","floor":45,"gold_loss":0}],"is_beta":true,"boss_relics":[{"not_picked":["FrozenCore","Calling Bell"],"picked":"Snecko Eye"},{"not_picked":["Philosopher\u0027s Stone","Runic Pyramid"],"picked":"Lizard Tail"}],"items_purged_floors":[4,37],"is_endless":false,"potions_floor_spawned":[10,12,16,18,27,33,35,41],"killed_by":"3 Darklings","ascension_level":20}