{"gold_per_floor":[112,125,145,164,175,175,190,225,297,297,25,57,70,70,70,148,148,166,177,177,177],"floor_reached":21,"playtime":1287,"items_purged":["Dualcast"],"score":357,"play_id":"34caf420-c5c6-4a44-b8ba-4533d127eb34","local_time":"20190826230527","is_ascension_mode":true,"campfire_choices":[{"floor":6,"key":"REST"},{"data":"Ball Lightning","floor":10,"key":"SMITH"},{"floor":15,"key":"REST"}],"neow_cost":"NONE","seed_source_timestamp":218802041222856,"circlet_count":0,"master_deck":["AscendersBane","Strike_B","Strike_B","Strike_B","Strike_B","Defend_B","Defend_B","Defend_B","Defend_B","Zap+1","Rip and Tear","White Noise","Cold Snap","Doom and Gloom","Ball Lightning+1","Coolheaded","Loop","Fission","Force Field+1","Coolheaded"],"relics":["Cracked Core","Singing Bowl","Gremlin Horn","Membership Card","Ancient Tea Set","Nuclear Battery"],"potions_floor_usage":[8,8,12,16],"damage_taken":[{"damage":1,"enemies":"Cultist","floor":1,"turns":3},{"damage":7,"enemies":"Jaw Worm","floor":2,"turns":2},{"damage":15,"enemies":"Small Slimes","floor":3,"turns":3},{"damage":6,"enemies":"3 Louse","floor":4,"turns":3},{"damage":17,"enemies":"Exordium Wildlife","floor":5,"turns":3},{"damage":0,"enemies":"2 Fungi Beasts","floor":7,"turns":2},{"damage":1,"enemies":"Gremlin Nob","floor":8,"turns":3},{"damage":25,"enemies":"3 Sentries","floor":12,"turns":4},{"damage":13,"enemies":"Gremlin Gang","floor":13,"turns":2},{"damage":19,"enemies":"The Guardian","floor":16,"turns":9},{"damage":23,"enemies":"2 Thieves","floor":18,"turns":3},{"damage":26,"enemies":"Spheric Guardian","floor":19,"turns":4},{"damage":18,"enemies":"Snake Plant","floor":21,"turns":3}],"seed_played":"957330817526687293","potions_obtained":[{"floor":1,"key":"SkillPotion"},{"floor":5,"key":"GamblersBrew"},{"floor":8,"key":"Regen Potion"},{"floor":12,"key":"Ancient Potion"},{"floor":13,"key":"Regen Potion"}],"is_trial":false,"path_per_floor":["M","M","M","M","M","R","M","E","T","R","$","E","M","?","R","B",null,"M","M","?","M"],"character_chosen":"DEFECT","items_purchased":["Membership Card","Loop"],"campfire_rested":2,"item_purchase_floors":[11,11],"current_hp_per_floor":[63,56,41,35,18,39,39,38,38,38,38,27,16,16,38,34,65,42,16,16,0],"gold":177,"neow_bonus":"UPGRADE_CARD","is_prod":false,"is_daily":false,"chose_seed":false,"campfire_upgraded":1,"win_rate":0,"timestamp":1566885927,"path_taken":["M","M","?","M","M","R","M","E","T","R","$","E","M","?","R","BOSS","M","M","?","M"],"build_version":"2019-07-17","purchased_purges":1,"victory":false,"max_hp_per_floor":[71,71,71,71,71,71,71,71,71,71,71,73,75,75,75,75,75,75,75,75,75],"card_choices":[{"not_picked":["Conserve Battery","Gash"],"picked":"Rip and Tear","floor":1},{"not_picked":["Aggregate","Chill"],"picked":"White Noise","floor":2},{"not_picked":["Beam Cell","Conserve Battery"],"picked":"Cold Snap","floor":3},{"not_picked":["Sweeping Beam","Hologram"],"picked":"Doom and Gloom","floor":4},{"not_picked":["BootSequence","Compile Driver"],"picked":"Ball Lightning","floor":5},{"not_picked":["Streamline","Hello World","Rebound"],"picked":"SKIP","floor":7},{"not_picked":["Force Field","Double Energy"],"picked":"Coolheaded","floor":8},{"not_picked":["Amplify","Tempest","Hologram"],"picked":"Singing Bowl","floor":12},{"not_picked":["Gash","Compile Driver","Coolheaded"],"picked":"Singing Bowl","floor":13},{"not_picked":["Meteor Strike","Machine Learning"],"picked":"Fission","floor":16},{"not_picked":["Steam","Sweeping Beam"],"picked":"Force Field+1","floor":18},{"not_picked":["Ball Lightning","Leap"],"picked":"Coolheaded","floor":19}],"player_experience":730794,"relics_obtained":[{"floor":8,"key":"Singing Bowl"},{"floor":9,"key":"Gremlin Horn"},{"floor":12,"key":"Ancient Tea Set"}],"event_choices":[{"damage_healed":0,"gold_gain":0,"player_choice":"Fled","damage_taken":0,"max_hp_gain":0,"max_hp_loss":0,"event_name":"Scrap Ooze","floor":14,"gold_loss":0},{"damage_healed":0,"gold_gain":0,"player_choice":"Ignored","damage_taken":0,"max_hp_gain":0,"max_hp_loss":0,"event_name":"N\u0027loth","floor":20,"gold_loss":0}],"is_beta":false,"boss_relics":[{"not_picked":["Coffee Dripper","Sozu"],"picked":"Nuclear Battery"}],"items_purged_floors":[11],"is_endless":false,"potions_floor_spawned":[1,5,8,12,13],"killed_by":"Snake Plant","ascension_level":17}