{"gold_per_floor":[114,114,128,52,64,64,139,139,220,220,238,250,260,273,273,273],"floor_reached":16,"playtime":246,"items_purged":[],"score":165,"play_id":"cba1d89b-de0f-4fd1-aedb-e3d484d83615","local_time":"20180712110315","is_ascension_mode":true,"campfire_choices":[{"data":"Fiend Fire","floor":6,"key":"SMITH"},{"data":"True Grit","floor":8,"key":"SMITH"},{"data":"Corruption","floor":10,"key":"SMITH"},{"floor":15,"key":"REST"}],"neow_cost":"CURSE","seed_source_timestamp":228097716142721,"circlet_count":0,"master_deck":["Strike_R","Strike_R+1","Strike_R","Strike_R+1","Strike_R","Defend_R","Defend_R","Defend_R","Defend_R","Bash","AscendersBane","Clumsy","Fiend Fire+1","True Grit+1","Corruption+1","Shrug It Off","Metallicize","Body Slam"],"relics":["Burning Blood","Letter Opener"],"potions_floor_usage":[],"damage_taken":[{"damage":3,"enemies":"Small Slimes","floor":1,"turns":4},{"damage":7,"enemies":"Jaw Worm","floor":3,"turns":3},{"damage":1,"enemies":"2 Louse","floor":5,"turns":3},{"damage":10,"enemies":"Red Slaver","floor":11,"turns":4},{"damage":1,"enemies":"Looter","floor":12,"turns":3},{"damage":0,"enemies":"2 Fungi Beasts","floor":13,"turns":4},{"damage":5,"enemies":"Blue Slaver","floor":14,"turns":3},{"damage":0,"enemies":"The Guardian","floor":16,"turns":1}],"seed_played":"-4269331420207940861","potions_obtained":[{"floor":1,"key":"Poison Potion"},{"floor":11,"key":"Strength Potion"}],"is_trial":false,"path_per_floor":["M","?","M","$","M","R","?","R","T","R","M","M","M","M","R"],"character_chosen":"IRONCLAD","items_purchased":["Corruption"],"campfire_rested":1,"item_purchase_floors":[4],"current_hp_per_floor":[71,48,47,47,52,52,41,41,41,41,37,42,48,49,71,71],"gold":273,"neow_bonus":"THREE_RARE_CARDS","is_prod":false,"is_daily":false,"chose_seed":false,"campfire_upgraded":3,"win_rate":0,"timestamp":1531418595,"path_taken":["M","?","?","$","M","R","?","R","T","R","M","M","M","M","R","BOSS"],"build_version":"2018-07-11","purchased_purges":0,"victory":false,"max_hp_per_floor":[75,75,75,75,75,75,75,75,75,75,75,75,75,75,75,75],"card_choices":[{"not_picked":["Reaper","Juggernaut"],"picked":"Fiend Fire","floor":0},{"not_picked":["Shrug It Off","Clash"],"picked":"True Grit","floor":1},{"not_picked":["Heavy Blade","Sword Boomerang"],"picked":"Shrug It Off","floor":5},{"not_picked":["Fire Breathing","Wild Strike"],"picked":"Metallicize","floor":11},{"not_picked":["Iron Wave","Carnage"],"picked":"Body Slam","floor":12}],"player_experience":607024,"relics_obtained":[{"floor":9,"key":"Letter Opener"}],"event_choices":[{"event_name":"Shining Light","player_choice":"Entered Light","floor":2,"damage_taken":0},{"event_name":"World of Goop","player_choice":"Gather Gold","floor":7,"damage_taken":0}],"boss_relics":[],"items_purged_floors":[],"is_endless":false,"potions_floor_spawned":[1,11],"killed_by":"The Guardian","ascension_level":15}