{"gold_per_floor":[118,118,118,137,48,48,80,80,80,105,122,122,179,209,209,209],"floor_reached":16,"playtime":399,"items_purged":[],"score":332,"play_id":"cfcffc7f-efec-4833-ba52-3c54c5e40e08","local_time":"20190228172254","is_ascension_mode":true,"campfire_choices":[{"data":"Zap","floor":6.0,"key":"SMITH"},{"data":"Beam Cell","floor":8.0,"key":"SMITH"},{"data":"Darkness","floor":15,"key":"SMITH"}],"neow_cost":"NONE","seed_source_timestamp":636223470083,"circlet_count":0,"master_deck":["AscendersBane","Strike_B","Strike_B","Strike_B","Strike_B","Defend_B","Defend_B","Defend_B","Zap+1","Dualcast","Leap","Hologram","Beam Cell+1","Darkness+1","Capacitor","Auto Shields","Cold Snap"],"special_seed":0,"relics":["Cracked Core","NeowsBlessing","Gambling Chip","Mummified Hand","Singing Bowl","Darkstone Periapt","Mango","Potion Belt","Lantern"],"potions_floor_usage":[14],"damage_taken":[{"damage":0.0,"enemies":"Cultist","floor":1.0,"turns":1.0},{"damage":0.0,"enemies":"2 Louse","floor":4.0,"turns":1.0},{"damage":0.0,"enemies":"Lagavulin","floor":7.0,"turns":1.0},{"damage":43.0,"enemies":"3 Sentries","floor":10.0,"turns":11.0},{"damage":0.0,"enemies":"Jaw Worm","floor":11.0,"turns":4.0},{"damage":2.0,"enemies":"Gremlin Nob","floor":13.0,"turns":3.0},{"damage":0,"enemies":"Gremlin Nob","floor":14,"turns":3},{"damage":58,"enemies":"Hexaghost","floor":16,"turns":9}],"seed_played":"-691954841004577233","potions_obtained":[{"floor":10.0,"key":"Explosive Potion"},{"floor":13.0,"key":"Energy Potion"},{"floor":14,"key":"Ancient Potion"}],"is_trial":false,"path_per_floor":["M","T","?","M","?","R","E","R","T","E","M","?","?","E","R","B"],"character_chosen":"DEFECT","items_purchased":[],"campfire_rested":0,"item_purchase_floors":[],"current_hp_per_floor":[64,64,57,57,57,57,57,57,57,28,28,56,54,54,54,0],"gold":209,"neow_bonus":"THREE_ENEMY_KILL","is_prod":false,"is_daily":false,"chose_seed":false,"campfire_upgraded":3,"win_rate":0,"timestamp":1551403374,"path_taken":["M","?","?","M","?","R","E","R","T","E","?","?","?","E","R","BOSS"],"build_version":"2019-02-06","purchased_purges":0,"victory":false,"max_hp_per_floor":[71,71,71,71,71,71,71,71,71,85,85,85,85,85,85,85],"card_choices":[{"not_picked":["Redo","Lockon"],"picked":"Leap","floor":1.0},{"not_picked":["Reinforced Body","Gash"],"picked":"Hologram","floor":4.0},{"not_picked":["Storm","Steam"],"picked":"Beam Cell","floor":7.0},{"not_picked":["Buffer","Melter"],"picked":"Darkness","floor":10.0},{"not_picked":["Stack","Double Energy"],"picked":"Capacitor","floor":11.0},{"not_picked":["Go for the Eyes","Recycle"],"picked":"Auto Shields","floor":13.0},{"not_picked":["Leap","Blizzard"],"picked":"Cold Snap","floor":14}],"player_experience":1227492,"relics_obtained":[{"floor":2.0,"key":"Gambling Chip"},{"floor":7.0,"key":"Singing Bowl"},{"floor":9.0,"key":"Darkstone Periapt"},{"floor":10.0,"key":"Mango"},{"floor":13.0,"key":"Potion Belt"},{"floor":14,"key":"Lantern"}],"event_choices":[{"cards_removed":["Defend_B"],"damage_healed":0.0,"max_hp_gain":0.0,"max_hp_loss":0.0,"gold_gain":0.0,"event_name":"Golden Wing","player_choice":"Card Removal","floor":3.0,"gold_loss":0.0,"damage_taken":7.0},{"damage_healed":0.0,"max_hp_gain":0.0,"max_hp_loss":0.0,"gold_gain":0.0,"event_name":"WeMeetAgain","player_choice":"Paid Gold","floor":5.0,"gold_loss":89.0,"damage_taken":0.0,"relics_obtained":["Mummified Hand"]},{"damage_healed":28.0,"max_hp_gain":0.0,"max_hp_loss":0.0,"gold_gain":0.0,"event_name":"Big Fish","player_choice":"Banana","floor":12.0,"gold_loss":0.0,"damage_taken":0.0},{"damage_healed":0.0,"max_hp_gain":0.0,"max_hp_loss":0.0,"gold_gain":0.0,"event_name":"Dead Adventurer","player_choice":"Searched \u00272\u0027 times","floor":13.0,"gold_loss":0.0,"damage_taken":0.0}],"is_beta":true,"boss_relics":[],"items_purged_floors":[],"is_endless":false,"potions_floor_spawned":[10,13,14],"killed_by":"Hexaghost","ascension_level":20}