{"gold_per_floor":[109,34,54,54,54,88,150,150,150,182,198,225,125,144,144,144],"floor_reached":16,"playtime":470,"items_purged":["Strike_R","Strike_R"],"score":113,"play_id":"7beba13c-101e-4744-9d5a-086188819a2c","local_time":"20190224125144","is_ascension_mode":true,"campfire_choices":[{"floor":8,"key":"REST"},{"floor":15,"key":"REST"}],"neow_cost":"NONE","seed_source_timestamp":3105274158134,"circlet_count":0,"master_deck":["Strike_R","Strike_R","Defend_R","Defend_R","Defend_R","Defend_R","Bash","Battle Trance","Shrug It Off","Armaments","True Grit"],"special_seed":0,"relics":["Fusion Hammer","Bird Faced Urn","WingedGreaves","Du-Vu Doll","Red Skull","Orichalcum"],"potions_floor_usage":[16],"damage_taken":[{"damage":0.0,"enemies":"Small Slimes","floor":1.0,"turns":3.0},{"damage":0.0,"enemies":"2 Louse","floor":3.0,"turns":3.0},{"damage":22,"enemies":"Gremlin Nob","floor":6,"turns":4},{"damage":32,"enemies":"Gremlin Nob","floor":7,"turns":4},{"damage":18,"enemies":"Lagavulin","floor":10,"turns":6},{"damage":1,"enemies":"Jaw Worm","floor":11,"turns":2},{"damage":0,"enemies":"Blue Slaver","floor":14,"turns":3},{"damage":59,"enemies":"Hexaghost","floor":16,"turns":19}],"seed_played":"-3376000410212811546","potions_obtained":[{"floor":10,"key":"SmokeBomb"},{"floor":11,"key":"SkillPotion"}],"is_trial":false,"path_per_floor":["M","$","M","?","?","E","?","R","T","E","M","T","$","M","R","B"],"character_chosen":"IRONCLAD","items_purchased":[],"campfire_rested":2,"item_purchase_floors":[],"current_hp_per_floor":[80,80,80,85,78,56,24,49,49,31,30,30,30,30,55,0],"gold":144,"neow_bonus":"BOSS_RELIC","is_prod":false,"is_daily":false,"chose_seed":false,"campfire_upgraded":0,"win_rate":0,"timestamp":1551041504,"path_taken":["M","$","M","?","?","E","?","R","T","E","?","?","$","M","R","BOSS"],"build_version":"2019-02-06","purchased_purges":2,"victory":false,"max_hp_per_floor":[80,80,80,85,85,85,85,85,85,85,85,85,85,85,85,85],"card_choices":[{"not_picked":["Carnage","Warcry"],"picked":"Battle Trance","floor":3.0},{"not_picked":["True Grit","Sword Boomerang"],"picked":"Shrug It Off","floor":7},{"not_picked":["Uppercut","Bludgeon"],"picked":"Armaments","floor":10},{"not_picked":["Searing Blow","Thunderclap"],"picked":"True Grit","floor":14}],"player_experience":1219993,"relics_obtained":[{"floor":6,"key":"Bird Faced Urn"},{"floor":9,"key":"Du-Vu Doll"},{"floor":10,"key":"Red Skull"},{"floor":12,"key":"Orichalcum"}],"event_choices":[{"damage_healed":0.0,"max_hp_gain":5.0,"max_hp_loss":0.0,"gold_gain":0.0,"event_name":"Big Fish","player_choice":"Donut","floor":4.0,"gold_loss":0.0,"damage_taken":0.0},{"cards_removed":["Strike_R"],"damage_healed":0.0,"max_hp_gain":0.0,"max_hp_loss":0.0,"gold_gain":0.0,"event_name":"Golden Wing","player_choice":"Card Removal","floor":5.0,"gold_loss":0.0,"damage_taken":7.0},{"damage_healed":0,"gold_gain":0,"player_choice":"Searched \u00272\u0027 times","damage_taken":0,"relics_obtained":["WingedGreaves"],"max_hp_gain":0,"max_hp_loss":0,"event_name":"Dead Adventurer","floor":7,"gold_loss":0}],"is_beta":true,"boss_relics":[],"items_purged_floors":[2,13],"is_endless":false,"potions_floor_spawned":[10,11],"killed_by":"Hexaghost","ascension_level":1}