{"path_per_floor":["M","$","M","?","?","R","M","R","T","R","M","M","R","M","R","B",null,"M","M","?","M","?","R"],"character_chosen":"THE_SILENT","items_purchased":["Deflect"],"gold_per_floor":[110,9,27,27,27,27,51,51,76,76,91,110,110,134,134,255,255,273,298,298,311,311,311],"floor_reached":24,"campfire_rested":2,"playtime":3689,"current_hp_per_floor":[70,70,70,53,53,53,53,53,53,53,52,48,48,48,69,38,70,50,50,50,30,30,51],"items_purged":["Defend_G"],"gold":311,"score":197,"play_id":"c6d84c16-13c8-464d-af67-a2d05e209592","is_prod":false,"is_daily":false,"is_ascension_mode":true,"campfire_upgraded":4,"path_taken":["M","$","M","?","?","R","?","R","T","R","M","M","R","M","R","BOSS","M","M","?","?","?","R","E"],"build_version":"2018-02-22-PROD2","purchased_purges":1,"victory":false,"master_deck":["Defend_G","Defend_G","Defend_G","Defend_G","Strike_G","Strike_G","Strike_G","Survivor+1","Neutralize+1","Deflect+1","Flying Knee+1","Acrobatics+1","Burst","Flying Knee","Acrobatics","Backflip+1"],"max_hp_per_floor":[70,70,70,70,70,70,70,70,70,70,70,70,70,70,70,70,70,70,70,70,70,70,70],"relics":["Ring of the Snake","Golden Idol","Oddly Smooth Stone","White Beast Statue"],"card_choices":[{"not_picked":["PiercingWail","Accuracy"],"picked":"Flying Knee"},{"not_picked":["Cloak And Dagger","Skewer"],"picked":"Acrobatics"},{"not_picked":["Wraith Form","Unload"],"picked":"Burst"},{"not_picked":["Dagger Throw","Bane"],"picked":"Flying Knee"},{"not_picked":["Backstab","Bane"],"picked":"Acrobatics"},{"not_picked":["PiercingWail","All Out Attack"],"picked":"Backflip"}],"player_experience":112965,"potions_floor_usage":[11,19,21,21,21,24],"damage_taken":[{"damage":0,"enemies":"Jaw Worm","floor":1,"turns":6},{"damage":0,"enemies":"Small Slimes","floor":3,"turns":5},{"damage":0,"enemies":"2 Louse","floor":7,"turns":3},{"damage":1,"enemies":"Lots of Slimes","floor":11,"turns":5},{"damage":4,"enemies":"Large Slime","floor":12,"turns":8},{"damage":0,"enemies":"Looter","floor":14,"turns":4},{"damage":31,"enemies":"The Guardian","floor":16,"turns":22},{"damage":20,"enemies":"Spheric Guardian","floor":18,"turns":12},{"damage":0,"enemies":"3 Byrds","floor":19,"turns":6},{"damage":20,"enemies":"Snake Plant","floor":21,"turns":9},{"damage":69,"enemies":"Gremlin Leader","floor":24,"turns":13}],"event_choices":[{"event_name":"Golden Idol","player_choice":"Take Damage","floor":4,"damage_taken":0},{"event_name":"Upgrade Shrine","player_choice":"Upgraded","floor":5,"damage_taken":0},{"event_name":"Drug Dealer","player_choice":"Ignored","floor":20,"damage_taken":0},{"event_name":"Bonfire Elementals","player_choice":"BASIC","floor":22,"damage_taken":0}],"boss_relics":[{"not_picked":["Velvet Choker","Runic Pyramid"],"picked":"White Beast Statue"}],"potions_floor_spawned":[3,7,11,18,19,21],"seed_played":"-5741282065199002245","killed_by":"Gremlin Leader","ascension_level":1,"is_trial":false}