{"gold_per_floor":[111,36,54,54,71,71,96,171,197,253,253,2,2,16,16,88,88,106,2,22,10,10,10,23,54,109,109,143,155,187,225,237,325,337,359,371,483,511,200,200,229,179,231,266,286,319,319,333,333,333,333,333,333,108,138,138],"floor_reached":57,"playtime":3555,"items_purged":[],"score":3038,"play_id":"b3700e26-44b9-43f5-9dc1-2f8bbf03be56","local_time":"20190125002116","is_ascension_mode":true,"campfire_choices":[{"data":"Rainbow","floor":6.0,"key":"SMITH"},{"data":"Hologram","floor":11.0,"key":"SMITH"},{"data":"Beam Cell","floor":13.0,"key":"SMITH"},{"data":"Zap","floor":15.0,"key":"SMITH"},{"data":"Defragment","floor":23.0,"key":"SMITH"},{"data":"Hologram","floor":27.0,"key":"SMITH"},{"data":"Fission","floor":32.0,"key":"SMITH"},{"data":"Fission","floor":40.0,"key":"SMITH"},{"floor":49,"key":"RECALL"},{"data":"Rainbow","floor":53,"key":"SMITH"}],"neow_cost":"NONE","seed_source_timestamp":0,"circlet_count":0,"master_deck":["AscendersBane","Zap+1","Dualcast","Chill+1","Seek","Rainbow+1","Meteor Strike","Compile Driver","Self Repair+1","Echo Form","Cold Snap","FTL","White Noise","Hologram+1","Beam Cell+1","Steam","Rainbow+1","Defragment+1","Apotheosis","Force Field","Hologram+1","BootSequence","Fission+1","Sunder+1","All For One","Enlightenment","Defragment+1","Rainbow+1","Fission+1","Meteor Strike","Conserve Battery","Skim"],"special_seed":0,"relics":["Pandora\u0027s Box","Strawberry","Smiling Mask","Tiny Chest","Membership Card","Snecko Eye","Potion Belt","Pen Nib","MawBank","Centennial Puzzle","Runic Dome","Mango","Calipers","Happy Flower","Bottled Tornado","Ornamental Fan","Unceasing Top","Bag of Preparation"],"potions_floor_usage":[56,56,56,56],"damage_taken":[{"damage":1.0,"enemies":"2 Louse","floor":1.0,"turns":2.0},{"damage":0.0,"enemies":"Small Slimes","floor":3.0,"turns":2.0},{"damage":0.0,"enemies":"Cultist","floor":5.0,"turns":3.0},{"damage":1.0,"enemies":"Lagavulin","floor":7.0,"turns":5.0},{"damage":5.0,"enemies":"Large Slime","floor":14.0,"turns":4.0},{"damage":25.0,"enemies":"Hexaghost","floor":16.0,"turns":8.0},{"damage":12.0,"enemies":"2 Thieves","floor":18.0,"turns":3.0},{"damage":0.0,"enemies":"3 Byrds","floor":20.0,"turns":3.0},{"damage":20.0,"enemies":"Cultist and Chosen","floor":24.0,"turns":5.0},{"damage":0.0,"enemies":"Slavers","floor":25.0,"turns":4.0},{"damage":0.0,"enemies":"Book of Stabbing","floor":28.0,"turns":3.0},{"damage":0.0,"enemies":"3 Cultists","floor":30.0,"turns":3.0},{"damage":0.0,"enemies":"Gremlin Leader","floor":31.0,"turns":4.0},{"damage":11.0,"enemies":"Automaton","floor":33.0,"turns":5.0},{"damage":0.0,"enemies":"Orb Walker","floor":35.0,"turns":2.0},{"damage":0.0,"enemies":"Mind Bloom Boss Battle","floor":37.0,"turns":3.0},{"damage":8.0,"enemies":"3 Darklings","floor":38.0,"turns":3.0},{"damage":52.0,"enemies":"Nemesis","floor":41.0,"turns":6.0},{"damage":17.0,"enemies":"Reptomancer","floor":44.0,"turns":3.0},{"damage":0.0,"enemies":"Transient","floor":45.0,"turns":6.0},{"damage":6,"enemies":"Nemesis","floor":46,"turns":7},{"damage":10,"enemies":"Writhing Mass","floor":48,"turns":4},{"damage":18,"enemies":"Awakened One","floor":50,"turns":4},{"damage":0,"enemies":"Donu and Deca","floor":51,"turns":5},{"damage":11,"enemies":"Shield and Spear","floor":55,"turns":3},{"damage":69,"enemies":"The Heart","floor":56,"turns":7}],"seed_played":"-7181586169494788769","potions_obtained":[{"floor":7.0,"key":"PowerPotion"},{"floor":14.0,"key":"Fire Potion"},{"floor":16.0,"key":"FearPotion"},{"floor":25.0,"key":"SkillPotion"},{"floor":30.0,"key":"Regen Potion"},{"floor":38.0,"key":"Poison Potion"},{"floor":41.0,"key":"LiquidBronze"},{"floor":44.0,"key":"Ancient Potion"},{"floor":48,"key":"SteroidPotion"}],"is_trial":false,"path_per_floor":["?","?","?","T","$","M","?","?","?","?","?","M","E","?","M","R","B","B",null,"R","$","E","B",null],"character_chosen":"DEFECT","items_purchased":["Membership Card","Beam Cell","Apotheosis","Hologram","Calipers","Rainbow","Fission","Unceasing Top","FocusPotion","Conserve Battery"],"campfire_rested":0,"item_purchase_floors":[12,12,19,21,39,39,39,54,54,54],"current_hp_per_floor":[63,63,63,42,52,52,78,67,67,67,67,67,67,72,72,57,73,71,71,78,78,78,78,78,78,78,78,78,78,78,78,78,77,78,78,68,92,92,92,92,60,60,60,53,63,77,77,87,87,79,87,87,87,87,86,41],"gold":138,"neow_bonus":"BOSS_RELIC","is_prod":false,"is_daily":false,"chose_seed":false,"campfire_upgraded":9,"win_rate":0,"timestamp":1548404476,"path_taken":["M","?","M","?","M","R","E","?","T","?","R","?","R","?","R","BOSS","M","$","M","$","?","R","M","E","T","R","E","?","M","E","R","BOSS","M","?","?","M","$","R","E","?","T","E","?","E","?","M","R","BOSS","BOSS","R","$","E","BOSS"],"build_version":"2019-01-23","purchased_purges":0,"victory":true,"max_hp_per_floor":[71,71,71,71,71,71,78,78,78,78,78,78,78,78,78,78,78,78,78,78,78,78,78,78,78,78,78,78,78,78,78,78,78,78,78,78,92,92,92,92,92,92,92,92,92,92,87,87,87,87,87,87,87,87,87,87],"card_choices":[{"not_picked":["Ball Lightning","Sweeping Beam"],"picked":"Cold Snap","floor":1.0},{"not_picked":["Sweeping Beam","Skim"],"picked":"FTL","floor":3.0},{"not_picked":["Reprogram","Go for the Eyes"],"picked":"White Noise","floor":5.0},{"not_picked":["Redo","Amplify"],"picked":"Hologram","floor":7.0},{"not_picked":["Compile Driver","Static Discharge"],"picked":"Steam","floor":14.0},{"not_picked":["Seek","Creative AI"],"picked":"Rainbow","floor":16.0},{"not_picked":["FTL+1","Tempest"],"picked":"Defragment","floor":18.0},{"not_picked":["Beam Cell","Chaos"],"picked":"Force Field","floor":20.0},{"not_picked":["Compile Driver","Turbo"],"picked":"BootSequence","floor":25.0},{"not_picked":["Go for the Eyes","Sweeping Beam"],"picked":"Fission","floor":28.0},{"not_picked":["Conserve Battery","Rip and Tear"],"picked":"Sunder+1","floor":31.0},{"not_picked":["Machine Learning","Amplify"],"picked":"All For One","floor":33.0},{"not_picked":["Discovery","Madness"],"picked":"Enlightenment","floor":36.0},{"not_picked":["Turbo","Scrape"],"picked":"Defragment+1","floor":38.0},{"not_picked":["Double Energy","Stack","White Noise"],"picked":"SKIP","floor":44.0},{"not_picked":["Turbo","Rebound","Ball Lightning"],"picked":"SKIP","floor":45},{"not_picked":["Turbo","Rebound","Ball Lightning"],"picked":"SKIP","floor":45},{"not_picked":["Chill+1","Darkness"],"picked":"Meteor Strike","floor":48},{"not_picked":["Leap","Undo"],"picked":"Skim","floor":55}],"player_experience":1045963,"relics_obtained":[{"floor":7.0,"key":"Strawberry"},{"floor":9.0,"key":"Smiling Mask"},{"floor":10.0,"key":"Tiny Chest"},{"floor":25.0,"key":"Potion Belt"},{"floor":26.0,"key":"Pen Nib"},{"floor":28.0,"key":"MawBank"},{"floor":31.0,"key":"Centennial Puzzle"},{"floor":37.0,"key":"Mango"},{"floor":41.0,"key":"Happy Flower"},{"floor":44.0,"key":"Bottled Tornado"},{"floor":46,"key":"Ornamental Fan"},{"floor":55,"key":"Bag of Preparation"}],"event_choices":[{"cards_removed":["Scrape"],"damage_healed":0.0,"max_hp_gain":0.0,"max_hp_loss":0.0,"gold_gain":0.0,"event_name":"The Cleric","player_choice":"Card Removal","floor":2.0,"gold_loss":75.0,"damage_taken":0.0},{"damage_healed":0.0,"max_hp_gain":0.0,"max_hp_loss":0.0,"gold_gain":0.0,"event_name":"Shining Light","player_choice":"Entered Light","floor":4.0,"gold_loss":0.0,"damage_taken":21.0,"cards_upgraded":["Chill","Self Repair"]},{"damage_healed":0.0,"max_hp_gain":0.0,"max_hp_loss":0.0,"gold_gain":75.0,"event_name":"World of Goop","player_choice":"Gather Gold","floor":8.0,"gold_loss":0.0,"damage_taken":11.0},{"damage_healed":0.0,"max_hp_gain":0.0,"max_hp_loss":0.0,"gold_gain":0.0,"event_name":"Beggar","player_choice":"Ignored","floor":22.0,"gold_loss":0.0,"damage_taken":0.0},{"damage_healed":0.0,"max_hp_gain":0.0,"max_hp_loss":0.0,"gold_gain":0.0,"event_name":"The Mausoleum","player_choice":"Ignored","floor":29.0,"gold_loss":0.0,"damage_taken":0.0},{"damage_healed":0.0,"max_hp_gain":0.0,"max_hp_loss":0.0,"gold_gain":0.0,"event_name":"SensoryStone","player_choice":"Memory 3","floor":36.0,"gold_loss":0.0,"damage_taken":10.0},{"damage_healed":0.0,"max_hp_gain":0.0,"max_hp_loss":0.0,"gold_gain":0.0,"event_name":"MindBloom","player_choice":"Fight","floor":37.0,"gold_loss":0.0,"damage_taken":0.0},{"damage_healed":0.0,"max_hp_gain":0.0,"max_hp_loss":0.0,"gold_gain":0.0,"event_name":"Designer","player_choice":"Upgrade","floor":42.0,"gold_loss":50.0,"damage_taken":0.0,"cards_upgraded":["Rainbow"]},{"damage_healed":0,"gold_gain":0,"player_choice":"Max HP","damage_taken":0,"max_hp_gain":0,"max_hp_loss":5,"event_name":"Winding Halls","floor":47,"gold_loss":0}],"is_beta":true,"boss_relics":[{"not_picked":["Nuclear Battery","Eternal Feather"],"picked":"Snecko Eye"},{"not_picked":["Calling Bell","Empty Cage"],"picked":"Runic Dome"}],"items_purged_floors":[],"is_endless":false,"potions_floor_spawned":[7,14,16,20,25,30,38,41,44,48],"ascension_level":20}