{"gold_per_floor":[119,132,152,12,12,12,29,64,103,115,153,179,204,228,240,252],"floor_reached":16,"playtime":440,"items_purged":[],"score":228,"play_id":"09445fda-d65a-4eea-95de-d823ab6aeae4","local_time":"20190101123049","is_ascension_mode":true,"campfire_choices":[{"data":"Neutralize","floor":6,"key":"SMITH"},{"data":"Predator","floor":10,"key":"SMITH"},{"data":"Footwork","floor":15,"key":"SMITH"}],"neow_cost":"NONE","seed_source_timestamp":0,"circlet_count":0,"master_deck":["AscendersBane","Defend_G","Defend_G","Defend_G","Defend_G","Defend_G","Strike_G","Strike_G","Strike_G","Strike_G","Strike_G","Survivor","Neutralize+1","Dagger Throw","Crippling Poison","Terror","Predator+1","Dagger Throw","Burst","Bouncing Flask","Well Laid Plans","Backstab","Footwork+1"],"special_seed":0,"relics":["Ring of the Snake","NeowsBlessing","Bag of Marbles","MawBank","Blood Vial","Mummified Hand"],"potions_floor_usage":[8,16],"damage_taken":[{"damage":0.0,"enemies":"Small Slimes","floor":1.0,"turns":1.0},{"damage":0,"enemies":"Cultist","floor":2,"turns":2},{"damage":0,"enemies":"2 Louse","floor":3,"turns":1},{"damage":3,"enemies":"2 Fungi Beasts","floor":7,"turns":3},{"damage":26,"enemies":"3 Sentries","floor":8,"turns":7},{"damage":20,"enemies":"Lagavulin","floor":11,"turns":5},{"damage":3,"enemies":"Looter","floor":12,"turns":2},{"damage":5,"enemies":"Exordium Wildlife","floor":13,"turns":3},{"damage":0,"enemies":"Large Slime","floor":14,"turns":2},{"damage":12,"enemies":"Slime Boss","floor":16,"turns":6}],"seed_played":"-1073547158328253747","potions_obtained":[{"floor":1,"key":"SkillPotion"},{"floor":2,"key":"Swift Potion"},{"floor":11,"key":"SpeedPotion"},{"floor":13,"key":"Regen Potion"}],"is_trial":false,"path_per_floor":["M","M","M","$","?","R","M","E","T","R","E","M","M","M","R","B"],"character_chosen":"THE_SILENT","items_purchased":["Predator","Dagger Throw"],"campfire_rested":0,"item_purchase_floors":[4,4],"current_hp_per_floor":[59,59,59,59,59,59,56,30,30,30,12,11,8,10,10,15],"gold":252,"neow_bonus":"THREE_ENEMY_KILL","is_prod":false,"is_daily":false,"chose_seed":false,"campfire_upgraded":3,"win_rate":0,"timestamp":1546374649,"path_taken":["M","M","M","$","?","R","M","E","T","R","E","M","M","?","R","BOSS"],"build_version":"2018-12-25","purchased_purges":0,"victory":false,"max_hp_per_floor":[66,66,66,66,66,66,66,66,66,66,66,66,66,66,66,66],"card_choices":[{"not_picked":["Tactician","Blur"],"picked":"Dagger Throw","floor":1},{"not_picked":["Backflip","Cloak And Dagger"],"picked":"Crippling Poison","floor":2},{"not_picked":["PiercingWail","Outmaneuver"],"picked":"Terror","floor":3},{"not_picked":["Acrobatics","A Thousand Cuts"],"picked":"Burst","floor":8},{"not_picked":["Prepared","PiercingWail"],"picked":"Bouncing Flask","floor":11},{"not_picked":["Accuracy","Outmaneuver"],"picked":"Well Laid Plans","floor":12},{"not_picked":["Deadly Poison","PiercingWail"],"picked":"Backstab","floor":13},{"not_picked":["Blade Dance","All Out Attack"],"picked":"Footwork","floor":14}],"player_experience":1004869,"relics_obtained":[{"floor":8,"key":"MawBank"},{"floor":9,"key":"Blood Vial"},{"floor":11,"key":"Mummified Hand"}],"event_choices":[{"damage_healed":0,"gold_gain":0,"player_choice":"Gave Potion","damage_taken":0,"relics_obtained":["Bag of Marbles"],"max_hp_gain":0,"max_hp_loss":0,"event_name":"WeMeetAgain","floor":5,"gold_loss":0}],"is_beta":true,"boss_relics":[],"items_purged_floors":[],"is_endless":false,"potions_floor_spawned":[1,2,11,13],"killed_by":"Slime Boss","ascension_level":20}