{"path_per_floor":["M","?","M","$","?","R","M","M","T","$","R","$","?","M","R","B",null,"M","$","M","$","M","R","M","?","T","R","?","R","M","M","R"],"character_chosen":"IRONCLAD","items_purchased":["Inflame","Heavy Blade","Armaments"],"gold_per_floor":[118,118,133,63,63,63,77,59,59,35,35,35,35,55,55,180,180,180,57,57,57,57,57,57,57,57,57,57,57,57,57,57],"floor_reached":33,"campfire_rested":3,"playtime":3021,"current_hp_per_floor":[80,80,80,80,80,80,80,76,76,76,76,76,82,85,85,19,86,62,62,53,53,41,66,38,38,38,63,63,63,72,52,77],"items_purged":["Injury"],"gold":57,"score":237,"play_id":"0650a85d-ebf6-4f26-81db-1725763ee5e7","is_prod":false,"is_daily":false,"is_ascension_mode":false,"campfire_upgraded":4,"path_taken":["M","?","M","$","?","R","?","M","T","?","R","$","?","M","R","BOSS","M","$","M","$","M","R","M","?","T","R","?","R","M","M","R","BOSS"],"build_version":"2018-02-22-PROD2","purchased_purges":2,"victory":false,"master_deck":["Strike_R","Strike_R","Strike_R","Strike_R","Strike_R","Defend_R","Defend_R","Defend_R","Defend_R","Bash","Cleave","Armaments+1","Inflame","Flash of Steel","Armaments+1","Heavy Blade","True Grit+1","Limit Break+1","Armaments","Cleave+1","Twin Strike","Iron Wave","Spot Weakness"],"max_hp_per_floor":[80,80,80,80,80,80,80,80,80,80,80,80,86,86,86,86,86,86,86,86,86,86,86,86,86,86,86,86,86,86,86,86],"relics":["Burning Blood","Darkstone Periapt","Golden Idol","Ectoplasm","Meat on the Bone"],"card_choices":[{"not_picked":["Flex","Wild Strike"],"picked":"Cleave"},{"not_picked":["Cleave","Perfected Strike"],"picked":"Armaments"},{"not_picked":["Whirlwind","Offering"],"picked":"Armaments"},{"not_picked":["Intimidate","Anger"],"picked":"True Grit"},{"not_picked":["Immolate","Fiend Fire"],"picked":"Limit Break"},{"not_picked":["Burning Pact","Flex"],"picked":"Cleave"},{"not_picked":["Flex","Uppercut"],"picked":"Twin Strike"},{"not_picked":["Clothesline","Shrug It Off"],"picked":"Iron Wave"},{"not_picked":["Rupture","Clash"],"picked":"Spot Weakness"}],"player_experience":47143,"potions_floor_usage":[22,24,30],"damage_taken":[{"damage":0,"enemies":"Small Slimes","floor":1,"turns":3},{"damage":1,"enemies":"Cultist","floor":3,"turns":3},{"damage":0,"enemies":"2 Louse","floor":7,"turns":2},{"damage":10,"enemies":"Exordium Thugs","floor":8,"turns":6},{"damage":3,"enemies":"Red Slaver","floor":14,"turns":4},{"damage":72,"enemies":"The Guardian","floor":16,"turns":18},{"damage":30,"enemies":"3 Byrds","floor":18,"turns":6},{"damage":15,"enemies":"Shell Parasite","floor":20,"turns":6},{"damage":18,"enemies":"Snake Plant","floor":22,"turns":5},{"damage":34,"enemies":"3 Cultists","floor":24,"turns":6},{"damage":12,"enemies":"Centurion and Healer","floor":30,"turns":6},{"damage":26,"enemies":"Snake Plant","floor":31,"turns":6},{"damage":86,"enemies":"Automaton","floor":33,"turns":10}],"event_choices":[{"event_name":"Match and Keep!","player_choice":"1 cards matched","floor":2,"damage_taken":0},{"event_name":"Transmorgrifier","player_choice":"Transform","floor":5,"damage_taken":0},{"event_name":"Golden Idol","player_choice":"Take Wound","floor":13,"damage_taken":0},{"event_name":"The Mausoleum","player_choice":"No","floor":25,"damage_taken":0},{"event_name":"Vampires","player_choice":"Ignored","floor":28,"damage_taken":0}],"boss_relics":[{"not_picked":["Philosopher\u0027s Stone","Tiny House"],"picked":"Ectoplasm"}],"potions_floor_spawned":[8,22,24],"seed_played":"-4669869631853025175","killed_by":"Automaton","ascension_level":0,"is_trial":false}