{"gold_per_floor":[110,124,124,49,63,63,95,95,95,95,130,76,76,87,87,185,185,203,203,118,18,32],"floor_reached":22,"playtime":1385,"items_purged":["Decay","Writhe"],"score":192,"play_id":"54c394dd-8e34-4c6c-bc0e-d499bff4cbeb","local_time":"20190809200147","is_ascension_mode":false,"campfire_choices":[{"data":"Defragment","floor":6.0,"key":"SMITH"},{"data":"Zap","floor":8,"key":"SMITH"},{"data":"Biased Cognition","floor":10,"key":"SMITH"},{"floor":15,"key":"REST"}],"neow_cost":"CURSE","seed_source_timestamp":120127741502500,"circlet_count":0,"master_deck":["Strike_B","Strike_B","Strike_B","Defend_B","Defend_B+1","Defend_B","Defend_B+1","Zap+1","Dualcast","Biased Cognition+1","Defragment+1","Streamline","Conserve Battery","Creative AI","Cold Snap","Coolheaded","Core Surge","Redo","Capacitor+1"],"special_seed":0,"relics":["Cracked Core","Matryoshka","Sundial","Kunai","War Paint","Coffee Dripper","Dream Catcher","Lantern"],"potions_floor_usage":[7],"damage_taken":[{"damage":6.0,"enemies":"Jaw Worm","floor":1.0,"turns":3.0},{"damage":3.0,"enemies":"2 Louse","floor":2.0,"turns":3.0},{"damage":8.0,"enemies":"Small Slimes","floor":5.0,"turns":3.0},{"damage":10,"enemies":"3 Sentries","floor":7,"turns":7},{"damage":30,"enemies":"Gremlin Nob","floor":11,"turns":4},{"damage":0,"enemies":"2 Fungi Beasts","floor":14,"turns":3},{"damage":30,"enemies":"The Guardian","floor":16,"turns":9},{"damage":5,"enemies":"Chosen","floor":18,"turns":5},{"damage":0,"enemies":"Shell Parasite","floor":22,"turns":20}],"seed_played":"-6768281839532138961","potions_obtained":[{"floor":2.0,"key":"EssenceOfSteel"},{"floor":7,"key":"Ancient Potion"},{"floor":11,"key":"SneckoOil"}],"is_trial":false,"path_per_floor":["M","M","?","$","M","R","E","R","T","R","E","$","?","M","R","B",null,"M","?","?","$","M"],"character_chosen":"DEFECT","items_purchased":["Cold Snap"],"campfire_rested":1,"item_purchase_floors":[12],"current_hp_per_floor":[69,66,59,59,51,51,41,41,41,41,11,11,11,11,33,3,75,70,70,70,70,70],"gold":32,"neow_bonus":"THREE_RARE_CARDS","is_prod":false,"is_daily":false,"chose_seed":false,"campfire_upgraded":3,"win_rate":0,"timestamp":1565395307,"path_taken":["M","M","?","$","M","R","E","R","T","R","E","$","?","M","R","BOSS","M","?","?","$","M"],"build_version":"2019-07-17","purchased_purges":2,"victory":false,"max_hp_per_floor":[75,75,75,75,75,75,75,75,75,75,75,75,75,75,75,75,75,75,75,75,75,75],"card_choices":[{"not_picked":["Thunder Strike","Echo Form"],"picked":"Biased Cognition","floor":0.0},{"not_picked":["Recycle","Compile Driver"],"picked":"Defragment","floor":1.0},{"not_picked":["Heatsinks","Gash","Undo"],"picked":"SKIP","floor":2.0},{"not_picked":["Turbo","Aggregate"],"picked":"Streamline","floor":5.0},{"not_picked":["Streamline","Redo"],"picked":"Conserve Battery","floor":7},{"not_picked":["Leap","Hello World"],"picked":"Creative AI","floor":11},{"not_picked":["Go for the Eyes","Barrage"],"picked":"Coolheaded","floor":14},{"not_picked":["Echo Form","Amplify"],"picked":"Core Surge","floor":16},{"not_picked":["Scrape","Static Discharge"],"picked":"Redo","floor":18},{"not_picked":["Redo","Conserve Battery+1"],"picked":"Capacitor+1","floor":22}],"player_experience":2653551,"relics_obtained":[{"floor":7,"key":"Matryoshka"},{"floor":9,"key":"Sundial"},{"floor":9,"key":"Kunai"},{"floor":11,"key":"War Paint"}],"event_choices":[{"cards_removed":["Strike_B"],"damage_healed":0.0,"max_hp_gain":0.0,"max_hp_loss":0.0,"gold_gain":0.0,"event_name":"Golden Wing","player_choice":"Card Removal","floor":3.0,"gold_loss":0.0,"damage_taken":7.0},{"damage_healed":0,"gold_gain":0,"player_choice":"Ignored","damage_taken":0,"max_hp_gain":0,"max_hp_loss":0,"event_name":"Shining Light","floor":13,"gold_loss":0},{"damage_healed":0,"gold_gain":0,"player_choice":"Opened","damage_taken":0,"relics_obtained":["Dream Catcher"],"max_hp_gain":0,"max_hp_loss":0,"event_name":"The Mausoleum","floor":19,"gold_loss":0,"cards_obtained":["Writhe"]},{"damage_healed":0,"gold_gain":0,"player_choice":"Obtained Relic","damage_taken":0,"relics_obtained":["Lantern"],"max_hp_gain":0,"max_hp_loss":0,"event_name":"Addict","floor":20,"gold_loss":85}],"is_beta":false,"boss_relics":[{"not_picked":["Runic Pyramid","Fusion Hammer"],"picked":"Coffee Dripper"}],"items_purged_floors":[4,21],"is_endless":false,"potions_floor_spawned":[2,7,11],"killed_by":"Shell Parasite","ascension_level":0}