{"gold_per_floor":[111,122,68,68,9,43,54,54,80,142,153,173,173,204,204,204],"floor_reached":16,"playtime":282,"items_purged":[],"score":286,"play_id":"feea4e63-d551-46c3-bef6-618abedd69c2","local_time":"20190315145737","is_ascension_mode":true,"campfire_choices":[{"data":"Neutralize","floor":8,"key":"SMITH"},{"data":"Cloak And Dagger","floor":13,"key":"SMITH"},{"data":"Burst","floor":15,"key":"SMITH"}],"neow_cost":"NONE","seed_source_timestamp":7479428340089,"circlet_count":0,"master_deck":["AscendersBane","Defend_G","Defend_G","Defend_G","Defend_G","Defend_G","Strike_G","Strike_G","Strike_G","Strike_G+1","Strike_G+1","Survivor","Neutralize+1","All Out Attack","Deadly Poison","Dagger Throw","Backstab","Well Laid Plans","Cloak And Dagger+1","Poisoned Stab","Burst+1"],"relics":["Ring of the Snake","NeowsBlessing","Whetstone","Lantern","Tiny Chest","Odd Mushroom","Juzu Bracelet"],"potions_floor_usage":[10,16,16],"damage_taken":[{"damage":0,"enemies":"Cultist","floor":1,"turns":1},{"damage":0,"enemies":"Small Slimes","floor":2,"turns":1},{"damage":0,"enemies":"3 Sentries","floor":6,"turns":1},{"damage":1,"enemies":"Jaw Worm","floor":7,"turns":3},{"damage":8,"enemies":"Gremlin Nob","floor":10,"turns":4},{"damage":4,"enemies":"Blue Slaver","floor":11,"turns":2},{"damage":5,"enemies":"The Mushroom Lair","floor":12,"turns":3},{"damage":4,"enemies":"3 Sentries","floor":14,"turns":6},{"damage":0,"enemies":"Slime Boss","floor":16,"turns":2}],"seed_played":"7179833307754341478","potions_obtained":[{"floor":2,"key":"Ancient Potion"},{"floor":4,"key":"GhostInAJar"},{"floor":12,"key":"Poison Potion"},{"floor":14,"key":"SteroidPotion"}],"is_trial":false,"path_per_floor":["M","M","$","?","$","E","M","R","T","E","M","?","R","E","R","B"],"character_chosen":"THE_SILENT","items_purchased":["Deadly Poison","Dagger Throw"],"campfire_rested":0,"item_purchase_floors":[3,5],"current_hp_per_floor":[59,59,59,59,59,59,58,58,58,50,46,41,41,37,37,37],"gold":204,"neow_bonus":"THREE_ENEMY_KILL","is_prod":false,"is_daily":false,"chose_seed":false,"campfire_upgraded":3,"win_rate":0,"timestamp":1552687057,"path_taken":["M","M","$","?","$","E","M","R","T","E","?","?","R","E","R","BOSS"],"build_version":"2019-02-06","purchased_purges":0,"victory":false,"max_hp_per_floor":[66,66,66,66,66,66,66,66,66,66,66,66,66,66,66,66],"card_choices":[{"not_picked":["Prepared","Quick Slash"],"picked":"All Out Attack","floor":2},{"not_picked":["Heel Hook","Bouncing Flask"],"picked":"Backstab","floor":7},{"not_picked":["Dagger Throw","Sucker Punch"],"picked":"Well Laid Plans","floor":10},{"not_picked":["Tactician","Prepared"],"picked":"Cloak And Dagger","floor":11},{"not_picked":["Unload","Underhanded Strike"],"picked":"Poisoned Stab","floor":12},{"not_picked":["Caltrops","Deflect"],"picked":"Burst","floor":14}],"player_experience":1304245,"relics_obtained":[{"floor":6,"key":"Whetstone"},{"floor":9,"key":"Lantern"},{"floor":10,"key":"Tiny Chest"},{"floor":12,"key":"Odd Mushroom"},{"floor":14,"key":"Juzu Bracelet"}],"event_choices":[{"damage_healed":0,"gold_gain":0,"player_choice":"Got Potions","damage_taken":0,"max_hp_gain":0,"max_hp_loss":0,"event_name":"Lab","floor":4,"gold_loss":0},{"damage_healed":0,"gold_gain":0,"player_choice":"Fought Mushrooms","damage_taken":0,"max_hp_gain":0,"max_hp_loss":0,"event_name":"Mushrooms","floor":12,"gold_loss":0}],"is_beta":true,"boss_relics":[],"items_purged_floors":[],"is_endless":false,"potions_floor_spawned":[2,12,14],"killed_by":"Slime Boss","ascension_level":20}