{"gold_per_floor":[217,232,50,50,62,62,72,72,72,87,122,122,151,4,4,101,101,118,118,118,128,144,144],"floor_reached":23,"playtime":1911,"items_purged":["Strike_B"],"score":201,"play_id":"4b9527a3-4cb7-47f4-bd7e-ec7661cb471d","local_time":"20190528172554","is_ascension_mode":false,"campfire_choices":[{"floor":6,"key":"RECALL"},{"floor":12,"key":"REST"},{"data":"Defragment","floor":15,"key":"SMITH"}],"neow_cost":"NONE","seed_source_timestamp":1109237579287920,"circlet_count":0,"master_deck":["Strike_B","Strike_B","Defend_B","Defend_B","Defend_B","Defend_B","Zap","Dualcast","Streamline","Cold Snap","Glacier","Defragment+1","Hologram","Electrodynamics","Electrodynamics","Conserve Battery","Chill","Cold Snap","Creative AI+1","BootSequence+1","Defragment+1"],"relics":["Cracked Core","Frozen Egg 2","Lantern","Vajra","Nuclear Battery","MutagenicStrength"],"potions_floor_usage":[11,11,23],"damage_taken":[{"damage":0,"enemies":"2 Louse","floor":1,"turns":3},{"damage":6,"enemies":"Jaw Worm","floor":2,"turns":3},{"damage":0,"enemies":"Cultist","floor":5,"turns":3},{"damage":6,"enemies":"Exordium Wildlife","floor":7,"turns":5},{"damage":1,"enemies":"Exordium Thugs","floor":10,"turns":4},{"damage":26,"enemies":"Gremlin Nob","floor":11,"turns":8},{"damage":4,"enemies":"3 Sentries","floor":13,"turns":3},{"damage":23,"enemies":"The Guardian","floor":16,"turns":13},{"damage":0,"enemies":"Chosen","floor":18,"turns":4},{"damage":15,"enemies":"2 Thieves","floor":21,"turns":4},{"damage":10,"enemies":"Snake Plant","floor":22,"turns":6},{"damage":36,"enemies":"Gremlin Leader","floor":23,"turns":7}],"seed_played":"-1891336377395542235","potions_obtained":[{"floor":2,"key":"SpeedPotion"},{"floor":7,"key":"Block Potion"},{"floor":10,"key":"Ancient Potion"},{"floor":18,"key":"EssenceOfSteel"}],"is_trial":false,"path_per_floor":["M","M","$","?","M","R","M","?","T","M","E","R","E","$","R","B",null,"M","?","?","M","M","E"],"character_chosen":"DEFECT","items_purchased":["Glacier","Defragment","Vajra"],"campfire_rested":1,"item_purchase_floors":[3,3,14],"current_hp_per_floor":[75,69,69,69,69,69,63,63,63,62,36,58,54,54,54,31,75,75,61,61,46,36,0],"gold":144,"neow_bonus":"HUNDRED_GOLD","is_prod":false,"is_daily":false,"chose_seed":false,"campfire_upgraded":1,"win_rate":0,"timestamp":1559078754,"path_taken":["M","M","$","?","M","R","M","?","T","M","E","R","E","$","R","BOSS","M","?","?","?","M","E"],"build_version":"2019-01-23","purchased_purges":1,"victory":false,"max_hp_per_floor":[75,75,75,75,75,75,75,75,75,75,75,75,75,75,75,75,75,75,80,80,80,80,80],"card_choices":[{"not_picked":["BootSequence","Heatsinks"],"picked":"Streamline","floor":1},{"not_picked":["Leap","Darkness"],"picked":"Cold Snap","floor":2},{"not_picked":["FTL","Defragment"],"picked":"Hologram","floor":5},{"not_picked":["Double Energy","Rebound"],"picked":"Electrodynamics","floor":7},{"not_picked":["Rip and Tear","Fusion"],"picked":"Conserve Battery","floor":10},{"not_picked":["Tempest","Beam Cell"],"picked":"Chill","floor":11},{"not_picked":["Streamline","Sweeping Beam"],"picked":"Cold Snap","floor":13},{"not_picked":["Rainbow","Machine Learning+1"],"picked":"Creative AI+1","floor":16},{"not_picked":["Streamline","Hello World+1"],"picked":"BootSequence+1","floor":18},{"not_picked":["Rebound+1","Redo"],"picked":"Defragment+1","floor":21},{"not_picked":["Darkness","Doom and Gloom","Hologram"],"picked":"SKIP","floor":22}],"player_experience":37090,"relics_obtained":[{"floor":11,"key":"Frozen Egg 2"},{"floor":13,"key":"Lantern"}],"event_choices":[{"damage_healed":0,"gold_gain":0,"player_choice":"Ignored","damage_taken":0,"max_hp_gain":0,"max_hp_loss":0,"event_name":"Liars Game","floor":4,"gold_loss":0},{"damage_healed":0,"gold_gain":0,"cards_transformed":["Strike_B"],"player_choice":"Transformed","damage_taken":0,"max_hp_gain":0,"max_hp_loss":0,"event_name":"Transmorgrifier","floor":8,"gold_loss":0,"cards_obtained":["Electrodynamics"]},{"damage_healed":0,"gold_gain":0,"player_choice":"Shed Blood","damage_taken":19,"max_hp_gain":5,"max_hp_loss":0,"event_name":"Forgotten Altar","floor":19,"gold_loss":0},{"damage_healed":0,"gold_gain":0,"player_choice":"Inject Mutagens","damage_taken":0,"relics_obtained":["MutagenicStrength"],"max_hp_gain":0,"max_hp_loss":0,"event_name":"Drug Dealer","floor":20,"gold_loss":0}],"is_beta":false,"boss_relics":[{"not_picked":["Snecko Eye","Fusion Hammer"],"picked":"Nuclear Battery"}],"items_purged_floors":[3],"is_endless":false,"potions_floor_spawned":[2,7,10,18],"killed_by":"Gremlin Leader","ascension_level":0}