{"gold_per_floor":[219,219,238,238,255,255,290,290,317,330,330,53,73,88,88,184,184,197,213,213,142,242,242,254,265,289,304,304,304,317,331,331,428,428,440,440,440,440,458,458,509,509,509,520,520,520,520,539,539,539],"floor_reached":51,"playtime":4005,"items_purged":["Strike_B"],"score":626,"play_id":"792362db-bd16-4cda-94a2-2ec96f4e64fe","local_time":"20181018225201","is_ascension_mode":false,"campfire_choices":[{"data":"Genetic Algorithm","floor":6,"key":"SMITH"},{"floor":8,"key":"REST"},{"floor":15,"key":"REST"},{"data":"Fission","floor":23,"key":"SMITH"},{"floor":29,"key":"REST"},{"floor":32,"key":"REST"},{"data":"Consume","floor":40,"key":"SMITH"},{"data":"Madness","floor":42,"key":"SMITH"},{"floor":49,"key":"REST"}],"neow_cost":"NONE","seed_source_timestamp":776338504204151,"circlet_count":0,"master_deck":["Strike_B","Defend_B","Defend_B","Defend_B","Defend_B","Zap","Dualcast+1","Sweeping Beam","Capacitor","Genetic Algorithm+1","Biased Cognition","Cold Snap","Go for the Eyes","Fission+1","Creative AI","Ball Lightning+1","Glacier+1","FTL","Consume+1","Hologram","Chill+1","Rainbow","Buffer","Go for the Eyes","Madness+1","Madness","Ball Lightning","Lockon"],"relics":["Cracked Core","Bronze Scales","Art of War","Orichalcum","Inserter","Dream Catcher","Runic Pyramid","Gambling Chip","Regal Pillow","Singing Bowl"],"potions_floor_usage":[25,30,45,50,50],"damage_taken":[{"damage":1,"enemies":"Jaw Worm","floor":1,"turns":3},{"damage":6,"enemies":"2 Louse","floor":3,"turns":2},{"damage":0,"enemies":"Small Slimes","floor":5,"turns":2},{"damage":45,"enemies":"Lagavulin","floor":7,"turns":9},{"damage":4,"enemies":"Gremlin Gang","floor":10,"turns":3},{"damage":0,"enemies":"Exordium Wildlife","floor":13,"turns":2},{"damage":0,"enemies":"3 Louse","floor":14,"turns":3},{"damage":14,"enemies":"Slime Boss","floor":16,"turns":10},{"damage":12,"enemies":"3 Byrds","floor":18,"turns":3},{"damage":4,"enemies":"Chosen","floor":19,"turns":5},{"damage":13,"enemies":"Snake Plant","floor":24,"turns":4},{"damage":14,"enemies":"Snecko","floor":25,"turns":7},{"damage":28,"enemies":"3 Cultists","floor":27,"turns":6},{"damage":0,"enemies":"Cultist and Chosen","floor":30,"turns":6},{"damage":0,"enemies":"Snake Plant","floor":31,"turns":5},{"damage":39,"enemies":"Automaton","floor":33,"turns":9},{"damage":0,"enemies":"3 Shapes","floor":35,"turns":7},{"damage":3,"enemies":"Mind Bloom Boss Battle","floor":38,"turns":11},{"damage":0,"enemies":"Orb Walker","floor":39,"turns":3},{"damage":6,"enemies":"3 Darklings","floor":44,"turns":4},{"damage":2,"enemies":"Spire Growth","floor":45,"turns":2},{"damage":0,"enemies":"4 Shapes","floor":48,"turns":5},{"damage":20,"enemies":"Awakened One","floor":50,"turns":15}],"seed_played":"8693454046849634621","potions_obtained":[{"floor":10,"key":"Poison Potion"},{"floor":13,"key":"FearPotion"},{"floor":16,"key":"Energy Potion"},{"floor":18,"key":"Weak Potion"},{"floor":24,"key":"Dexterity Potion"},{"floor":27,"key":"AttackPotion"},{"floor":38,"key":"FearPotion"},{"floor":39,"key":"SmokeBomb"}],"is_trial":false,"path_per_floor":["M","?","M","?","M","R","E","R","T","M","?","$","M","M","R","B",null,"M","M","?","$","?","R","M","M","T","M","?","R","M","M","R","B",null,"M","?","?","?","M","R","T","R","T","M","M","?","?","M","R","B"],"character_chosen":"DEFECT","items_purchased":["Orichalcum","Go for the Eyes","Consume"],"campfire_rested":5,"item_purchase_floors":[12,12,21],"current_hp_per_floor":[74,74,68,68,68,68,23,45,45,41,41,41,41,41,63,49,75,63,59,59,59,59,59,46,32,32,4,29,51,51,51,73,34,75,75,75,66,63,63,63,63,63,63,59,57,56,56,56,83,63],"gold":539,"neow_bonus":"HUNDRED_GOLD","is_prod":false,"is_daily":false,"chose_seed":false,"campfire_upgraded":4,"win_rate":0,"timestamp":1539917521,"path_taken":["M","?","M","?","M","R","E","R","T","M","?","$","M","M","R","BOSS","M","M","?","$","?","R","M","M","T","?","?","R","M","M","R","BOSS","M","?","?","?","?","R","?","R","T","M","M","?","?","M","R","BOSS"],"build_version":"2018-10-18","purchased_purges":1,"victory":true,"max_hp_per_floor":[75,75,75,75,75,75,75,75,75,75,75,75,75,75,75,75,75,75,75,75,75,75,75,75,75,75,75,75,75,75,75,75,75,75,75,75,75,75,75,75,75,75,75,77,77,81,81,81,83,83],"card_choices":[{"not_picked":["Stack","Gash"],"picked":"Sweeping Beam","floor":1},{"not_picked":["Reprogram","Consume"],"picked":"Capacitor","floor":3},{"not_picked":["Leap","Go for the Eyes"],"picked":"Genetic Algorithm","floor":5},{"not_picked":["Conserve Battery","Fusion"],"picked":"Biased Cognition","floor":7},{"not_picked":["Sunder","Redo"],"picked":"Cold Snap","floor":10},{"not_picked":["Coolheaded","Cold Snap","Redo"],"picked":"SKIP","floor":13},{"not_picked":["Rebound","Sweeping Beam"],"picked":"Fission","floor":14},{"not_picked":["Rainbow","Fission"],"picked":"Creative AI","floor":16},{"not_picked":["Undo","Auto Shields"],"picked":"Ball Lightning+1","floor":18},{"not_picked":["Rebound+1","Loop"],"picked":"Glacier+1","floor":19},{"not_picked":["Aggregate+1","Steam","Beam Cell+1"],"picked":"SKIP","floor":24},{"not_picked":["Genetic Algorithm","Stack+1","Steam"],"picked":"SKIP","floor":25},{"not_picked":["BootSequence","Sweeping Beam","Beam Cell+1"],"picked":"SKIP","floor":27},{"not_picked":["Steam+1","Undo"],"picked":"Hologram","floor":29},{"not_picked":["Hello World","Go for the Eyes"],"picked":"Chill+1","floor":30},{"not_picked":["Conserve Battery","Gash","Recycle+1"],"picked":"SKIP","floor":31},{"not_picked":["Steam Power","Auto Shields+1"],"picked":"Rainbow","floor":32},{"not_picked":["Reboot","Fission"],"picked":"Buffer","floor":33},{"not_picked":["FTL+1","Coolheaded+1","Conserve Battery"],"picked":"SKIP","floor":35},{"not_picked":["Stack","Gash"],"picked":"Ball Lightning","floor":38},{"not_picked":["Reprogram","Rebound","Streamline+1"],"picked":"SKIP","floor":39},{"not_picked":["Skim","Compile Driver","Leap"],"picked":"Singing Bowl","floor":44},{"not_picked":["Trip","Swift Strike","PanicButton"],"picked":"Singing Bowl","floor":46},{"not_picked":["Good Instincts","Finesse","Flash of Steel"],"picked":"Singing Bowl","floor":46},{"not_picked":["Fission","Chaos"],"picked":"Lockon","floor":48},{"not_picked":["Steam Power","Compile Driver","Capacitor+1"],"picked":"Singing Bowl","floor":49}],"player_experience":386415,"relics_obtained":[{"floor":7,"key":"Bronze Scales"},{"floor":9,"key":"Art of War"},{"floor":26,"key":"Dream Catcher"},{"floor":38,"key":"Gambling Chip"},{"floor":41,"key":"Regal Pillow"},{"floor":43,"key":"Singing Bowl"}],"event_choices":[{"damage_healed":0,"gold_gain":0,"player_choice":"Grow","damage_taken":0,"max_hp_gain":0,"max_hp_loss":0,"event_name":"Living Wall","floor":2,"gold_loss":0,"cards_upgraded":["Dualcast"]},{"damage_healed":0,"gold_gain":0,"player_choice":"Bought 0 Potions","damage_taken":0,"max_hp_gain":0,"max_hp_loss":0,"event_name":"The Woman in Blue","floor":4,"gold_loss":0},{"damage_healed":0,"gold_gain":0,"player_choice":"Searched \u00270\u0027 times","damage_taken":0,"max_hp_gain":0,"max_hp_loss":0,"event_name":"Dead Adventurer","floor":11,"gold_loss":0},{"damage_healed":0,"gold_gain":0,"cards_transformed":["Strike_B","Strike_B"],"player_choice":"Became Test Subject","damage_taken":0,"max_hp_gain":0,"max_hp_loss":0,"event_name":"Drug Dealer","floor":20,"gold_loss":0,"cards_obtained":["Steam","FTL"]},{"damage_healed":0,"gold_gain":100,"player_choice":"Pray","damage_taken":0,"max_hp_gain":0,"max_hp_loss":0,"event_name":"Golden Shrine","floor":22,"gold_loss":0},{"damage_healed":25,"gold_gain":0,"player_choice":"Heal","damage_taken":0,"max_hp_gain":0,"max_hp_loss":0,"event_name":"The Library","floor":28,"gold_loss":0},{"damage_healed":0,"gold_gain":0,"cards_transformed":["Steam"],"player_choice":"Transformed","damage_taken":0,"max_hp_gain":0,"max_hp_loss":0,"event_name":"Transmorgrifier","floor":36,"gold_loss":0,"cards_obtained":["Go for the Eyes"]},{"damage_healed":0,"gold_gain":0,"player_choice":"Embrace Madness","damage_taken":9,"max_hp_gain":0,"max_hp_loss":0,"event_name":"Winding Halls","floor":37,"gold_loss":0,"cards_obtained":["Madness","Madness"]},{"damage_healed":0,"gold_gain":0,"player_choice":"Fight","damage_taken":0,"max_hp_gain":0,"max_hp_loss":0,"event_name":"MindBloom","floor":38,"gold_loss":0},{"damage_healed":0,"gold_gain":0,"player_choice":"Memory 2","damage_taken":5,"max_hp_gain":0,"max_hp_loss":0,"event_name":"SensoryStone","floor":46,"gold_loss":0},{"damage_healed":0,"gold_gain":0,"player_choice":"0 cards matched","damage_taken":0,"max_hp_gain":0,"max_hp_loss":0,"event_name":"Match and Keep!","floor":47,"gold_loss":0,"cards_obtained":[]}],"is_beta":true,"boss_relics":[{"not_picked":["White Beast Statue","Empty Cage"],"picked":"Inserter"},{"not_picked":["Eternal Feather","Astrolabe"],"picked":"Runic Pyramid"}],"items_purged_floors":[12],"is_endless":false,"potions_floor_spawned":[10,13,16,18,24,27,38,39],"ascension_level":0}