{"gold_per_floor":[116,41,54,67,86,86,121,121,121,121,21,56,56,90,90,187,187,202,202,77,77,111,111,145,162,236,236,236,247,257,107,107,207,257,270,285,110,110,125,159,159,170,219,19,19,51,51,77,77,77],"floor_reached":51,"playtime":958,"items_purged":["Distraction","Bane","Predator","Quick Slash","Die Die Die+1","Well Laid Plans+1"],"score":1296,"play_id":"6902c8ee-00f9-4aeb-8730-e38756ea9a95","local_time":"20190806225141","is_ascension_mode":true,"campfire_choices":[{"data":"Neutralize","floor":6.0,"key":"SMITH"},{"data":"Well Laid Plans","floor":10.0,"key":"SMITH"},{"data":"Grand Finale","floor":13.0,"key":"SMITH"},{"data":"Reflex","floor":15.0,"key":"SMITH"},{"data":"Die Die Die","floor":23.0,"key":"SMITH"},{"data":"Survivor","floor":27.0,"key":"SMITH"},{"data":"Quick Slash","floor":32.0,"key":"SMITH"},{"floor":47,"key":"REST"},{"floor":49,"key":"RECALL"}],"neow_cost":"NONE","seed_source_timestamp":2365015902230,"circlet_count":0,"master_deck":["Survivor+1","Neutralize+1","Quick Slash+1","Grand Finale+1"],"special_seed":0,"relics":["Pandora\u0027s Box","Sundial","Snake Skull","Matryoshka","Bag of Marbles","Singing Bowl","Empty Cage","MutagenicStrength","Red Mask","Omamori","Bronze Scales","Ornamental Fan","Tiny House","Vajra","Anchor","Happy Flower","Bag of Preparation","Juzu Bracelet"],"potions_floor_usage":[50],"damage_taken":[{"damage":0.0,"enemies":"Cultist","floor":1.0,"turns":2.0},{"damage":0.0,"enemies":"Jaw Worm","floor":3.0,"turns":2.0},{"damage":0.0,"enemies":"Small Slimes","floor":4.0,"turns":2.0},{"damage":5.0,"enemies":"Blue Slaver","floor":5.0,"turns":2.0},{"damage":0.0,"enemies":"Gremlin Nob","floor":7.0,"turns":2.0},{"damage":5.0,"enemies":"Lagavulin","floor":12.0,"turns":3.0},{"damage":9.0,"enemies":"3 Sentries","floor":14.0,"turns":2.0},{"damage":0.0,"enemies":"Slime Boss","floor":16.0,"turns":3.0},{"damage":10.0,"enemies":"2 Thieves","floor":18.0,"turns":2.0},{"damage":0.0,"enemies":"Masked Bandits","floor":22.0,"turns":1.0},{"damage":0.0,"enemies":"Book of Stabbing","floor":24.0,"turns":2.0},{"damage":0.0,"enemies":"Shell Parasite","floor":25.0,"turns":2.0},{"damage":0.0,"enemies":"3 Cultists","floor":29.0,"turns":2.0},{"damage":0.0,"enemies":"Centurion and Healer","floor":30.0,"turns":2.0},{"damage":0.0,"enemies":"Collector","floor":33.0,"turns":2.0},{"damage":0.0,"enemies":"Orb Walker","floor":35.0,"turns":2.0},{"damage":0.0,"enemies":"3 Shapes","floor":36.0,"turns":2.0},{"damage":0,"enemies":"Writhing Mass","floor":39,"turns":2},{"damage":0,"enemies":"Nemesis","floor":40,"turns":3},{"damage":0,"enemies":"Maw","floor":42,"turns":3},{"damage":0,"enemies":"Reptomancer","floor":46,"turns":1},{"damage":0,"enemies":"Nemesis","floor":48,"turns":1},{"damage":0,"enemies":"Awakened One","floor":50,"turns":5}],"seed_played":"-2548526653024321820","potions_obtained":[{"floor":1.0,"key":"SpeedPotion"},{"floor":3.0,"key":"Weak Potion"},{"floor":12.0,"key":"SpeedPotion"},{"floor":34.0,"key":"GhostInAJar"}],"is_trial":false,"path_per_floor":["M","$","M","M","M","R","E","?","T","R","$","E","R","E","R","B",null,"M","?","$","?","?","R","E","M","T","R","?","M","M","$","R","B",null,"M","M","$","?","M","E","$","M","T","$","?","E","R","E","R","B",null],"character_chosen":"THE_SILENT","items_purchased":[],"campfire_rested":1,"item_purchase_floors":[],"current_hp_per_floor":[70,70,70,70,65,65,65,53,53,53,53,48,48,41,41,43,74,66,66,66,66,68,68,70,72,72,72,72,74,76,76,76,78,95,97,99,99,95,97,99,99,101,101,101,101,103,113,115,115,115],"gold":77,"neow_bonus":"BOSS_RELIC","is_prod":false,"is_daily":false,"chose_seed":false,"campfire_upgraded":7,"win_rate":0,"timestamp":1565157101,"path_taken":["M","$","M","M","?","R","E","?","T","R","$","E","R","E","R","BOSS","M","?","$","?","?","R","E","M","T","R","?","M","?","$","R","BOSS","M","M","$","?","M","E","$","M","T","$","?","E","R","E","R","BOSS"],"build_version":"2019-07-18","purchased_purges":6,"victory":true,"max_hp_per_floor":[70,70,70,70,70,70,70,70,70,70,70,70,70,72,72,74,74,76,76,76,76,78,78,80,82,82,82,82,84,86,86,86,88,95,97,99,99,105,107,109,109,111,111,111,111,113,113,115,115,115],"card_choices":[{"not_picked":["Flying Knee","Prepared","Blur"],"picked":"SKIP","floor":4.0},{"not_picked":["Backflip","Underhanded Strike","Flying Knee"],"picked":"SKIP","floor":5.0},{"not_picked":["Phantasmal Killer","Blade Dance"],"picked":"Reflex","floor":7.0},{"not_picked":["Poisoned Stab","Setup","Dodge and Roll"],"picked":"SKIP","floor":12.0},{"not_picked":["Backflip","Eviscerate","Slice"],"picked":"Singing Bowl","floor":14.0},{"not_picked":["Unload","Bullet Time","After Image"],"picked":"Singing Bowl","floor":16.0},{"not_picked":["Sucker Punch","Flying Knee","Backflip"],"picked":"Singing Bowl","floor":18.0},{"not_picked":["Prepared","Deadly Poison+1","Riddle With Holes+1"],"picked":"Singing Bowl","floor":22.0},{"not_picked":["Dagger Throw+1","Blade Dance","Malaise"],"picked":"Singing Bowl","floor":24.0},{"not_picked":["PiercingWail","Prepared+1","Poisoned Stab+1"],"picked":"Singing Bowl","floor":25.0},{"not_picked":["Choke+1","PiercingWail","Deadly Poison"],"picked":"Singing Bowl","floor":29.0},{"not_picked":["Terror+1","Caltrops","Flying Knee"],"picked":"Singing Bowl","floor":30.0},{"not_picked":["Bullet Time","Envenom","Night Terror"],"picked":"Singing Bowl","floor":33.0},{"not_picked":["Prepared","Quick Slash","Cloak And Dagger"],"picked":"Singing Bowl","floor":34.0},{"not_picked":["Poisoned Stab+1","Escape Plan+1","Dagger Spray"],"picked":"Singing Bowl","floor":35.0},{"not_picked":["Deadly Poison","Sucker Punch","Dagger Throw"],"picked":"Singing Bowl","floor":36.0},{"not_picked":["Good Instincts","Swift Strike","Panacea"],"picked":"Singing Bowl","floor":38},{"not_picked":["HandOfGreed","Forethought","Enlightenment"],"picked":"Singing Bowl","floor":38},{"not_picked":["Purity","Apotheosis","Forethought"],"picked":"Singing Bowl","floor":38},{"not_picked":["Blade Dance","PiercingWail+1","Backflip"],"picked":"Singing Bowl","floor":39},{"not_picked":["Deflect+1","Bullet Time","Slice"],"picked":"Singing Bowl","floor":40},{"not_picked":["Backflip+1","Prepared+1","Poisoned Stab"],"picked":"Singing Bowl","floor":42},{"not_picked":["Bouncing Flask+1","Expertise","Quick Slash"],"picked":"Singing Bowl","floor":46},{"not_picked":["Leg Sweep","Predator+1","Deadly Poison+1"],"picked":"Singing Bowl","floor":48}],"player_experience":1381563,"relics_obtained":[{"floor":7.0,"key":"Sundial"},{"floor":9.0,"key":"Matryoshka"},{"floor":12.0,"key":"Bag of Marbles"},{"floor":14.0,"key":"Singing Bowl"},{"floor":22.0,"key":"Red Mask"},{"floor":24.0,"key":"Omamori"},{"floor":26.0,"key":"Bronze Scales"},{"floor":26.0,"key":"Ornamental Fan"},{"floor":40,"key":"Vajra"},{"floor":43,"key":"Anchor"},{"floor":43,"key":"Happy Flower"},{"floor":46,"key":"Bag of Preparation"},{"floor":48,"key":"Juzu Bracelet"}],"event_choices":[{"damage_healed":0.0,"max_hp_gain":0.0,"max_hp_loss":0.0,"gold_gain":0.0,"event_name":"Scrap Ooze","player_choice":"Success","floor":8.0,"gold_loss":0.0,"damage_taken":12.0,"relics_obtained":["Snake Skull"]},{"damage_healed":0.0,"max_hp_gain":0.0,"max_hp_loss":0.0,"gold_gain":0.0,"event_name":"Drug Dealer","player_choice":"Inject Mutagens","floor":19.0,"gold_loss":0.0,"damage_taken":0.0,"relics_obtained":["MutagenicStrength"]},{"damage_healed":0.0,"max_hp_gain":0.0,"max_hp_loss":0.0,"gold_gain":0.0,"event_name":"Vampires","player_choice":"Ignored","floor":21.0,"gold_loss":0.0,"damage_taken":0.0},{"damage_healed":0.0,"max_hp_gain":0.0,"max_hp_loss":0.0,"gold_gain":0.0,"event_name":"Masked Bandits","player_choice":"Fought Bandits","floor":22.0,"gold_loss":0.0,"damage_taken":0.0},{"damage_healed":0.0,"max_hp_gain":0.0,"max_hp_loss":0.0,"gold_gain":0.0,"event_name":"NoteForYourself","player_choice":"Ignored","floor":28.0,"gold_loss":0.0,"damage_taken":0.0},{"damage_healed":0,"gold_gain":0,"player_choice":"Memory 3","damage_taken":10,"max_hp_gain":0,"max_hp_loss":0,"event_name":"SensoryStone","floor":38,"gold_loss":0},{"cards_removed":["Reflex"],"damage_healed":0,"gold_gain":0,"player_choice":"Removed Skill","damage_taken":0,"max_hp_gain":0,"max_hp_loss":0,"event_name":"Falling","floor":45,"gold_loss":0}],"is_beta":true,"boss_relics":[{"not_picked":["Runic Pyramid","Astrolabe"],"picked":"Empty Cage"},{"not_picked":["Calling Bell","Busted Crown"],"picked":"Tiny House"}],"items_purged_floors":[2,11,20,31,37,44],"is_endless":false,"potions_floor_spawned":[1,3,12,18,29,30,33,36,40,42,48],"ascension_level":1}