{"gold_per_floor":[110,121,135,9,9,43,43,118,118,118],"floor_reached":10,"playtime":119,"items_purged":["Strike_B"],"score":132,"play_id":"718c88c3-d1e1-4e41-b4e9-5ccfb566a41b","local_time":"20190120001104","is_ascension_mode":true,"campfire_choices":[{"floor":7,"key":"REST"}],"neow_cost":"NONE","seed_source_timestamp":539249893128,"circlet_count":0,"master_deck":["AscendersBane","Strike_B+1","Strike_B","Strike_B","Defend_B","Defend_B","Defend_B","Defend_B","Zap","Dualcast","Streamline","Steam","Beam Cell","Streamline+1","FTL"],"relics":["Cracked Core","NeowsBlessing","Calipers","Shovel"],"potions_floor_usage":[6],"damage_taken":[{"damage":0,"enemies":"Cultist","floor":1,"turns":1},{"damage":0,"enemies":"2 Louse","floor":2,"turns":1},{"damage":0,"enemies":"Small Slimes","floor":3,"turns":1},{"damage":36,"enemies":"Gremlin Nob","floor":6,"turns":4},{"damage":15,"enemies":"Lagavulin","floor":10,"turns":3}],"seed_played":"5134124753065119369","potions_obtained":[{"floor":3,"key":"GamblersBrew"}],"is_trial":false,"path_per_floor":["M","M","M","$","?","E","R","?","T","E"],"character_chosen":"DEFECT","items_purchased":["Streamline"],"campfire_rested":1,"item_purchase_floors":[4],"current_hp_per_floor":[64,64,64,64,43,7,28,17,17,2],"gold":118,"neow_bonus":"THREE_ENEMY_KILL","is_prod":false,"is_daily":false,"chose_seed":false,"campfire_upgraded":0,"win_rate":0,"timestamp":1547971864,"path_taken":["M","?","M","$","?","E","R","?","T","E"],"build_version":"2019-01-17","purchased_purges":1,"victory":false,"max_hp_per_floor":[71,71,71,71,71,71,71,71,71,71],"card_choices":[{"not_picked":["Gash","Ball Lightning"],"picked":"Streamline","floor":1},{"not_picked":["Sweeping Beam","Rebound"],"picked":"Steam","floor":2},{"not_picked":["Go for the Eyes","Sweeping Beam"],"picked":"Beam Cell","floor":3},{"not_picked":["White Noise","Rebound"],"picked":"FTL","floor":6}],"player_experience":1033760,"relics_obtained":[{"floor":6,"key":"Calipers"},{"floor":9,"key":"Shovel"}],"event_choices":[{"damage_healed":0,"gold_gain":0,"player_choice":"Entered Light","damage_taken":21,"max_hp_gain":0,"max_hp_loss":0,"event_name":"Shining Light","floor":5,"gold_loss":0,"cards_upgraded":["Streamline","Strike_B"]},{"damage_healed":0,"gold_gain":75,"player_choice":"Gather Gold","damage_taken":11,"max_hp_gain":0,"max_hp_loss":0,"event_name":"World of Goop","floor":8,"gold_loss":0}],"is_beta":true,"boss_relics":[],"items_purged_floors":[4],"is_endless":false,"potions_floor_spawned":[3],"killed_by":"Lagavulin","ascension_level":20}