{"gold_per_floor":[115,134,145,156,156,191,191,203,228,59,76,91,91,119,119,215,215,215,215,18,18,18,18,18,18,18,18,18,18,18,18,18,18,18,18,18,18,18,18,18,18,18,18,18,18,0,0,0,0,0,0,0,0,0,0],"floor_reached":55,"playtime":4218,"items_purged":["Strike_R"],"score":803,"play_id":"4d4388f0-6df1-4ff5-8d20-91ad39e69640","local_time":"20190530144455","is_ascension_mode":false,"campfire_choices":[{"floor":7,"key":"REST"},{"floor":13,"key":"REST"},{"floor":15,"key":"REST"},{"floor":32,"key":"REST"},{"floor":41,"key":"REST"},{"floor":45,"key":"REST"},{"floor":49,"key":"RECALL"},{"data":"Limit Break","floor":52,"key":"SMITH"}],"neow_cost":"NONE","seed_source_timestamp":1270067490313584,"circlet_count":0,"master_deck":["Strike_R","Strike_R","Strike_R+1","Strike_R","Defend_R","Defend_R","Defend_R","Defend_R","Bash","Whirlwind","Clothesline+1","Double Tap","Ghostly Armor","Iron Wave","Shrug It Off","Armaments","True Grit","Immolate","Demon Form","Pummel+1","Reaper","Anger+1","Shockwave","Battle Trance+1","Headbutt+1","Limit Break+1","Flame Barrier","Armaments+1","Impervious","Madness","Madness","Pummel+1","Dual Wield","Ghostly Armor+1","Offering"],"relics":["Burning Blood","NeowsBlessing","Question Card","Strawberry","Bronze Scales","Ectoplasm","Chemical X","Tiny Chest","Meat on the Bone","StoneCalendar","White Beast Statue","Vajra","Dead Branch","Kunai","Prayer Wheel","Regal Pillow","Red Mask","Whetstone"],"potions_floor_usage":[6,6,8,14,16,16,23,24,28,31,33,39,42,42,47,50,54,55],"damage_taken":[{"damage":0,"enemies":"Cultist","floor":1,"turns":1},{"damage":0,"enemies":"Jaw Worm","floor":2,"turns":1},{"damage":0,"enemies":"Small Slimes","floor":3,"turns":1},{"damage":36,"enemies":"Exordium Thugs","floor":4,"turns":9},{"damage":34,"enemies":"Gremlin Nob","floor":6,"turns":5},{"damage":37,"enemies":"Gremlin Gang","floor":8,"turns":7},{"damage":5,"enemies":"Looter","floor":11,"turns":4},{"damage":7,"enemies":"Exordium Wildlife","floor":12,"turns":5},{"damage":26,"enemies":"Lagavulin","floor":14,"turns":8},{"damage":30,"enemies":"Hexaghost","floor":16,"turns":9},{"damage":15,"enemies":"Spheric Guardian","floor":18,"turns":4},{"damage":3,"enemies":"Shell Parasite","floor":21,"turns":5},{"damage":7,"enemies":"Chosen and Byrds","floor":22,"turns":4},{"damage":8,"enemies":"Slavers","floor":23,"turns":3},{"damage":8,"enemies":"3 Cultists","floor":24,"turns":4},{"damage":16,"enemies":"Snake Plant","floor":25,"turns":3},{"damage":0,"enemies":"Snecko","floor":27,"turns":5},{"damage":19,"enemies":"Shelled Parasite and Fungi","floor":28,"turns":6},{"damage":24,"enemies":"Gremlin Leader","floor":29,"turns":5},{"damage":26,"enemies":"Sentry and Sphere","floor":30,"turns":5},{"damage":0,"enemies":"Slavers","floor":31,"turns":1},{"damage":41,"enemies":"Collector","floor":33,"turns":11},{"damage":5,"enemies":"Orb Walker","floor":35,"turns":4},{"damage":15,"enemies":"3 Shapes","floor":37,"turns":5},{"damage":9,"enemies":"Mind Bloom Boss Battle","floor":39,"turns":8},{"damage":33,"enemies":"Nemesis","floor":40,"turns":5},{"damage":9,"enemies":"Reptomancer","floor":42,"turns":3},{"damage":35,"enemies":"Spire Growth","floor":44,"turns":4},{"damage":0,"enemies":"Jaw Worm Horde","floor":47,"turns":1},{"damage":68,"enemies":"Time Eater","floor":50,"turns":8},{"damage":53,"enemies":"Shield and Spear","floor":54,"turns":6},{"damage":92,"enemies":"The Heart","floor":55,"turns":5}],"seed_played":"1095805207066258964","potions_obtained":[{"floor":3,"key":"PowerPotion"},{"floor":4,"key":"Weak Potion"},{"floor":5,"key":"GamblersBrew"},{"floor":6,"key":"PowerPotion"},{"floor":12,"key":"Poison Potion"},{"floor":14,"key":"EssenceOfSteel"},{"floor":16,"key":"BloodPotion"},{"floor":22,"key":"EssenceOfSteel"},{"floor":23,"key":"AttackPotion"},{"floor":25,"key":"Dexterity Potion"},{"floor":29,"key":"SteroidPotion"},{"floor":35,"key":"GamblersBrew"},{"floor":37,"key":"SneckoOil"},{"floor":39,"key":"Fruit Juice"},{"floor":40,"key":"SteroidPotion"},{"floor":42,"key":"FairyPotion"},{"floor":44,"key":"SteroidPotion"},{"floor":47,"key":"AttackPotion"},{"floor":54,"key":"Dexterity Potion"}],"is_trial":false,"path_per_floor":["M","M","M","M","?","E","R","M","T","$","M","M","R","E","R","B",null,"M","?","$","M","M","E","M","M","T","M","M","E","M","E","R","B",null,"M","?","M","T","?","E","R","E","T","M","R","?","M","$","R","B",null,"R","$","E","B"],"character_chosen":"IRONCLAD","items_purchased":["Shrug It Off","Armaments","Chemical X"],"campfire_rested":6,"item_purchase_floors":[10,10,20],"current_hp_per_floor":[80,80,80,50,50,22,46,15,22,22,23,22,48,28,54,30,87,78,78,78,81,80,78,85,75,75,81,76,58,50,56,82,65,87,87,76,71,71,80,53,80,77,77,60,92,92,92,92,92,42,92,92,92,55,0],"gold":0,"neow_bonus":"THREE_ENEMY_KILL","is_prod":false,"is_daily":false,"chose_seed":false,"campfire_upgraded":1,"win_rate":0,"timestamp":1559241895,"path_taken":["M","M","?","?","?","E","R","?","T","$","M","M","R","E","R","BOSS","M","?","?","?","M","E","M","M","T","M","M","E","?","E","R","BOSS","M","?","M","?","?","E","R","E","T","M","R","?","M","$","R","BOSS","R","$","E","BOSS"],"build_version":"2019-01-23","purchased_purges":1,"victory":false,"max_hp_per_floor":[80,80,80,80,80,80,80,80,87,87,87,87,87,87,87,87,87,87,87,87,87,87,87,87,87,87,87,87,87,87,87,87,87,87,87,87,87,87,92,92,92,92,92,92,92,92,92,92,92,92,92,92,92,92,92],"card_choices":[{"not_picked":["Clash","Flex"],"picked":"Whirlwind","floor":1},{"not_picked":["Sword Boomerang","Twin Strike","Fire Breathing"],"picked":"SKIP","floor":2},{"not_picked":["Rampage","Second Wind"],"picked":"Clothesline","floor":3},{"not_picked":["Infernal Blade","Clash"],"picked":"Double Tap","floor":4},{"not_picked":["Exhume","Flex"],"picked":"Ghostly Armor","floor":6},{"not_picked":["Carnage","Havoc","Perfected Strike"],"picked":"Iron Wave","floor":8},{"not_picked":["Hemokinesis","Sword Boomerang","Exhume","Havoc"],"picked":"SKIP","floor":11},{"not_picked":["Heavy Blade","Clash","Warcry"],"picked":"True Grit","floor":12},{"not_picked":["Body Slam","Headbutt","Thunderclap"],"picked":"Immolate","floor":14},{"not_picked":["Exhume","Barricade","Berserk"],"picked":"Demon Form","floor":16},{"not_picked":["Body Slam","Entrench","Disarm"],"picked":"Pummel+1","floor":18},{"not_picked":["Rampage","True Grit","Perfected Strike","Infernal Blade"],"picked":"SKIP","floor":21},{"not_picked":["Heavy Blade+1","Metallicize+1","Thunderclap+1"],"picked":"Anger+1","floor":22},{"not_picked":["Sword Boomerang","Wild Strike+1","Armaments","Warcry"],"picked":"SKIP","floor":23},{"not_picked":["Warcry","Perfected Strike","Evolve"],"picked":"Shockwave","floor":24},{"not_picked":["Heavy Blade","Disarm+1","Twin Strike"],"picked":"Battle Trance+1","floor":25},{"not_picked":["Body Slam","Flex+1","Flame Barrier"],"picked":"Headbutt+1","floor":27},{"not_picked":["Whirlwind","Anger","Shockwave","Clash"],"picked":"SKIP","floor":28},{"not_picked":["True Grit","Carnage+1","Clash"],"picked":"Limit Break","floor":29},{"not_picked":["Sever Soul","Clothesline","True Grit"],"picked":"Flame Barrier","floor":30},{"not_picked":["Berserk","Bludgeon","Dark Embrace"],"picked":"Armaments+1","floor":31},{"not_picked":["Brutality","Berserk","Demon Form"],"picked":"Impervious","floor":33},{"not_picked":["Cleave","Heavy Blade","Battle Trance+1","Intimidate+1"],"picked":"SKIP","floor":35},{"not_picked":["Thunderclap","Metallicize","Clash+1","Pommel Strike"],"picked":"SKIP","floor":37},{"not_picked":["Havoc+1","Ghostly Armor","Rampage","Second Wind+1"],"picked":"SKIP","floor":40},{"not_picked":["Pommel Strike+1","Thunderclap","Bludgeon","Body Slam+1"],"picked":"SKIP","floor":42},{"not_picked":["Clash","Pommel Strike+1","Thunderclap+1"],"picked":"Pummel+1","floor":44},{"not_picked":["Sever Soul+1","Sword Boomerang+1","Twin Strike+1"],"picked":"Dual Wield","floor":44},{"not_picked":["Spot Weakness+1","Uppercut+1","Thunderclap+1"],"picked":"Ghostly Armor+1","floor":47},{"not_picked":["Headbutt+1","Cleave+1","Twin Strike+1"],"picked":"Offering","floor":47},{"not_picked":["Anger","Feed","Power Through+1","Armaments+1"],"picked":"SKIP","floor":54}],"player_experience":66700,"relics_obtained":[{"floor":6,"key":"Question Card"},{"floor":9,"key":"Strawberry"},{"floor":14,"key":"Bronze Scales"},{"floor":23,"key":"Tiny Chest"},{"floor":29,"key":"Meat on the Bone"},{"floor":31,"key":"StoneCalendar"},{"floor":38,"key":"Vajra"},{"floor":39,"key":"Dead Branch"},{"floor":40,"key":"Kunai"},{"floor":42,"key":"Prayer Wheel"},{"floor":43,"key":"Regal Pillow"},{"floor":54,"key":"Whetstone"}],"event_choices":[{"damage_healed":0,"gold_gain":0,"player_choice":"Got Potions","damage_taken":0,"max_hp_gain":0,"max_hp_loss":0,"event_name":"Lab","floor":5,"gold_loss":0},{"damage_healed":0,"gold_gain":0,"player_choice":"1 cards matched","damage_taken":0,"max_hp_gain":0,"max_hp_loss":0,"event_name":"Match and Keep!","floor":19,"gold_loss":0,"cards_obtained":["Reaper"]},{"damage_healed":0,"gold_gain":0,"player_choice":"Embrace Madness","damage_taken":11,"max_hp_gain":0,"max_hp_loss":0,"event_name":"Winding Halls","floor":36,"gold_loss":0,"cards_obtained":["Madness","Madness"]},{"damage_healed":0,"gold_gain":0,"player_choice":"Fight","damage_taken":0,"max_hp_gain":0,"max_hp_loss":0,"event_name":"MindBloom","floor":39,"gold_loss":0},{"damage_healed":0,"gold_gain":0,"player_choice":"Paid","damage_taken":0,"relics_obtained":["Red Mask"],"max_hp_gain":0,"max_hp_loss":0,"event_name":"Tomb of Lord Red Mask","floor":46,"gold_loss":18}],"is_beta":false,"boss_relics":[{"not_picked":["Empty Cage","Black Star"],"picked":"Ectoplasm"},{"not_picked":["Orrery","Velvet Choker"],"picked":"White Beast Statue"}],"items_purged_floors":[10],"is_endless":false,"potions_floor_spawned":[3,4,6,12,14,16,22,23,25,29,35,37,39,40,42,44,47,54],"killed_by":"The Heart","ascension_level":0}