{"gold_per_floor":[115,115,40,40,54,84,98,98,151,151,212,542,557,574,574,651,651,661,761,774,43,43,43,73,87,87,87,104,104,133,133,133,133],"floor_reached":33,"playtime":2797,"items_purged":["Defend_G","Strike_G"],"score":636,"play_id":"064671a4-f498-4c9c-b3c8-015b508aedd6","local_time":"20190202161837","is_ascension_mode":true,"campfire_choices":[{"data":"Poisoned Stab","floor":8.0,"key":"SMITH"},{"data":"Backflip","floor":10.0,"key":"SMITH"},{"data":"Crippling Poison","floor":15.0,"key":"SMITH"},{"floor":23.0,"key":"REST"},{"floor":27.0,"key":"REST"},{"floor":32.0,"key":"REST"}],"neow_cost":"NONE","seed_source_timestamp":47088475391068,"circlet_count":0,"master_deck":["AscendersBane","Defend_G","Defend_G","Defend_G","Defend_G","Strike_G","Strike_G","Strike_G","Strike_G","Survivor","Neutralize+1","Poisoned Stab+1","Backstab","Leg Sweep","Backflip+1","Poisoned Stab","Quick Slash","Crippling Poison+1","Backflip","Malaise","Bane+1","Noxious Fumes","Blade Dance+1","Apotheosis","Footwork","PiercingWail","All Out Attack","Blade Dance+1","Malaise","Ghostly","Ghostly","Ghostly","Terror"],"special_seed":0,"relics":["White Beast Statue","Art of War","Vajra","Ninja Scroll","Old Coin","Fusion Hammer","Nunchaku","Pear","Lantern","Juzu Bracelet","Boot","Orichalcum","Question Card"],"potions_floor_usage":[33,33],"damage_taken":[{"damage":3.0,"enemies":"2 Louse","floor":1.0,"turns":3.0},{"damage":2.0,"enemies":"Jaw Worm","floor":5.0,"turns":4.0},{"damage":24.0,"enemies":"Gremlin Nob","floor":6.0,"turns":4.0},{"damage":1.0,"enemies":"Small Slimes","floor":7.0,"turns":3.0},{"damage":19.0,"enemies":"Lagavulin Event","floor":11.0,"turns":6.0},{"damage":5.0,"enemies":"Lagavulin","floor":12.0,"turns":5.0},{"damage":1.0,"enemies":"Exordium Wildlife","floor":13.0,"turns":3.0},{"damage":0.0,"enemies":"Blue Slaver","floor":14.0,"turns":2.0},{"damage":4.0,"enemies":"Hexaghost","floor":16.0,"turns":8.0},{"damage":1.0,"enemies":"Shell Parasite","floor":18.0,"turns":5.0},{"damage":4.0,"enemies":"Colosseum Slavers","floor":19.0,"turns":5.0},{"damage":33.0,"enemies":"Colosseum Nobs","floor":19.0,"turns":5.0},{"damage":4.0,"enemies":"3 Byrds","floor":20.0,"turns":4.0},{"damage":28.0,"enemies":"Gremlin Leader","floor":24.0,"turns":6.0},{"damage":6.0,"enemies":"Centurion and Healer","floor":25.0,"turns":4.0},{"damage":1.0,"enemies":"Snake Plant","floor":28.0,"turns":5.0},{"damage":0.0,"enemies":"Slavers","floor":30.0,"turns":5.0},{"damage":41,"enemies":"Collector","floor":33,"turns":9}],"seed_played":"-5993104394187251761","potions_obtained":[{"floor":1.0,"key":"LiquidBronze"},{"floor":5.0,"key":"Weak Potion"},{"floor":6.0,"key":"Poison Potion"},{"floor":7.0,"key":"Fire Potion"},{"floor":11.0,"key":"Block Potion"},{"floor":12.0,"key":"SkillPotion"},{"floor":13.0,"key":"Poison Potion"},{"floor":16.0,"key":"Ancient Potion"},{"floor":18.0,"key":"SkillPotion"},{"floor":19.0,"key":"Weak Potion"},{"floor":20.0,"key":"GamblersBrew"},{"floor":24.0,"key":"FearPotion"},{"floor":25.0,"key":"Dexterity Potion"},{"floor":28.0,"key":"Fire Potion"},{"floor":30.0,"key":"Dexterity Potion"}],"is_trial":false,"path_per_floor":["M","?","$","?","M","E","M","R","T","R","?","E","M","M","R","B",null,"M","?","M","$","?","R","E","M","T","R","M","?","E","?","R","B"],"character_chosen":"THE_SILENT","items_purchased":["Apotheosis","Footwork","Lantern","Juzu Bracelet","PiercingWail"],"campfire_rested":3,"item_purchase_floors":[21,21,21,21,21],"current_hp_per_floor":[56,56,56,61,59,35,34,34,34,34,15,10,9,9,9,5,55,54,27,23,23,23,47,19,13,13,37,36,36,36,36,40,0],"gold":133,"neow_bonus":"BOSS_RELIC","is_prod":false,"is_daily":false,"chose_seed":false,"campfire_upgraded":3,"win_rate":0,"timestamp":1549153117,"path_taken":["M","?","?","?","M","E","M","R","T","R","?","E","M","M","R","BOSS","M","?","M","$","?","R","E","M","T","R","M","?","E","?","R","BOSS"],"build_version":"2019-01-23","purchased_purges":2,"victory":false,"max_hp_per_floor":[66,66,66,71,71,71,71,71,71,71,71,71,71,71,71,71,71,71,81,81,81,81,81,81,81,81,81,81,40,40,40,40,40],"card_choices":[{"not_picked":["Blade Dance","PiercingWail"],"picked":"Poisoned Stab","floor":1.0},{"not_picked":["Acrobatics","Well Laid Plans"],"picked":"Backstab","floor":5.0},{"not_picked":["Die Die Die","Flechettes"],"picked":"Leg Sweep","floor":6.0},{"not_picked":["Finisher","Skewer"],"picked":"Backflip","floor":7.0},{"not_picked":["Setup","Blade Dance"],"picked":"Poisoned Stab","floor":11.0},{"not_picked":["Prepared","Dodge and Roll"],"picked":"Quick Slash","floor":12.0},{"not_picked":["Outmaneuver","Blade Dance"],"picked":"Crippling Poison","floor":13.0},{"not_picked":["Tactician","Endless Agony"],"picked":"Backflip","floor":14.0},{"not_picked":["Corpse Explosion","Burst"],"picked":"Malaise","floor":16.0},{"not_picked":["Outmaneuver+1","Dash"],"picked":"Bane+1","floor":18.0},{"not_picked":["Slice","Bane"],"picked":"Noxious Fumes","floor":19.0},{"not_picked":["Quick Slash","Dagger Throw"],"picked":"Blade Dance+1","floor":20.0},{"not_picked":["Dagger Throw","Skewer"],"picked":"All Out Attack","floor":24.0},{"not_picked":["Acrobatics","Underhanded Strike"],"picked":"Blade Dance+1","floor":25.0},{"not_picked":["Prepared","Calculated Gamble+1"],"picked":"Malaise","floor":28.0},{"not_picked":["Cloak And Dagger","Finisher"],"picked":"Terror","floor":30.0}],"player_experience":1104907,"relics_obtained":[{"floor":6.0,"key":"Art of War"},{"floor":9.0,"key":"Vajra"},{"floor":11.0,"key":"Ninja Scroll"},{"floor":12.0,"key":"Old Coin"},{"floor":19.0,"key":"Nunchaku"},{"floor":19.0,"key":"Pear"},{"floor":24.0,"key":"Boot"},{"floor":26.0,"key":"Orichalcum"},{"floor":30.0,"key":"Question Card"}],"event_choices":[{"damage_healed":0.0,"max_hp_gain":0.0,"max_hp_loss":0.0,"gold_gain":0.0,"event_name":"Living Wall","player_choice":"Grow","floor":2.0,"gold_loss":0.0,"damage_taken":0.0,"cards_upgraded":["Neutralize"]},{"damage_healed":0.0,"max_hp_gain":5.0,"max_hp_loss":0.0,"gold_gain":0.0,"event_name":"Big Fish","player_choice":"Donut","floor":4.0,"gold_loss":0.0,"damage_taken":0.0},{"damage_healed":0.0,"max_hp_gain":0.0,"max_hp_loss":0.0,"gold_gain":30.0,"event_name":"Dead Adventurer","player_choice":"Searched \u00273\u0027 times","floor":11.0,"gold_loss":0.0,"damage_taken":0.0},{"damage_healed":0.0,"max_hp_gain":0.0,"max_hp_loss":0.0,"gold_gain":0.0,"event_name":"Colosseum","player_choice":"Fight","floor":19.0,"gold_loss":0.0,"damage_taken":0.0},{"damage_healed":0.0,"max_hp_gain":0.0,"max_hp_loss":0.0,"gold_gain":0.0,"event_name":"Colosseum","player_choice":"Fought Nobs","floor":19.0,"gold_loss":0.0,"damage_taken":0.0},{"damage_healed":0.0,"max_hp_gain":0.0,"max_hp_loss":0.0,"gold_gain":0.0,"event_name":"Cursed Tome","player_choice":"Ignored","floor":22.0,"gold_loss":0.0,"damage_taken":0.0},{"damage_healed":0.0,"max_hp_gain":0.0,"max_hp_loss":41.0,"gold_gain":0.0,"event_name":"Ghosts","player_choice":"Became a Ghost","floor":29.0,"gold_loss":0.0,"damage_taken":0.0,"cards_obtained":["Ghostly","Ghostly","Ghostly"]},{"damage_healed":0.0,"max_hp_gain":0.0,"max_hp_loss":0.0,"gold_gain":0.0,"event_name":"The Mausoleum","player_choice":"Ignored","floor":31.0,"gold_loss":0.0,"damage_taken":0.0}],"is_beta":true,"boss_relics":[{"not_picked":["WristBlade","Astrolabe"],"picked":"Fusion Hammer"}],"items_purged_floors":[3,21],"is_endless":false,"potions_floor_spawned":[1,5,6,7,11,12,13,14,16,18,19,19,20,24,25,28,30],"killed_by":"Collector","ascension_level":20}