{"gold_per_floor":[116,116,126,126,47,47,6,281,305,305,317,336,336,363,363,363],"floor_reached":16,"playtime":271,"items_purged":[],"score":196,"play_id":"680d99f7-b8fb-4548-9829-60b18dac293e","local_time":"20190319172507","is_ascension_mode":true,"campfire_choices":[{"data":"Neutralize","floor":6,"key":"SMITH"},{"data":"Footwork","floor":10,"key":"SMITH"},{"data":"All Out Attack","floor":13,"key":"SMITH"},{"data":"Dash","floor":15,"key":"SMITH"}],"neow_cost":"NONE","seed_source_timestamp":24489087097464,"circlet_count":0,"master_deck":["AscendersBane","Defend_G","Defend_G","Defend_G","Strike_G","Strike_G","Strike_G","Strike_G","Survivor","Neutralize+1","Dash+1","Dagger Spray","Footwork+1","All Out Attack+1","Regret","Deflect","Flying Knee","Adrenaline"],"relics":["Empty Cage","Oddly Smooth Stone","Strawberry","Bronze Scales"],"potions_floor_usage":[14,16],"damage_taken":[{"damage":2,"enemies":"Jaw Worm","floor":1,"turns":6},{"damage":0,"enemies":"2 Louse","floor":3,"turns":3},{"damage":3,"enemies":"Cultist","floor":11,"turns":4},{"damage":5,"enemies":"Exordium Wildlife","floor":12,"turns":5},{"damage":36,"enemies":"Gremlin Nob","floor":14,"turns":5},{"damage":0,"enemies":"Slime Boss","floor":16,"turns":3}],"seed_played":"4368439956762593978","potions_obtained":[{"floor":1,"key":"Dexterity Potion"},{"floor":12,"key":"Regen Potion"}],"is_trial":false,"path_per_floor":["M","?","M","?","$","R","$","?","T","R","M","M","R","E","R","B"],"character_chosen":"THE_SILENT","items_purchased":["Footwork","All Out Attack"],"campfire_rested":0,"item_purchase_floors":[5,7],"current_hp_per_floor":[57,50,50,39,39,39,39,39,46,46,43,38,38,16,16,16],"gold":363,"neow_bonus":"BOSS_RELIC","is_prod":false,"is_daily":false,"chose_seed":false,"campfire_upgraded":4,"win_rate":0,"timestamp":1553041507,"path_taken":["M","?","M","?","$","R","$","?","T","R","?","M","R","E","R","BOSS"],"build_version":"2019-03-15","purchased_purges":0,"victory":false,"max_hp_per_floor":[66,66,66,66,66,66,66,66,73,73,73,73,73,73,73,73],"card_choices":[{"not_picked":["Bane","Escape Plan"],"picked":"Dash","floor":1},{"not_picked":["Quick Slash","Blur"],"picked":"Dagger Spray","floor":3},{"not_picked":["Heel Hook","Dagger Spray"],"picked":"Deflect","floor":11},{"not_picked":["Deflect","Deadly Poison"],"picked":"Flying Knee","floor":12},{"not_picked":["Wraith Form v2","Acrobatics"],"picked":"Adrenaline","floor":14}],"player_experience":1323836,"relics_obtained":[{"floor":9,"key":"Strawberry"},{"floor":14,"key":"Bronze Scales"}],"event_choices":[{"cards_removed":["Defend_G"],"damage_healed":0,"gold_gain":0,"player_choice":"Card Removal","damage_taken":7,"max_hp_gain":0,"max_hp_loss":0,"event_name":"Golden Wing","floor":2,"gold_loss":0},{"damage_healed":0,"gold_gain":0,"player_choice":"Success","damage_taken":11,"relics_obtained":["Oddly Smooth Stone"],"max_hp_gain":0,"max_hp_loss":0,"event_name":"Scrap Ooze","floor":4,"gold_loss":0},{"damage_healed":0,"gold_gain":275,"player_choice":"Desecrate","damage_taken":0,"max_hp_gain":0,"max_hp_loss":0,"event_name":"Golden Shrine","floor":8,"gold_loss":0,"cards_obtained":["Regret"]}],"is_beta":true,"boss_relics":[],"items_purged_floors":[],"is_endless":false,"potions_floor_spawned":[1,12],"killed_by":"Slime Boss","ascension_level":20}