{"gold_per_floor":[218,229,8,8,28,28,58,58,81,81,110,142,174,215,227,338,350,381,393,405,417,92,121,136,153,179,2,14,46,46,64,64,164,164,179,192,209,229,239,303,303,303,330,350,97,109,37,62,62,62,62,62,13,39,39],"floor_reached":55,"playtime":4345,"items_purged":["Pain","Strike_G","Defend_G"],"score":1352,"play_id":"8cd2c75d-71d3-4417-8627-9e92f4c608f6","local_time":"20190823171258","is_ascension_mode":true,"campfire_choices":[{"data":"Neutralize","floor":6.0,"key":"SMITH"},{"data":"Glass Knife","floor":8.0,"key":"SMITH"},{"floor":10.0,"key":"REST"},{"data":"Bouncing Flask","floor":15.0,"key":"SMITH"},{"data":"Night Terror","floor":30.0,"key":"SMITH"},{"data":"Catalyst","floor":32.0,"key":"SMITH"},{"floor":42.0,"key":"RECALL"},{"data":"Night Terror","floor":49.0,"key":"SMITH"},{"data":"Footwork","floor":52.0,"key":"SMITH"}],"neow_cost":"NONE","seed_source_timestamp":0,"circlet_count":0,"master_deck":["AscendersBane","Defend_G","Defend_G","Defend_G+1","Defend_G","Survivor","Neutralize+1","Poisoned Stab","Flying Knee","Backstab","Glass Knife+1","Bouncing Flask+1","Deflect","Poisoned Stab","Night Terror+1","Die Die Die","Predator+1","Escape Plan+1","Well Laid Plans+1","PiercingWail+1","Catalyst+1","Noxious Fumes","All Out Attack","Flying Knee","PiercingWail+1","Dagger Spray","Deadly Poison","Setup+1","Dodge and Roll","Deadly Poison+1","Noxious Fumes+1","Blur","Night Terror+1","Backflip","Footwork+1","Blur","Blur+1"],"special_seed":0,"relics":["Ring of the Snake","Blood Vial","Lantern","Vajra","MawBank","Happy Flower","Astrolabe","MutagenicStrength","WarpedTongs","Centennial Puzzle","Ornamental Fan","War Paint","Meat on the Bone","Coffee Dripper","Tiny Chest","Pear","Dead Branch","Paper Crane"],"potions_floor_usage":[55],"damage_taken":[{"damage":6.0,"enemies":"Jaw Worm","floor":1.0,"turns":5.0},{"damage":1.0,"enemies":"2 Louse","floor":2.0,"turns":2.0},{"damage":1.0,"enemies":"Cultist","floor":5.0,"turns":4.0},{"damage":37.0,"enemies":"Lagavulin","floor":7.0,"turns":8.0},{"damage":13.0,"enemies":"3 Sentries","floor":11.0,"turns":7.0},{"damage":0.0,"enemies":"Blue Slaver","floor":12.0,"turns":2.0},{"damage":1.0,"enemies":"Red Slaver","floor":13.0,"turns":4.0},{"damage":6.0,"enemies":"Lagavulin","floor":14.0,"turns":4.0},{"damage":16.0,"enemies":"The Guardian","floor":16.0,"turns":8.0},{"damage":0.0,"enemies":"Chosen","floor":18.0,"turns":3.0},{"damage":3.0,"enemies":"Slavers","floor":23.0,"turns":4.0},{"damage":4.0,"enemies":"3 Byrds","floor":24.0,"turns":4.0},{"damage":1.0,"enemies":"Cultist and Chosen","floor":25.0,"turns":4.0},{"damage":0.0,"enemies":"Shelled Parasite and Fungi","floor":28.0,"turns":2.0},{"damage":19.0,"enemies":"Gremlin Leader","floor":29.0,"turns":5.0},{"damage":0.0,"enemies":"Sentry and Sphere","floor":31.0,"turns":3.0},{"damage":0.0,"enemies":"Collector","floor":33.0,"turns":2.0},{"damage":17.0,"enemies":"3 Darklings","floor":35.0,"turns":5.0},{"damage":0.0,"enemies":"Orb Walker","floor":36.0,"turns":2.0},{"damage":8.0,"enemies":"Transient","floor":37.0,"turns":5.0},{"damage":0.0,"enemies":"3 Darklings","floor":38.0,"turns":3.0},{"damage":28.0,"enemies":"Spire Growth","floor":39.0,"turns":4.0},{"damage":13.0,"enemies":"Nemesis","floor":40.0,"turns":5.0},{"damage":0.0,"enemies":"Sphere and 2 Shapes","floor":44.0,"turns":4.0},{"damage":8.0,"enemies":"Transient","floor":46.0,"turns":5.0},{"damage":3.0,"enemies":"Reptomancer","floor":48.0,"turns":5.0},{"damage":13.0,"enemies":"Time Eater","floor":50.0,"turns":6.0},{"damage":24,"enemies":"Shield and Spear","floor":54,"turns":5},{"damage":58,"enemies":"The Heart","floor":55,"turns":3}],"seed_played":"-6482530771808737122","potions_obtained":[{"floor":7.0,"key":"Regen Potion"},{"floor":11.0,"key":"SpeedPotion"},{"floor":16.0,"key":"Swift Potion"},{"floor":18.0,"key":"Strength Potion"},{"floor":24.0,"key":"SpeedPotion"},{"floor":25.0,"key":"SteroidPotion"},{"floor":31.0,"key":"Dexterity Potion"},{"floor":35.0,"key":"Dexterity Potion"},{"floor":39.0,"key":"Strength Potion"},{"floor":40.0,"key":"Explosive Potion"},{"floor":46.0,"key":"GhostInAJar"}],"is_trial":false,"path_per_floor":["M","M","$","?","M","R","E","R","T","R","E","M","M","E","R","B",null,"M","?","?","?","$","E","M","M","T","$","M","E","R","M","R","B",null,"M","M","M","M","M","E","?","R","T","M","$","M","?","E","R","B",null,"R","$","E","B"],"character_chosen":"THE_SILENT","items_purchased":["Blood Vial","Well Laid Plans","Noxious Fumes","All Out Attack","Centennial Puzzle","Dagger Spray","Deadly Poison","Footwork","AttackPotion","Energy Potion"],"campfire_rested":1,"item_purchase_floors":[3,3,22,22,22,27,27,45,45,53],"current_hp_per_floor":[57,56,56,49,50,50,15,15,15,36,40,42,43,39,39,25,59,61,61,61,61,61,60,58,59,59,59,61,44,44,46,46,48,65,50,52,46,48,34,35,70,70,70,70,70,62,72,71,71,60,75,75,75,53,0],"gold":39,"neow_bonus":"HUNDRED_GOLD","is_prod":false,"is_daily":false,"chose_seed":false,"campfire_upgraded":7,"win_rate":0,"timestamp":1566605578,"path_taken":["M","M","$","?","M","R","E","R","T","R","E","M","M","E","R","BOSS","M","?","?","?","$","E","M","M","T","$","M","E","R","M","R","BOSS","M","?","M","M","M","E","?","R","T","M","$","?","?","E","R","BOSS","R","$","E","BOSS"],"build_version":"2019-07-17","purchased_purges":3,"victory":false,"max_hp_per_floor":[70,70,70,70,70,70,70,70,70,70,70,70,70,70,70,70,70,70,70,70,70,70,70,70,70,70,70,70,70,70,70,70,70,70,70,70,70,70,70,70,70,70,70,70,70,70,80,80,80,80,80,80,80,80,80],"card_choices":[{"not_picked":["Dagger Spray","Terror"],"picked":"Poisoned Stab","floor":1.0},{"not_picked":["Underhanded Strike","Acrobatics"],"picked":"Flying Knee","floor":2.0},{"not_picked":["Catalyst","Choke"],"picked":"Backstab","floor":5.0},{"not_picked":["Backflip","Finisher"],"picked":"Glass Knife","floor":7.0},{"not_picked":["Caltrops","Masterful Stab"],"picked":"Bouncing Flask","floor":11.0},{"not_picked":["Acrobatics","Prepared"],"picked":"Deflect","floor":12.0},{"not_picked":["Choke","Dagger Throw"],"picked":"Poisoned Stab","floor":13.0},{"not_picked":["Acrobatics","Underhanded Strike"],"picked":"Night Terror","floor":14.0},{"not_picked":["Grand Finale","Malaise"],"picked":"Die Die Die","floor":16.0},{"not_picked":["Accuracy","Leg Sweep"],"picked":"PiercingWail+1","floor":18.0},{"not_picked":["Outmaneuver","Skewer","Calculated Gamble"],"picked":"SKIP","floor":23.0},{"not_picked":["Deflect","Calculated Gamble"],"picked":"Flying Knee","floor":24.0},{"not_picked":["Blade Dance","Expertise"],"picked":"PiercingWail","floor":25.0},{"not_picked":["Endless Agony","Acrobatics"],"picked":"Setup+1","floor":28.0},{"not_picked":["Endless Agony","All Out Attack","A Thousand Cuts"],"picked":"SKIP","floor":29.0},{"not_picked":["Setup","Underhanded Strike"],"picked":"Dodge and Roll","floor":31.0},{"not_picked":["Dagger Spray+1","Dagger Throw+1"],"picked":"Deadly Poison+1","floor":35.0},{"not_picked":["Dagger Throw+1","Blade Dance"],"picked":"Noxious Fumes+1","floor":36.0},{"not_picked":["Deadly Poison","Poisoned Stab","Outmaneuver"],"picked":"SKIP","floor":37.0},{"not_picked":["Bouncing Flask","Poisoned Stab"],"picked":"Blur","floor":38.0},{"not_picked":["Blade Dance","Prepared","Sucker Punch"],"picked":"SKIP","floor":39.0},{"not_picked":["Acrobatics+1","A Thousand Cuts"],"picked":"Night Terror","floor":40.0},{"not_picked":["Cloak And Dagger","Outmaneuver+1"],"picked":"Backflip","floor":44.0},{"not_picked":["PiercingWail","Quick Slash"],"picked":"Blur","floor":46.0},{"not_picked":["Acrobatics","Deflect"],"picked":"Blur+1","floor":48.0},{"not_picked":["Noxious Fumes","Flechettes+1","Slice"],"picked":"SKIP","floor":54}],"player_experience":689882,"relics_obtained":[{"floor":7.0,"key":"Lantern"},{"floor":9.0,"key":"Vajra"},{"floor":11.0,"key":"MawBank"},{"floor":14.0,"key":"Happy Flower"},{"floor":23.0,"key":"Ornamental Fan"},{"floor":26.0,"key":"War Paint"},{"floor":29.0,"key":"Meat on the Bone"},{"floor":40.0,"key":"Tiny Chest"},{"floor":48.0,"key":"Dead Branch"},{"floor":54,"key":"Paper Crane"}],"event_choices":[{"cards_removed":["Strike_G"],"damage_healed":0.0,"max_hp_gain":0.0,"max_hp_loss":0.0,"gold_gain":0.0,"event_name":"Golden Wing","player_choice":"Card Removal","floor":4.0,"gold_loss":0.0,"damage_taken":7.0},{"damage_healed":0.0,"max_hp_gain":0.0,"max_hp_loss":0.0,"gold_gain":0.0,"event_name":"Drug Dealer","player_choice":"Inject Mutagens","floor":19.0,"gold_loss":0.0,"damage_taken":0.0,"relics_obtained":["MutagenicStrength"]},{"damage_healed":0.0,"max_hp_gain":0.0,"max_hp_loss":0.0,"gold_gain":0.0,"event_name":"The Library","player_choice":"Read","floor":20.0,"gold_loss":0.0,"damage_taken":0.0,"cards_obtained":["Catalyst"]},{"damage_healed":0.0,"max_hp_gain":0.0,"max_hp_loss":0.0,"gold_gain":0.0,"event_name":"Accursed Blacksmith","player_choice":"Rummage","floor":21.0,"gold_loss":0.0,"damage_taken":0.0,"relics_obtained":["WarpedTongs"],"cards_obtained":["Pain"]},{"cards_removed":["Well Laid Plans"],"damage_healed":35.0,"max_hp_gain":0.0,"max_hp_loss":0.0,"gold_gain":0.0,"event_name":"Bonfire Elementals","player_choice":"Offered Uncommon","floor":41.0,"gold_loss":0.0,"damage_taken":0.0},{"damage_healed":0.0,"max_hp_gain":0.0,"max_hp_loss":0.0,"gold_gain":0.0,"event_name":"WeMeetAgain","player_choice":"Paid Gold","floor":47.0,"gold_loss":72.0,"damage_taken":0.0,"relics_obtained":["Pear"]}],"is_beta":false,"boss_relics":[{"not_picked":["Ectoplasm","Cursed Key"],"picked":"Astrolabe"},{"not_picked":["Orrery","Runic Dome"],"picked":"Coffee Dripper"}],"items_purged_floors":[22,27,45],"is_endless":false,"potions_floor_spawned":[7,11,16,18,24,25,31,35,39,40,46],"killed_by":"The Heart","ascension_level":12}