{"gold_per_floor":[111,111,127,47,47,76,76,105,105,105,136,136,136,3,3,104,104,120,45,45,58,73,91,91,103,103,103,134,22,48,62,62,160,160,180,180,196,196,208,208,234,58,58,70,86,86,99,111,111,111],"floor_reached":51,"playtime":5258,"items_purged":["Strike_B"],"score":781,"play_id":"df5e7891-b536-4aa7-a2be-24851f56dd6c","local_time":"20190828205526","is_ascension_mode":true,"campfire_choices":[{"data":"Storm","floor":7,"key":"SMITH"},{"data":"Storm","floor":10,"key":"SMITH"},{"floor":15,"key":"REST"},{"data":"Creative AI","floor":24,"key":"SMITH"},{"floor":32,"key":"REST"},{"data":"Amplify","floor":40,"key":"SMITH"},{"data":"Thunder Strike","floor":46,"key":"SMITH"},{"data":"Creative AI","floor":49,"key":"SMITH"}],"neow_cost":"NONE","seed_source_timestamp":955087275197600,"circlet_count":0,"master_deck":["Strike_B","Strike_B","Defend_B","Defend_B","Defend_B","Defend_B","Zap","Dualcast","Redo","Barrage","Storm+1","Static Discharge","Storm+1","Buffer+1","Self Repair","Self Repair","Ball Lightning","Creative AI+1","Sweeping Beam","Heatsinks+1","Thunder Strike+1","Creative AI+1","Static Discharge","Loop","Steam","Amplify+1","Glacier","Buffer+1"],"relics":["Cracked Core","NeowsBlessing","WarpedTongs","Regal Pillow","Ice Cream","The Courier","Pocketwatch","Turnip","Sozu","Centennial Puzzle","Sundial","Bag of Marbles","Busted Crown","Frozen Egg 2","Unceasing Top","Bag of Preparation"],"potions_floor_usage":[11],"damage_taken":[{"damage":0,"enemies":"Jaw Worm","floor":1,"turns":1},{"damage":0,"enemies":"Cultist","floor":3,"turns":1},{"damage":0,"enemies":"Gremlin Nob","floor":6,"turns":1},{"damage":24,"enemies":"Lagavulin","floor":8,"turns":5},{"damage":9,"enemies":"Gremlin Nob","floor":11,"turns":3},{"damage":8,"enemies":"The Guardian","floor":16,"turns":8},{"damage":12,"enemies":"Chosen","floor":18,"turns":4},{"damage":25,"enemies":"2 Thieves","floor":21,"turns":3},{"damage":14,"enemies":"Shelled Parasite and Fungi","floor":22,"turns":3},{"damage":16,"enemies":"3 Cultists","floor":23,"turns":4},{"damage":15,"enemies":"Centurion and Healer","floor":25,"turns":5},{"damage":33,"enemies":"Gremlin Leader","floor":28,"turns":4},{"damage":39,"enemies":"Book of Stabbing","floor":30,"turns":3},{"damage":14,"enemies":"Shelled Parasite and Fungi","floor":31,"turns":2},{"damage":25,"enemies":"Collector","floor":33,"turns":4},{"damage":31,"enemies":"3 Darklings","floor":35,"turns":3},{"damage":15,"enemies":"3 Shapes","floor":37,"turns":3},{"damage":0,"enemies":"Maw","floor":39,"turns":5},{"damage":36,"enemies":"Reptomancer","floor":41,"turns":4},{"damage":12,"enemies":"3 Darklings","floor":44,"turns":3},{"damage":0,"enemies":"Writhing Mass","floor":45,"turns":3},{"damage":0,"enemies":"Transient","floor":47,"turns":5},{"damage":16,"enemies":"4 Shapes","floor":48,"turns":3},{"damage":15,"enemies":"Time Eater","floor":50,"turns":5}],"seed_played":"9173175743658721108","potions_obtained":[{"floor":6,"key":"GamblersBrew"},{"floor":16,"key":"AttackPotion"}],"is_trial":false,"path_per_floor":["M","?","M","$","T","E","R","E","T","R","E","?","?","$","R","B",null,"M","?","?","M","M","M","R","M","T","?","E","$","E","M","R","B",null,"M","?","M","T","M","R","E","$","T","M","M","R","M","M","R","B",null],"character_chosen":"DEFECT","items_purchased":["Storm","Self Repair","Self Repair","Ball Lightning","Static Discharge","Loop","Bag of Preparation"],"campfire_rested":2,"item_purchase_floors":[4,14,14,14,29,29,42],"current_hp_per_floor":[75,75,75,75,75,75,75,51,51,51,42,35,35,35,72,75,75,75,75,75,67,70,68,68,67,67,75,56,56,31,17,54,46,75,58,58,60,60,75,75,59,59,59,47,61,61,75,73,73,58],"gold":111,"neow_bonus":"THREE_ENEMY_KILL","is_prod":false,"is_daily":false,"chose_seed":false,"campfire_upgraded":6,"win_rate":0,"timestamp":1567018526,"path_taken":["M","?","?","$","?","E","R","E","T","R","E","?","?","$","R","BOSS","M","?","?","M","M","?","R","M","T","?","E","?","E","M","R","BOSS","M","?","?","?","M","R","E","$","T","M","M","R","M","M","R","BOSS"],"build_version":"2019-07-17","purchased_purges":1,"victory":true,"max_hp_per_floor":[75,75,75,75,75,75,75,75,75,75,75,75,75,75,75,75,75,75,75,75,75,75,75,75,75,75,75,75,75,75,75,75,75,75,75,75,75,75,75,75,75,75,75,75,75,75,75,75,75,75],"card_choices":[{"not_picked":["Double Energy","Streamline"],"picked":"Redo","floor":1},{"not_picked":["Conserve Battery","Hologram"],"picked":"Barrage","floor":3},{"not_picked":["Redo","Barrage"],"picked":"Static Discharge","floor":6},{"not_picked":["Coolheaded","Steam"],"picked":"Storm","floor":8},{"not_picked":["Genetic Algorithm","Stack"],"picked":"Buffer","floor":11},{"not_picked":["Electrodynamics","Meteor Strike"],"picked":"Creative AI","floor":16},{"not_picked":["Doom and Gloom+1","Chill"],"picked":"Heatsinks","floor":18},{"not_picked":["Go for the Eyes","Steam"],"picked":"Sweeping Beam","floor":21},{"not_picked":["Compile Driver","Steam","Go for the Eyes"],"picked":"SKIP","floor":22},{"not_picked":["Genetic Algorithm+1","Sweeping Beam+1"],"picked":"Heatsinks+1","floor":23},{"not_picked":["Skim","Turbo"],"picked":"Thunder Strike","floor":25},{"not_picked":["Steam","Coolheaded+1"],"picked":"Creative AI","floor":28},{"not_picked":["Rebound","Leap","Turbo+1"],"picked":"SKIP","floor":30},{"not_picked":["Streamline","Turbo+1"],"picked":"Steam","floor":31},{"not_picked":["Electrodynamics","Biased Cognition"],"picked":"Amplify","floor":33},{"not_picked":[],"picked":"Glacier","floor":35},{"not_picked":["Hologram"],"picked":"SKIP","floor":37},{"not_picked":["Turbo"],"picked":"SKIP","floor":39},{"not_picked":["Sweeping Beam"],"picked":"SKIP","floor":41},{"not_picked":["Gash+1"],"picked":"SKIP","floor":44},{"not_picked":["Blizzard"],"picked":"SKIP","floor":45},{"not_picked":["Rip and Tear+1"],"picked":"SKIP","floor":47},{"not_picked":["Stack+1"],"picked":"SKIP","floor":48}],"player_experience":133054,"relics_obtained":[{"floor":5,"key":"Regal Pillow"},{"floor":6,"key":"Ice Cream"},{"floor":8,"key":"The Courier"},{"floor":9,"key":"Pocketwatch"},{"floor":11,"key":"Turnip"},{"floor":28,"key":"Sundial"},{"floor":30,"key":"Bag of Marbles"},{"floor":38,"key":"Frozen Egg 2"},{"floor":41,"key":"Unceasing Top"}],"event_choices":[{"damage_healed":0,"gold_gain":0,"player_choice":"Rummage","damage_taken":0,"relics_obtained":["WarpedTongs"],"max_hp_gain":0,"max_hp_loss":0,"event_name":"Accursed Blacksmith","floor":2,"gold_loss":0,"cards_obtained":["Pain"]},{"cards_removed":["Pain"],"damage_healed":0,"gold_gain":0,"player_choice":"Card Removal","damage_taken":7,"max_hp_gain":0,"max_hp_loss":0,"event_name":"Golden Wing","floor":12,"gold_loss":0},{"damage_healed":0,"gold_gain":0,"player_choice":"Grow","damage_taken":0,"max_hp_gain":0,"max_hp_loss":0,"event_name":"Living Wall","floor":13,"gold_loss":0,"cards_upgraded":["Buffer"]},{"cards_removed":["Strike_B"],"damage_healed":0,"gold_gain":0,"player_choice":"Gave Gold","damage_taken":0,"max_hp_gain":0,"max_hp_loss":0,"event_name":"Beggar","floor":19,"gold_loss":75},{"damage_healed":0,"gold_gain":0,"player_choice":"Gave Potion","damage_taken":0,"relics_obtained":["Centennial Puzzle"],"max_hp_gain":0,"max_hp_loss":0,"event_name":"WeMeetAgain","floor":20,"gold_loss":0},{"cards_removed":["Heatsinks"],"damage_healed":8,"gold_gain":0,"player_choice":"Offered Uncommon","damage_taken":0,"max_hp_gain":0,"max_hp_loss":0,"event_name":"Bonfire Elementals","floor":27,"gold_loss":0},{"damage_healed":0,"gold_gain":0,"player_choice":"Copied","damage_taken":0,"max_hp_gain":0,"max_hp_loss":0,"event_name":"Duplicator","floor":36,"gold_loss":0,"cards_obtained":["Buffer"]}],"is_beta":false,"boss_relics":[{"not_picked":["Eternal Feather","Nuclear Battery"],"picked":"Sozu"},{"not_picked":["Philosopher\u0027s Stone","Coffee Dripper"],"picked":"Busted Crown"}],"items_purged_floors":[42],"is_endless":false,"potions_floor_spawned":[6,16,25,28,30,41,47,48],"ascension_level":2}