{"gold_per_floor":[118,293,313,329,13,13,44,9,60,60,77,106,106,106],"floor_reached":14,"playtime":466,"items_purged":["Doubt"],"score":132,"play_id":"477fddf1-36de-4016-a78a-e8fcd5f46132","local_time":"20190817154624","is_ascension_mode":true,"campfire_choices":[{"data":"Rebound","floor":6,"key":"SMITH"}],"neow_cost":"NONE","seed_source_timestamp":154061417197600,"circlet_count":0,"master_deck":["AscendersBane","Strike_B","Strike_B","Strike_B","Strike_B","Defend_B","Defend_B+1","Defend_B","Defend_B","Zap+1","Dualcast","FTL","Rebound+1","Coolheaded","Blizzard","Core Surge","Storm","Flash of Steel","White Noise","Conserve Battery"],"relics":["Cracked Core","Pantograph","Bag of Preparation","War Paint","Odd Mushroom"],"potions_floor_usage":[12,14],"damage_taken":[{"damage":7,"enemies":"Jaw Worm","floor":1,"turns":4},{"damage":12,"enemies":"Small Slimes","floor":3,"turns":3},{"damage":8,"enemies":"2 Louse","floor":4,"turns":2},{"damage":35,"enemies":"Lagavulin","floor":7,"turns":7},{"damage":7,"enemies":"Gremlin Gang","floor":11,"turns":4},{"damage":7,"enemies":"The Mushroom Lair","floor":12,"turns":2},{"damage":11,"enemies":"Large Slime","floor":14,"turns":3}],"seed_played":"219360504574017540","potions_obtained":[{"floor":11,"key":"SteroidPotion"},{"floor":12,"key":"Energy Potion"}],"is_trial":false,"path_per_floor":["M","?","M","M","$","R","E","?","T","?","M","?","$","M"],"character_chosen":"DEFECT","items_purchased":["Pantograph"],"campfire_rested":0,"item_purchase_floors":[5],"current_hp_per_floor":[61,61,49,41,41,41,6,24,24,24,17,10,10,0],"gold":106,"neow_bonus":"THREE_CARDS","is_prod":false,"is_daily":false,"chose_seed":false,"campfire_upgraded":1,"win_rate":0,"timestamp":1566024384,"path_taken":["M","?","M","M","$","R","E","?","T","?","?","?","$","M"],"build_version":"2019-07-17","purchased_purges":1,"victory":false,"max_hp_per_floor":[75,75,75,75,75,75,75,75,75,75,75,75,75,75],"card_choices":[{"not_picked":["Stack","Turbo"],"picked":"FTL","floor":0},{"not_picked":["Gash","Steam"],"picked":"Rebound","floor":1},{"not_picked":["FTL","Hologram"],"picked":"Coolheaded","floor":3},{"not_picked":["Hologram","FTL"],"picked":"Blizzard","floor":4},{"not_picked":["Reinforced Body","Steam Power"],"picked":"Core Surge","floor":7},{"not_picked":["Barrage","Aggregate"],"picked":"White Noise","floor":11},{"not_picked":["Sweeping Beam","Beam Cell"],"picked":"Conserve Battery","floor":12}],"player_experience":175601,"relics_obtained":[{"floor":7,"key":"Bag of Preparation"},{"floor":9,"key":"War Paint"},{"floor":12,"key":"Odd Mushroom"}],"event_choices":[{"damage_healed":0,"gold_gain":175,"player_choice":"AGREE","damage_taken":0,"max_hp_gain":0,"max_hp_loss":0,"event_name":"Liars Game","floor":2,"gold_loss":0,"cards_obtained":["Doubt"]},{"damage_healed":18,"gold_gain":0,"player_choice":"Healed","damage_taken":0,"max_hp_gain":0,"max_hp_loss":0,"event_name":"The Cleric","floor":8,"gold_loss":35},{"damage_healed":0,"gold_gain":0,"player_choice":"2 cards matched","damage_taken":0,"max_hp_gain":0,"max_hp_loss":0,"event_name":"Match and Keep!","floor":10,"gold_loss":0,"cards_obtained":["Storm","Flash of Steel"]},{"damage_healed":0,"gold_gain":0,"player_choice":"Fought Mushrooms","damage_taken":0,"max_hp_gain":0,"max_hp_loss":0,"event_name":"Mushrooms","floor":12,"gold_loss":0}],"is_beta":false,"boss_relics":[],"items_purged_floors":[5],"is_endless":false,"potions_floor_spawned":[11,12],"killed_by":"Large Slime","ascension_level":10}