{"gold_per_floor":[110,110,110,122,142,142,24,24,49,60,115,134,134,15,15,93,93,79,79,90,90,90],"floor_reached":22,"playtime":680,"items_purged":[],"score":305,"play_id":"c7fd25b5-1547-4c49-914d-3f367cc23ac1","local_time":"20180805124138","is_ascension_mode":true,"campfire_choices":[{"data":"Zap","floor":6.0,"key":"SMITH"},{"data":"Hello World","floor":8.0,"key":"SMITH"},{"data":"Defragment","floor":15.0,"key":"SMITH"}],"neow_cost":"NONE","seed_source_timestamp":679526314540600,"circlet_count":0,"master_deck":["Strike_B","Strike_B","Strike_B","Strike_B","Defend_B","Defend_B","Defend_B","Defend_B","Zap+1","Dualcast","AscendersBane","Defragment+1","Leap","Ball Lightning","Coolheaded","Hello World+1","Stack","Capacitor","Defragment+1","Hello World","Coolheaded","Amplify","Hologram","Stack","Doubt"],"special_seed":0,"relics":["Eternal Feather","Centennial Puzzle","Dream Catcher","Cursed Key","Shuriken"],"potions_floor_usage":[16],"damage_taken":[{"damage":11.0,"enemies":"Jaw Worm","floor":1.0,"turns":4.0},{"damage":10.0,"enemies":"Small Slimes","floor":4.0,"turns":3.0},{"damage":5.0,"enemies":"2 Louse","floor":5.0,"turns":4.0},{"damage":8.0,"enemies":"Gremlin Gang","floor":10.0,"turns":6.0},{"damage":14.0,"enemies":"Lagavulin Event","floor":11.0,"turns":6.0},{"damage":9.0,"enemies":"Blue Slaver","floor":12.0,"turns":4.0},{"damage":2,"enemies":"The Guardian","floor":16,"turns":9},{"damage":17,"enemies":"2 Thieves","floor":18,"turns":4},{"damage":9,"enemies":"Chosen","floor":20,"turns":6},{"damage":37,"floor":22,"turns":2}],"seed_played":"857065052505389569","potions_obtained":[{"floor":5.0,"key":"Dexterity Potion"},{"floor":12.0,"key":"Fire Potion"},{"floor":20,"key":"Fire Potion"}],"is_trial":false,"path_per_floor":["M","?","?","M","M","R","$","R","T","M","?","M","?","$","R","B",null,"M","?","M","T"],"character_chosen":"DEFECT","items_purchased":["Coolheaded","Hello World","Hello World","Coolheaded"],"campfire_rested":0,"item_purchase_floors":[7,7,14,14],"current_hp_per_floor":[53,53,53,43,38,44,44,53,53,45,31,22,22,22,34,32,61,44,44,35,35,0],"gold":90,"neow_bonus":"BOSS_RELIC","is_prod":false,"is_daily":false,"chose_seed":false,"campfire_upgraded":3,"win_rate":0,"timestamp":1533498098,"path_taken":["M","?","?","M","M","R","$","R","T","?","?","M","?","?","R","BOSS","M","?","?","?","?"],"build_version":"2018-08-01","purchased_purges":0,"victory":false,"max_hp_per_floor":[71,71,71,71,71,71,71,71,71,71,71,71,71,71,71,71,71,71,71,71,71,71],"card_choices":[{"not_picked":["Barrage","Capacitor"],"picked":"Defragment","floor":1.0},{"not_picked":["Beam Cell","Gash"],"picked":"Leap","floor":4.0},{"not_picked":["Thunder Strike","Stack"],"picked":"Ball Lightning","floor":5.0},{"not_picked":["Ball Lightning","Steam"],"picked":"Stack","floor":10.0},{"not_picked":["Gash","Rebound"],"picked":"Capacitor","floor":11.0},{"not_picked":["BootSequence","Cold Snap"],"picked":"Defragment","floor":12.0},{"not_picked":["Hyperbeam","Thunder Strike"],"picked":"Amplify","floor":16},{"not_picked":["Cold Snap","Scrape"],"picked":"Hologram","floor":18},{"not_picked":["Beam Cell","Leap"],"picked":"Stack","floor":20}],"player_experience":739485,"relics_obtained":[{"floor":9.0,"key":"Centennial Puzzle"},{"floor":11.0,"key":"Dream Catcher"},{"floor":21,"key":"Shuriken"}],"event_choices":[{"event_name":"Living Wall","player_choice":"Grow","floor":2.0,"damage_taken":0.0},{"event_name":"NoteForYourself","player_choice":"Took Card","floor":3.0,"damage_taken":0.0},{"event_name":"Dead Adventurer","player_choice":"Searched \u00272\u0027 times","floor":11.0,"damage_taken":0.0},{"event_name":"Golden Wing","player_choice":"Ignored","floor":13.0,"damage_taken":0.0},{"event_name":"Beggar","player_choice":"Ignored","floor":19,"damage_taken":0},{"event_name":"Masked Bandits","player_choice":"Fought over 90 gold","floor":22,"damage_taken":0}],"is_beta":true,"boss_relics":[{"not_picked":["Sozu","Runic Pyramid"],"picked":"Cursed Key"}],"items_purged_floors":[],"is_endless":false,"potions_floor_spawned":[5,12,20],"ascension_level":15}