{"gold_per_floor":[115,115,127,147,147,147,188,188,188,207,207],"floor_reached":11,"playtime":239,"items_purged":[],"score":146,"play_id":"526e0b33-d6f4-49c1-898a-99948731ab8c","local_time":"20190425173602","is_ascension_mode":true,"campfire_choices":[{"data":"Perfected Strike","floor":6,"key":"SMITH"},{"data":"Bash","floor":8,"key":"SMITH"}],"neow_cost":"NONE","seed_source_timestamp":56400597701510,"circlet_count":0,"master_deck":["AscendersBane","Strike_R","Strike_R","Strike_R","Strike_R","Strike_R","Defend_R","Defend_R","Defend_R","Defend_R","Bash+1","Perfected Strike+1","Shrug It Off","Wild Strike","Headbutt","Disarm"],"relics":["Velvet Choker","Golden Idol","Dodecahedron","Matryoshka"],"potions_floor_usage":[11],"damage_taken":[{"damage":7,"enemies":"Small Slimes","floor":1,"turns":4},{"damage":9,"enemies":"Jaw Worm","floor":3,"turns":4},{"damage":8,"enemies":"2 Louse","floor":4,"turns":2},{"damage":32,"enemies":"Gremlin Nob","floor":7,"turns":4},{"damage":0,"enemies":"Exordium Thugs","floor":10,"turns":3},{"damage":13,"enemies":"Lagavulin","floor":11,"turns":3}],"seed_played":"-5841919545841525775","potions_obtained":[{"floor":7,"key":"GamblersBrew"}],"is_trial":false,"path_per_floor":["M","?","M","M","?","R","E","R","T","M","E"],"character_chosen":"IRONCLAD","items_purchased":[],"campfire_rested":0,"item_purchase_floors":[],"current_hp_per_floor":[61,61,52,44,44,44,12,12,12,12,0],"gold":207,"neow_bonus":"BOSS_RELIC","is_prod":false,"is_daily":false,"chose_seed":false,"campfire_upgraded":2,"win_rate":0,"timestamp":1556238962,"path_taken":["M","?","M","M","?","R","E","R","T","M","E"],"build_version":"2019-04-23","purchased_purges":0,"victory":false,"max_hp_per_floor":[75,75,75,75,68,68,68,68,68,68,68],"card_choices":[{"not_picked":["Pommel Strike","Shrug It Off"],"picked":"Perfected Strike","floor":1},{"not_picked":["Warcry","Carnage"],"picked":"Shrug It Off","floor":3},{"not_picked":["Fire Breathing","Bloodletting"],"picked":"Wild Strike","floor":4},{"not_picked":["Twin Strike","Heavy Blade"],"picked":"Headbutt","floor":7},{"not_picked":["Headbutt","Spot Weakness"],"picked":"Disarm","floor":10}],"player_experience":1432387,"relics_obtained":[{"floor":7,"key":"Dodecahedron"},{"floor":9,"key":"Matryoshka"}],"event_choices":[{"damage_healed":0,"gold_gain":0,"player_choice":"Ignored","damage_taken":0,"max_hp_gain":0,"max_hp_loss":0,"event_name":"Liars Game","floor":2,"gold_loss":0},{"damage_healed":0,"gold_gain":0,"player_choice":"Lose Max HP","damage_taken":0,"relics_obtained":["Golden Idol"],"max_hp_gain":0,"max_hp_loss":7,"event_name":"Golden Idol","floor":5,"gold_loss":0}],"is_beta":true,"boss_relics":[],"items_purged_floors":[],"is_endless":false,"potions_floor_spawned":[7],"killed_by":"Lagavulin","ascension_level":20}