{"gold_per_floor":[111,186,26,43,43,43,75,75,75,88,99,115,115,115,115,208,208,233,256,256,280,15,15,29,29,29,29,44,44,44,63,63,63],"floor_reached":33,"playtime":793,"items_purged":["Strike_R"],"score":432,"play_id":"0eebc11c-892a-4d6e-844b-cd40bb23acdb","local_time":"20180705150845","daily_mods":["Binary"],"is_ascension_mode":true,"campfire_choices":[{"data":"Searing Blow","floor":6.0,"key":"SMITH"},{"data":"Searing Blow+1","floor":8.0,"key":"SMITH"},{"data":"Searing Blow+2","floor":13.0,"key":"SMITH"},{"data":"Searing Blow+3","floor":15.0,"key":"SMITH"},{"floor":23,"key":"REST"},{"data":"Searing Blow+4","floor":25,"key":"SMITH"},{"floor":30,"key":"REST"},{"floor":32,"key":"REST"}],"neow_cost":"","seed_source_timestamp":0,"circlet_count":0,"master_deck":["Strike_R","Strike_R","Strike_R","Strike_R","Defend_R","Defend_R","Defend_R","Bash","AscendersBane","Searing Blow+5","True Grit","Metallicize","Blood for Blood","Shrug It Off","Pommel Strike","Bandage Up"],"special_seed":0,"relics":["Burning Blood","Busted Crown","Omamori","Bottled Tornado","Bloody Idol","Mark of Pain","Dodecahedron"],"potions_floor_usage":[21,28,31],"damage_taken":[{"damage":3.0,"enemies":"2 Louse","floor":1.0,"turns":3.0},{"damage":6.0,"enemies":"Jaw Worm","floor":4.0,"turns":4.0},{"damage":17.0,"enemies":"Lagavulin","floor":7.0,"turns":6.0},{"damage":0.0,"enemies":"Cultist","floor":10.0,"turns":3.0},{"damage":8.0,"enemies":"Lots of Slimes","floor":11.0,"turns":5.0},{"damage":9.0,"enemies":"3 Louse","floor":12.0,"turns":4.0},{"damage":18.0,"enemies":"The Guardian","floor":16.0,"turns":8.0},{"damage":19,"enemies":"3 Byrds","floor":18,"turns":5},{"damage":10,"enemies":"2 Thieves","floor":19,"turns":4},{"damage":34,"enemies":"3 Cultists","floor":21,"turns":6},{"damage":23,"enemies":"Slaver and Parasite","floor":24,"turns":6},{"damage":24,"enemies":"Snake Plant","floor":28,"turns":4},{"damage":40,"enemies":"3 Cultists","floor":31,"turns":6},{"damage":42,"enemies":"Champ","floor":33,"turns":6}],"seed_played":"5027852510673417696","potions_obtained":[{"floor":1.0,"key":"Fruit Juice"},{"floor":10.0,"key":"Block Potion"},{"floor":11.0,"key":"BloodPotion"},{"floor":28,"key":"AttackPotion"}],"is_trial":true,"path_per_floor":["M","?","$","M","?","R","E","R","T","M","M","M","R","?","R","B",null,"M","M","?","M","$","R","M","R","T","$","M","?","R","M","R"],"character_chosen":"IRONCLAD","items_purchased":["Searing Blow","True Grit","Metallicize","Shrug It Off","Pommel Strike","Bandage Up"],"campfire_rested":3,"item_purchase_floors":[],"current_hp_per_floor":[71,60,60,60,60,60,54,54,54,60,58,55,55,55,55,43,65,52,48,48,20,20,41,28,28,28,28,21,21,42,17,38,0],"gold":63,"neow_bonus":"","is_prod":false,"is_daily":false,"chose_seed":false,"campfire_upgraded":5,"win_rate":0,"timestamp":1530828525,"path_taken":["M","?","$","M","?","R","E","R","T","M","M","M","R","?","R","BOSS","M","M","?","M","?","R","M","R","T","$","M","?","R","?","R","BOSS"],"build_version":"2018-07-03","purchased_purges":1,"victory":false,"max_hp_per_floor":[75,75,75,75,75,75,80,80,80,80,80,80,80,72,72,72,72,72,72,72,72,72,72,72,72,72,72,72,72,72,72,72,72],"card_choices":[],"player_experience":511782,"relics_obtained":[{"floor":7.0,"key":"Omamori"},{"floor":9.0,"key":"Bottled Tornado"},{"floor":26,"key":"Dodecahedron"}],"event_choices":[{"event_name":"World of Goop","player_choice":"Gather Gold","floor":2.0,"damage_taken":0.0},{"event_name":"Transmorgrifier","player_choice":"Transform","floor":5.0,"damage_taken":0.0},{"event_name":"Golden Idol","player_choice":"Lose Max HP","floor":14.0,"damage_taken":0.0},{"event_name":"Match and Keep!","player_choice":"0 cards matched","floor":20,"damage_taken":0},{"event_name":"Forgotten Altar","player_choice":"Gave Idol","floor":29,"damage_taken":0}],"boss_relics":[{"not_picked":["Coffee Dripper","Tiny House"],"picked":"Mark of Pain"}],"items_purged_floors":[22],"is_endless":false,"potions_floor_spawned":[1,10,11,16,18,19,28],"killed_by":"Champ","ascension_level":15}