{"gold_per_floor":[113,130,130,154,154,189,189,213,213,213,213,25,65,80,80,80],"floor_reached":16,"playtime":405,"items_purged":[],"score":270,"play_id":"7d7360e0-6400-45c3-b650-10b2e9a4bac6","local_time":"20190309201906","is_ascension_mode":true,"campfire_choices":[{"data":"Neutralize","floor":7,"key":"SMITH"},{"data":"After Image","floor":11,"key":"SMITH"},{"data":"Cloak And Dagger","floor":15,"key":"SMITH"}],"neow_cost":"NONE","seed_source_timestamp":6813630947859,"circlet_count":0,"master_deck":["AscendersBane","Defend_G","Defend_G","Defend_G","Defend_G","Strike_G","Strike_G","Strike_G","Survivor","Neutralize+1","Reflex+1","Flying Knee+1","After Image+1","Footwork+1","Infinite Blades","Finisher","After Image+1","Dodge and Roll","Infinite Blades","Panacea","Prepared","Corpse Explosion","Cloak And Dagger+1"],"relics":["Astrolabe","Golden Idol","Question Card","Letter Opener","Orichalcum"],"potions_floor_usage":[6,8,14,16],"damage_taken":[{"damage":0,"enemies":"Small Slimes","floor":1,"turns":4},{"damage":0,"enemies":"Jaw Worm","floor":2,"turns":4},{"damage":0,"enemies":"Cultist","floor":4,"turns":5},{"damage":27,"enemies":"Gremlin Nob","floor":6,"turns":5},{"damage":4,"enemies":"3 Louse","floor":8,"turns":2},{"damage":0,"enemies":"Lagavulin","floor":13,"turns":8},{"damage":9,"enemies":"Exordium Wildlife","floor":14,"turns":2},{"damage":21,"enemies":"The Guardian","floor":16,"turns":2}],"seed_played":"-1343969433340451984","potions_obtained":[{"floor":1,"key":"AttackPotion"},{"floor":4,"key":"Explosive Potion"},{"floor":8,"key":"Energy Potion"},{"floor":14,"key":"Explosive Potion"}],"is_trial":false,"path_per_floor":["M","M","?","M","?","E","R","M","T","?","R","$","E","M","R","B"],"character_chosen":"THE_SILENT","items_purchased":["Infinite Blades","Panacea","Prepared"],"campfire_rested":0,"item_purchase_floors":[12,12,12],"current_hp_per_floor":[59,59,59,59,59,32,32,28,28,28,28,28,28,19,19,0],"gold":80,"neow_bonus":"BOSS_RELIC","is_prod":false,"is_daily":false,"chose_seed":false,"campfire_upgraded":3,"win_rate":0,"timestamp":1552191546,"path_taken":["M","M","?","M","?","E","R","?","T","?","R","?","E","M","R","BOSS"],"build_version":"2019-02-06","purchased_purges":0,"victory":false,"max_hp_per_floor":[66,66,60,60,60,60,60,60,60,60,60,60,60,60,60,60],"card_choices":[{"not_picked":["Tactician","Deadly Poison"],"picked":"Footwork","floor":1},{"not_picked":["Bane","Poisoned Stab"],"picked":"Infinite Blades","floor":2},{"not_picked":["Underhanded Strike","Quick Slash"],"picked":"Finisher","floor":4},{"not_picked":["Dagger Spray","Escape Plan"],"picked":"After Image","floor":6},{"not_picked":["Quick Slash","Outmaneuver","Flechettes"],"picked":"Dodge and Roll","floor":8},{"not_picked":["Well Laid Plans","Bouncing Flask","Quick Slash"],"picked":"Corpse Explosion","floor":13},{"not_picked":["Dagger Spray","Flying Knee","Outmaneuver"],"picked":"Cloak And Dagger","floor":14}],"player_experience":1277282,"relics_obtained":[{"floor":6,"key":"Question Card"},{"floor":9,"key":"Letter Opener"},{"floor":13,"key":"Orichalcum"}],"event_choices":[{"damage_healed":0,"gold_gain":0,"player_choice":"Lose Max HP","damage_taken":0,"relics_obtained":["Golden Idol"],"max_hp_gain":0,"max_hp_loss":6,"event_name":"Golden Idol","floor":3,"gold_loss":0},{"damage_healed":0,"gold_gain":0,"player_choice":"0 cards matched","damage_taken":0,"max_hp_gain":0,"max_hp_loss":0,"event_name":"Match and Keep!","floor":5,"gold_loss":0,"cards_obtained":[]},{"damage_healed":0,"gold_gain":0,"player_choice":"Grow","damage_taken":0,"max_hp_gain":0,"max_hp_loss":0,"event_name":"Living Wall","floor":10,"gold_loss":0,"cards_upgraded":["Footwork"]}],"is_beta":true,"boss_relics":[],"items_purged_floors":[],"is_endless":false,"potions_floor_spawned":[1,4,8,14],"killed_by":"The Guardian","ascension_level":20}