{"gold_per_floor":[114,114,127,145,245,245,269,307,356,37,61,61,76,100,100,219,219,219,219,219,9,9,9,9,9,9,9,9,9,9,0,0,0],"floor_reached":33,"playtime":1381,"items_purged":["Defend_G"],"score":328,"play_id":"dfdc94fe-83bc-4602-b7cd-cf637b061f21","local_time":"20180717021031","is_ascension_mode":true,"campfire_choices":[{"data":"Footwork","floor":12,"key":"SMITH"},{"data":"Neutralize","floor":15,"key":"SMITH"},{"floor":24,"key":"REST"},{"floor":32,"key":"DIG"}],"neow_cost":"NONE","seed_source_timestamp":396379672226799,"circlet_count":0,"master_deck":["Defend_G","Defend_G","Defend_G","Defend_G","Strike_G","Strike_G","Strike_G","Strike_G","Strike_G","Survivor","Neutralize+1","Sucker Punch","Backflip","Slice","Finisher","Deadly Poison","Terror","Die Die Die","Deadly Poison","Bouncing Flask","Footwork+1","Deflect","Bane","Backstab","Glass Knife+1","Deadly Poison","Deadly Poison","Deadly Poison","Footwork+1","Cloak And Dagger","Tools of the Trade","Slice"],"relics":["Orrery","Bloody Idol","Gremlin Horn","Happy Flower","Snake Skull","Oddly Smooth Stone","Ectoplasm","TwistedFunnel","Shovel","Mercury Hourglass","MawBank","Torii"],"potions_floor_usage":[8,13,23,33],"damage_taken":[{"damage":17,"enemies":"Jaw Worm","floor":1,"turns":4},{"damage":2,"enemies":"2 Louse","floor":3,"turns":3},{"damage":0,"enemies":"Small Slimes","floor":4,"turns":2},{"damage":2,"enemies":"Looter","floor":7,"turns":2},{"damage":10,"enemies":"Gremlin Nob","floor":8,"turns":3},{"damage":8,"enemies":"Exordium Thugs","floor":11,"turns":3},{"damage":0,"enemies":"Gremlin Gang","floor":13,"turns":3},{"damage":0,"enemies":"3 Louse","floor":14,"turns":2},{"damage":12,"enemies":"Hexaghost","floor":16,"turns":7},{"damage":1,"enemies":"Spheric Guardian","floor":18,"turns":3},{"damage":10,"enemies":"Chosen","floor":19,"turns":3},{"damage":11,"enemies":"Centurion and Healer","floor":22,"turns":5},{"damage":14,"enemies":"Slavers","floor":23,"turns":4},{"damage":10,"enemies":"Sentry and Sphere","floor":27,"turns":3},{"damage":17,"enemies":"Gremlin Leader","floor":28,"turns":5},{"damage":0,"enemies":"Cultist and Chosen","floor":30,"turns":4},{"damage":38,"enemies":"Collector","floor":33,"turns":4}],"seed_played":"-1962728482816798462","potions_obtained":[{"floor":1,"key":"SkillPotion"},{"floor":7,"key":"Regen Potion"},{"floor":16,"key":"SteroidPotion"},{"floor":22,"key":"Regen Potion"},{"floor":27,"key":"Energy Potion"}],"is_trial":false,"path_per_floor":["M","?","M","M","?","?","M","E","T","$","M","R","M","M","R","B",null,"M","M","?","$","M","E","R","?","T","M","E","?","M","?","R"],"character_chosen":"THE_SILENT","items_purchased":["Footwork","Oddly Smooth Stone","Deflect","TwistedFunnel"],"campfire_rested":1,"item_purchase_floors":[10,10,10,21],"current_hp_per_floor":[53,53,51,51,51,48,46,36,36,36,28,28,37,37,37,25,65,64,54,54,54,43,29,48,48,48,38,21,21,21,21,21,0],"gold":0,"neow_bonus":"BOSS_RELIC","is_prod":false,"is_daily":false,"chose_seed":true,"campfire_upgraded":2,"win_rate":0,"timestamp":1531818631,"path_taken":["M","?","M","M","?","?","M","E","T","$","M","R","M","M","R","BOSS","M","M","?","$","?","E","R","?","T","M","E","?","?","?","R","BOSS"],"build_version":"2018-07-16","purchased_purges":1,"victory":false,"max_hp_per_floor":[70,65,65,65,65,65,65,65,65,65,65,65,65,65,65,65,65,65,65,65,65,65,65,65,65,65,65,65,65,65,65,65,65],"card_choices":[{"not_picked":["Finisher","Bane"],"picked":"Sucker Punch","floor":0},{"not_picked":["Dagger Throw","Quick Slash"],"picked":"Backflip","floor":0},{"not_picked":["Poisoned Stab","Dagger Throw"],"picked":"Slice","floor":0},{"not_picked":["Backflip","Expertise"],"picked":"Finisher","floor":0},{"not_picked":["Dash","Finisher"],"picked":"Deadly Poison","floor":0},{"not_picked":["Underhanded Strike","Bane"],"picked":"Terror","floor":1},{"not_picked":["Deflect","Poisoned Stab"],"picked":"Die Die Die","floor":3},{"not_picked":["Predator","Expertise","Terror"],"picked":"SKIP","floor":4},{"not_picked":["Poisoned Stab","Backflip"],"picked":"Deadly Poison","floor":7},{"not_picked":["Dagger Spray","Leg Sweep"],"picked":"Bouncing Flask","floor":8},{"not_picked":["Slice","Deflect"],"picked":"Bane","floor":11},{"not_picked":["Backflip","Deflect"],"picked":"Backstab","floor":13},{"not_picked":["Wraith Form v2","Storm of Steel"],"picked":"Glass Knife","floor":16},{"not_picked":["Quick Slash","Dagger Throw"],"picked":"Deadly Poison","floor":18},{"not_picked":["Quick Slash","Escape Plan"],"picked":"Deadly Poison","floor":19},{"not_picked":["Prepared","Endless Agony"],"picked":"Deadly Poison","floor":23},{"not_picked":["Reflex","Slice"],"picked":"Cloak And Dagger","floor":27},{"not_picked":["Acrobatics","Prepared"],"picked":"Tools of the Trade","floor":28},{"not_picked":["Dagger Throw+1","Flying Knee+1"],"picked":"Slice","floor":30}],"player_experience":684699,"relics_obtained":[{"floor":8,"key":"Happy Flower"},{"floor":9,"key":"Snake Skull"},{"floor":23,"key":"Shovel"},{"floor":26,"key":"Mercury Hourglass"},{"floor":28,"key":"MawBank"},{"floor":32,"key":"Torii"}],"event_choices":[{"event_name":"Golden Idol","player_choice":"Lose Max HP","floor":2,"damage_taken":0},{"event_name":"Golden Shrine","player_choice":"Pray","floor":5,"damage_taken":0},{"event_name":"Scrap Ooze","player_choice":"success","floor":6,"damage_taken":3},{"event_name":"Upgrade Shrine","player_choice":"Upgraded","floor":20,"damage_taken":0},{"event_name":"Duplicator","player_choice":"One dupe","floor":25,"damage_taken":0},{"event_name":"Forgotten Altar","player_choice":"Gave Idol","floor":29,"damage_taken":0},{"event_name":"Masked Bandits","player_choice":"Paid Bandits 9 gold","floor":31,"damage_taken":0}],"boss_relics":[{"not_picked":["Black Star","Eternal Feather"],"picked":"Ectoplasm"}],"items_purged_floors":[10],"is_endless":false,"potions_floor_spawned":[1,7,16,22,27],"killed_by":"Collector","ascension_level":1}