{"gold_per_floor":[109,8,8,23,23,53,53,63,63,63,21,21,21,52,52,130,130,146,160,180,180,197,197,223,223,223,69,69,92,104,123,123,123],"floor_reached":33,"playtime":823,"items_purged":["Strike_G"],"score":746,"play_id":"dfa3fbd3-05bf-4492-bbcf-5dcdd307e4eb","local_time":"20190221135520","is_ascension_mode":true,"campfire_choices":[{"data":"Neutralize","floor":7,"key":"SMITH"},{"data":"Noxious Fumes","floor":10,"key":"SMITH"},{"data":"Noxious Fumes","floor":12,"key":"SMITH"},{"data":"Footwork","floor":15,"key":"SMITH"},{"data":"After Image","floor":23,"key":"SMITH"},{"floor":25,"key":"REST"},{"data":"Blade Dance","floor":28,"key":"SMITH"},{"data":"Infinite Blades","floor":32,"key":"SMITH"}],"neow_cost":"NONE","seed_source_timestamp":9513281688388,"circlet_count":0,"master_deck":["AscendersBane","Defend_G","Defend_G","Defend_G","Defend_G","Defend_G","Strike_G","Strike_G","Strike_G","Survivor","Neutralize+1","Poisoned Stab","Noxious Fumes+1","Bane","Noxious Fumes+1","After Image+1","Endless Agony","All Out Attack","Footwork+1","Corpse Explosion","Dagger Spray+1","Dodge and Roll","Poisoned Stab","Blade Dance+1","Quick Slash+1","Infinite Blades+1","Dodge and Roll"],"relics":["Ring of the Snake","NeowsBlessing","Thread and Needle","Kunai","Letter Opener","Runic Dome","Boot","Pear","Bag of Preparation"],"potions_floor_usage":[18,24,24,33,33],"damage_taken":[{"damage":0,"enemies":"Small Slimes","floor":1,"turns":1},{"damage":0,"enemies":"Cultist","floor":4,"turns":1},{"damage":0,"enemies":"3 Sentries","floor":6,"turns":1},{"damage":0,"enemies":"2 Louse","floor":8,"turns":2},{"damage":0,"enemies":"Lagavulin","floor":14,"turns":6},{"damage":0,"enemies":"Hexaghost","floor":16,"turns":9},{"damage":2,"enemies":"Shell Parasite","floor":18,"turns":6},{"damage":15,"enemies":"2 Thieves","floor":19,"turns":4},{"damage":18,"enemies":"Shelled Parasite and Fungi","floor":20,"turns":6},{"damage":0,"enemies":"3 Cultists","floor":22,"turns":3},{"damage":28,"enemies":"Gremlin Leader","floor":24,"turns":7},{"damage":0,"enemies":"Centurion and Healer","floor":30,"turns":4},{"damage":10,"enemies":"Cultist and Chosen","floor":31,"turns":4},{"damage":44,"enemies":"Automaton","floor":33,"turns":6}],"seed_played":"-6551922725537396722","potions_obtained":[{"floor":4,"key":"LiquidBronze"},{"floor":6,"key":"SpeedPotion"},{"floor":20,"key":"Swift Potion"},{"floor":22,"key":"Regen Potion"},{"floor":24,"key":"Strength Potion"},{"floor":30,"key":"Dexterity Potion"}],"is_trial":false,"path_per_floor":["M","$","?","M","?","E","R","M","T","R","$","R","?","E","R","B",null,"M","M","M","?","M","R","E","R","T","$","R","T","M","M","R","B"],"character_chosen":"THE_SILENT","items_purchased":["Noxious Fumes","Bane","Footwork","Infinite Blades"],"campfire_rested":1,"item_purchase_floors":[2,2,11,27],"current_hp_per_floor":[59,59,64,64,64,64,64,64,64,64,64,64,57,57,57,57,68,66,51,33,33,33,33,20,41,51,51,51,51,51,41,41,0],"gold":123,"neow_bonus":"THREE_ENEMY_KILL","is_prod":false,"is_daily":false,"chose_seed":false,"campfire_upgraded":7,"win_rate":0,"timestamp":1550786120,"path_taken":["M","$","?","M","?","E","R","?","T","R","?","R","?","E","R","BOSS","M","M","M","?","M","R","E","R","T","$","R","?","?","M","R","BOSS"],"build_version":"2019-02-06","purchased_purges":1,"victory":false,"max_hp_per_floor":[66,66,71,71,71,71,71,71,71,71,71,71,71,71,71,71,71,71,71,71,71,71,71,71,71,81,81,81,81,81,81,81,81],"card_choices":[{"not_picked":["Blade Dance","Finisher"],"picked":"Poisoned Stab","floor":1},{"not_picked":["Flying Knee","Poisoned Stab"],"picked":"Noxious Fumes","floor":4},{"not_picked":["Calculated Gamble","Flying Knee"],"picked":"Endless Agony","floor":6},{"not_picked":["Quick Slash","Endless Agony"],"picked":"All Out Attack","floor":8},{"not_picked":["Wraith Form v2","Die Die Die"],"picked":"Corpse Explosion","floor":16},{"not_picked":["Flechettes","Flying Knee"],"picked":"Dagger Spray+1","floor":18},{"not_picked":["Eviscerate","Sucker Punch"],"picked":"Dodge and Roll","floor":19},{"not_picked":["Masterful Stab","Bouncing Flask"],"picked":"Poisoned Stab","floor":20},{"not_picked":["Reflex","Deflect"],"picked":"Blade Dance","floor":22},{"not_picked":["Poisoned Stab","Doppelganger"],"picked":"Quick Slash+1","floor":24},{"not_picked":["Flechettes+1","Quick Slash","Flying Knee"],"picked":"SKIP","floor":30},{"not_picked":["Riddle With Holes","Underhanded Strike"],"picked":"Dodge and Roll","floor":31}],"player_experience":1197734,"relics_obtained":[{"floor":6,"key":"Thread and Needle"},{"floor":9,"key":"Kunai"},{"floor":14,"key":"Letter Opener"},{"floor":24,"key":"Boot"},{"floor":26,"key":"Pear"},{"floor":29,"key":"Bag of Preparation"}],"event_choices":[{"damage_healed":0,"gold_gain":0,"player_choice":"Donut","damage_taken":0,"max_hp_gain":5,"max_hp_loss":0,"event_name":"Big Fish","floor":3,"gold_loss":0},{"damage_healed":0,"gold_gain":0,"player_choice":"1 cards matched","damage_taken":0,"max_hp_gain":0,"max_hp_loss":0,"event_name":"Match and Keep!","floor":5,"gold_loss":0,"cards_obtained":["After Image"]},{"cards_removed":["Strike_G"],"damage_healed":0,"gold_gain":0,"player_choice":"Card Removal","damage_taken":7,"max_hp_gain":0,"max_hp_loss":0,"event_name":"Golden Wing","floor":13,"gold_loss":0},{"damage_healed":0,"gold_gain":0,"player_choice":"Ignored","damage_taken":0,"max_hp_gain":0,"max_hp_loss":0,"event_name":"The Mausoleum","floor":21,"gold_loss":0}],"is_beta":true,"boss_relics":[{"not_picked":["Pandora\u0027s Box","Coffee Dripper"],"picked":"Runic Dome"}],"items_purged_floors":[27],"is_endless":false,"potions_floor_spawned":[4,6,20,22,24,30],"killed_by":"Automaton","ascension_level":20}