{"gold_per_floor":[114,126,126,141,141,141,157,4,4,39,39,71,71,104,104,104],"floor_reached":16,"playtime":1141,"items_purged":["Strike_B"],"score":286,"play_id":"8f4de3b8-63fc-4c28-8cd3-393bb18e38ec","local_time":"20190828095939","is_ascension_mode":true,"campfire_choices":[{"data":"Dualcast","floor":6.0,"key":"SMITH"},{"floor":13,"key":"REST"},{"data":"Consume","floor":15,"key":"SMITH"}],"neow_cost":"TEN_PERCENT_HP_LOSS","seed_source_timestamp":911950717629000,"circlet_count":0,"master_deck":["AscendersBane","Strike_B","Defend_B","Defend_B","Defend_B","Defend_B","Zap+1","Dualcast+1","Consume+1","Cold Snap","All For One","Steam","Go for the Eyes","Melter","Conserve Battery","Leap"],"special_seed":0,"relics":["Cracked Core","Matryoshka","Du-Vu Doll","Pen Nib","Bag of Marbles","Toxic Egg 2"],"potions_floor_usage":[7,10,16],"damage_taken":[{"damage":2.0,"enemies":"Jaw Worm","floor":1.0,"turns":5.0},{"damage":2.0,"enemies":"Cultist","floor":2.0,"turns":4.0},{"damage":12.0,"enemies":"2 Louse","floor":4.0,"turns":4.0},{"damage":0,"enemies":"Exordium Thugs","floor":7,"turns":5},{"damage":0,"enemies":"Lagavulin","floor":10,"turns":6},{"damage":42,"enemies":"Gremlin Nob","floor":12,"turns":4},{"damage":7,"enemies":"Lagavulin","floor":14,"turns":5},{"damage":22,"enemies":"Hexaghost","floor":16,"turns":11}],"seed_played":"-5098168326501847500","potions_obtained":[{"floor":1.0,"key":"Explosive Potion"},{"floor":2.0,"key":"EssenceOfSteel"},{"floor":14,"key":"SkillPotion"}],"is_trial":false,"path_per_floor":["M","M","?","M","?","R","M","$","T","E","?","E","R","E","R","B"],"character_chosen":"DEFECT","items_purchased":["Melter"],"campfire_rested":1,"item_purchase_floors":[8],"current_hp_per_floor":[62,60,60,48,48,48,48,48,48,48,48,6,25,18,18,0],"gold":104,"neow_bonus":"REMOVE_TWO","is_prod":false,"is_daily":false,"chose_seed":false,"campfire_upgraded":2,"win_rate":0,"timestamp":1567000779,"path_taken":["M","M","?","?","?","R","M","?","T","E","?","E","R","E","R","BOSS"],"build_version":"2019-07-17","purchased_purges":1,"victory":false,"max_hp_per_floor":[64,64,64,64,64,64,64,64,64,64,64,64,64,64,64,64],"card_choices":[{"not_picked":["Blizzard","Skim"],"picked":"Consume","floor":1.0},{"not_picked":["FTL","Darkness"],"picked":"Cold Snap","floor":2.0},{"not_picked":["Turbo","Undo"],"picked":"Go for the Eyes","floor":4.0},{"not_picked":["Streamline","Reinforced Body"],"picked":"Redo","floor":7},{"not_picked":["Double Energy","All For One"],"picked":"Conserve Battery","floor":10},{"not_picked":["Hello World","Turbo"],"picked":"Leap","floor":12},{"not_picked":["Reprogram","Hello World","Aggregate"],"picked":"SKIP","floor":14}],"player_experience":2705412,"relics_obtained":[{"floor":9,"key":"Matryoshka"},{"floor":10,"key":"Du-Vu Doll"},{"floor":12,"key":"Bag of Marbles"},{"floor":14,"key":"Toxic Egg 2"}],"event_choices":[{"damage_healed":0.0,"max_hp_gain":0.0,"max_hp_loss":0.0,"gold_gain":0.0,"event_name":"Match and Keep!","player_choice":"2 cards matched","floor":3.0,"gold_loss":0.0,"damage_taken":0.0,"cards_obtained":["All For One","Steam"]},{"damage_healed":0.0,"max_hp_gain":0.0,"max_hp_loss":0.0,"gold_gain":0.0,"event_name":"Living Wall","player_choice":"Grow","floor":5.0,"gold_loss":0.0,"damage_taken":0.0,"cards_upgraded":["Zap"]},{"cards_removed":["Redo"],"damage_healed":0,"gold_gain":0,"player_choice":"Gave Card","damage_taken":0,"relics_obtained":["Pen Nib"],"max_hp_gain":0,"max_hp_loss":0,"event_name":"WeMeetAgain","floor":11,"gold_loss":0}],"is_beta":false,"boss_relics":[],"items_purged_floors":[8],"is_endless":false,"potions_floor_spawned":[1,2,4,14],"killed_by":"Hexaghost","ascension_level":20}