{"gold_per_floor":[99,99,99,99,99,99,99,18,18,18,18,18,18,18,18,18,18,18,18,18,18,18,18,18,18,18,18,18,18,18,18,18,18],"floor_reached":33,"playtime":1122,"items_purged":[],"score":620,"play_id":"a04eeb14-16e3-4cc2-965c-7f97ad05815b","local_time":"20181207115002","is_ascension_mode":true,"campfire_choices":[{"data":"Sunder","floor":6.0,"key":"SMITH"},{"floor":11.0,"key":"REST"},{"data":"Go for the Eyes","floor":15.0,"key":"SMITH"},{"data":"Meteor Strike","floor":23.0,"key":"SMITH"},{"data":"Seek","floor":27,"key":"SMITH"},{"floor":29,"key":"RECALL"},{"data":"Zap","floor":32,"key":"SMITH"}],"neow_cost":"NONE","seed_source_timestamp":59821197473474,"circlet_count":0,"master_deck":["AscendersBane","Strike_B","Strike_B","Defend_B","Defend_B","Defend_B","Defend_B","Zap+1","Dualcast","Sunder+1","Sunder+1","Rebound","Leap","Go for the Eyes+1","Glacier","Leap","Meteor Strike+1","Coolheaded","Rebound","Seek+1","Go for the Eyes+1"],"special_seed":0,"relics":["Ectoplasm","Happy Flower","Sundial","Bronze Scales","Busted Crown","Smiling Mask","Oddly Smooth Stone","Regal Pillow"],"potions_floor_usage":[25,25,30,33],"damage_taken":[{"damage":0.0,"enemies":"2 Louse","floor":1.0,"turns":1.0},{"damage":9.0,"enemies":"Jaw Worm","floor":5.0,"turns":3.0},{"damage":39.0,"enemies":"Gremlin Nob","floor":7.0,"turns":4.0},{"damage":0.0,"enemies":"Small Slimes","floor":10.0,"turns":2.0},{"damage":2.0,"enemies":"Blue Slaver","floor":12.0,"turns":3.0},{"damage":1.0,"enemies":"Exordium Thugs","floor":14.0,"turns":3.0},{"damage":15.0,"enemies":"The Guardian","floor":16.0,"turns":10.0},{"damage":15.0,"enemies":"Shell Parasite","floor":18.0,"turns":4.0},{"damage":0.0,"enemies":"3 Byrds","floor":19.0,"turns":4.0},{"damage":5.0,"enemies":"3 Cultists","floor":21.0,"turns":6.0},{"damage":14,"enemies":"Slavers","floor":25,"turns":7},{"damage":6,"enemies":"Sentry and Sphere","floor":28,"turns":4},{"damage":0,"enemies":"Gremlin Leader","floor":30,"turns":8},{"damage":0,"enemies":"Snake Plant","floor":31,"turns":4},{"damage":63,"enemies":"Automaton","floor":33,"turns":10}],"seed_played":"8773359986943546549","potions_obtained":[{"floor":7.0,"key":"Swift Potion"},{"floor":10.0,"key":"Weak Potion"},{"floor":16.0,"key":"SteroidPotion"},{"floor":19.0,"key":"PowerPotion"},{"floor":21.0,"key":"SkillPotion"},{"floor":28,"key":"PowerPotion"},{"floor":31,"key":"Fire Potion"}],"is_trial":false,"path_per_floor":["M","?","?","T","M","R","E","$","T","M","R","M","?","M","R","B",null,"M","M","$","M","?","R","?","E","T","R","M","R","E","M","R","B"],"character_chosen":"DEFECT","items_purchased":["Leap","Go for the Eyes"],"campfire_rested":1,"item_purchase_floors":[8,8],"current_hp_per_floor":[64,53,53,53,44,44,5,5,5,5,26,24,24,23,23,8,55,40,40,40,35,35,35,71,57,57,57,51,51,51,51,51,0],"gold":18,"neow_bonus":"BOSS_RELIC","is_prod":false,"is_daily":false,"chose_seed":false,"campfire_upgraded":5,"win_rate":0,"timestamp":1544212202,"path_taken":["M","?","?","?","?","R","E","$","T","M","R","M","?","M","R","BOSS","M","M","$","M","?","R","?","E","T","R","M","R","E","M","R","BOSS"],"build_version":"2018-12-06","purchased_purges":0,"victory":false,"max_hp_per_floor":[71,71,71,71,71,71,71,71,71,71,71,71,71,71,71,71,71,71,71,71,71,71,71,71,71,71,71,71,71,71,71,71,71],"card_choices":[{"not_picked":["Streamline","FTL"],"picked":"Sunder","floor":1.0},{"not_picked":["Fusion","Genetic Algorithm"],"picked":"Sunder","floor":5.0},{"not_picked":["Aggregate","Hologram"],"picked":"Rebound","floor":7.0},{"not_picked":["Cold Snap","Tempest"],"picked":"Glacier","floor":10.0},{"not_picked":["Gash","Rip and Tear"],"picked":"Double Energy","floor":12.0},{"not_picked":["Consume","Reinforced Body"],"picked":"Leap","floor":14.0},{"not_picked":["Fission","Biased Cognition"],"picked":"Meteor Strike","floor":16.0},{"not_picked":[],"picked":"Coolheaded","floor":21.0},{"not_picked":[],"picked":"Go for the Eyes+1","floor":30}],"player_experience":980571,"relics_obtained":[{"floor":4.0,"key":"Happy Flower"},{"floor":7.0,"key":"Sundial"},{"floor":9.0,"key":"Bronze Scales"},{"floor":25,"key":"Smiling Mask"},{"floor":26,"key":"Oddly Smooth Stone"},{"floor":30,"key":"Regal Pillow"}],"event_choices":[{"damage_healed":0.0,"max_hp_gain":0.0,"max_hp_loss":0.0,"gold_gain":75.0,"event_name":"World of Goop","player_choice":"Gather Gold","floor":2.0,"gold_loss":0.0,"damage_taken":11.0},{"damage_healed":0.0,"max_hp_gain":0.0,"max_hp_loss":0.0,"gold_gain":0.0,"event_name":"The Cleric","player_choice":"Leave","floor":3.0,"gold_loss":0.0,"damage_taken":0.0},{"damage_healed":0.0,"max_hp_gain":0.0,"max_hp_loss":0.0,"gold_gain":0.0,"event_name":"Living Wall","player_choice":"Grow","floor":13.0,"gold_loss":0.0,"damage_taken":0.0,"cards_upgraded":["Sunder"]},{"damage_healed":0.0,"max_hp_gain":0.0,"max_hp_loss":0.0,"gold_gain":0.0,"cards_transformed":["Strike_B","Strike_B"],"event_name":"Drug Dealer","player_choice":"Became Test Subject","floor":22.0,"gold_loss":0.0,"damage_taken":0.0,"cards_obtained":["Rebound","Seek"]},{"cards_removed":["Double Energy"],"damage_healed":36.0,"max_hp_gain":0.0,"max_hp_loss":0.0,"gold_gain":0.0,"event_name":"Bonfire Elementals","player_choice":"Offered Uncommon","floor":24.0,"gold_loss":0.0,"damage_taken":0.0}],"is_beta":true,"boss_relics":[{"not_picked":["Calling Bell","Inserter"],"picked":"Busted Crown"}],"items_purged_floors":[],"is_endless":false,"potions_floor_spawned":[7,10,16,19,21,28,31],"killed_by":"Automaton","ascension_level":20}