{"gold_per_floor":[119,137,29,104,117,117,150,204,204,204,233,213],"floor_reached":12,"playtime":346,"items_purged":[],"score":168,"play_id":"097716d5-79f0-4b93-9728-bf204c25e4be","local_time":"20190824194117","is_ascension_mode":true,"campfire_choices":[{"data":"Ball Lightning","floor":6,"key":"SMITH"},{"floor":10,"key":"REST"}],"neow_cost":"NONE","seed_source_timestamp":372126342027200,"circlet_count":0,"master_deck":["AscendersBane","Strike_B","Strike_B","Strike_B","Strike_B","Defend_B","Defend_B","Defend_B","Defend_B","Zap+1","Dualcast","Capacitor","Ball Lightning+1","Compile Driver","Consume+1","Defragment","Machine Learning"],"relics":["Philosopher\u0027s Stone","War Paint","Tiny Chest","Centennial Puzzle","Regal Pillow"],"potions_floor_usage":[7,11],"damage_taken":[{"damage":6,"enemies":"Jaw Worm","floor":1,"turns":5},{"damage":7,"enemies":"Cultist","floor":2,"turns":4},{"damage":9,"enemies":"2 Louse","floor":5,"turns":3},{"damage":12,"enemies":"Lagavulin","floor":7,"turns":7},{"damage":35,"enemies":"3 Sentries","floor":11,"turns":5},{"damage":13,"enemies":"Exordium Thugs","floor":12,"turns":2}],"seed_played":"-2531460681817621583","potions_obtained":[{"floor":2,"key":"SpeedPotion"}],"is_trial":false,"path_per_floor":["M","M","$","?","M","R","E","T","T","R","E","M"],"character_chosen":"DEFECT","items_purchased":["Fire Potion","Compile Driver"],"campfire_rested":1,"item_purchase_floors":[3,3],"current_hp_per_floor":[58,51,51,40,31,31,19,19,19,40,5,0],"gold":213,"neow_bonus":"BOSS_RELIC","is_prod":false,"is_daily":false,"chose_seed":false,"campfire_upgraded":1,"win_rate":0,"timestamp":1566643277,"path_taken":["M","M","$","?","M","R","E","?","T","R","E","M"],"build_version":"2019-07-17","purchased_purges":0,"victory":false,"max_hp_per_floor":[71,71,71,71,71,71,71,71,71,71,71,71],"card_choices":[{"not_picked":["Streamline","Sweeping Beam"],"picked":"Capacitor","floor":1},{"not_picked":["Steam","Redo"],"picked":"Ball Lightning","floor":2},{"not_picked":["Coolheaded","Double Energy"],"picked":"Consume","floor":5},{"not_picked":["Sweeping Beam","Doom and Gloom"],"picked":"Defragment","floor":7},{"not_picked":["Blizzard","Sunder"],"picked":"Machine Learning","floor":11}],"player_experience":230525,"relics_obtained":[{"floor":7,"key":"War Paint"},{"floor":8,"key":"Tiny Chest"},{"floor":9,"key":"Centennial Puzzle"},{"floor":11,"key":"Regal Pillow"}],"event_choices":[{"damage_healed":0,"gold_gain":75,"player_choice":"Gather Gold","damage_taken":11,"max_hp_gain":0,"max_hp_loss":0,"event_name":"World of Goop","floor":4,"gold_loss":0}],"is_beta":false,"boss_relics":[],"items_purged_floors":[],"is_endless":false,"potions_floor_spawned":[2],"killed_by":"Exordium Thugs","ascension_level":19}