{"gold_per_floor":[112,62,62,62,79,112,123,141,141,141,169,127,153,173,173,173],"floor_reached":16,"playtime":537,"items_purged":[],"score":145,"play_id":"3116498d-aa1f-424f-9c75-6d1b97310756","local_time":"20190113151754","is_ascension_mode":false,"campfire_choices":[{"data":"Armaments","floor":10,"key":"SMITH"},{"floor":15,"key":"DIG"}],"neow_cost":"NONE","seed_source_timestamp":335695623573420,"circlet_count":0,"master_deck":["Strike_R","Strike_R","Strike_R","Defend_R","Defend_R","Defend_R","Defend_R","Bash","Shockwave","Immolate","Armaments+1","Flex"],"relics":["Burning Blood","NeowsBlessing","Unceasing Top","Shovel","Letter Opener","Bottled Flame","Juzu Bracelet"],"potions_floor_usage":[13,16,16],"damage_taken":[{"damage":0,"enemies":"Jaw Worm","floor":1,"turns":1},{"damage":0,"enemies":"Cultist","floor":5,"turns":1},{"damage":0,"enemies":"Lagavulin","floor":6,"turns":1},{"damage":2,"enemies":"Small Slimes","floor":7,"turns":5},{"damage":12,"enemies":"Blue Slaver","floor":8,"turns":7},{"damage":11,"enemies":"Gremlin Nob","floor":11,"turns":3},{"damage":22,"enemies":"Lagavulin","floor":13,"turns":6},{"damage":0,"enemies":"Large Slime","floor":14,"turns":6},{"damage":61,"enemies":"The Guardian","floor":16,"turns":14}],"seed_played":"157726064249717433","potions_obtained":[{"floor":1,"key":"SpeedPotion"},{"floor":11,"key":"SteroidPotion"},{"floor":13,"key":"LiquidBronze"},{"floor":14,"key":"EssenceOfSteel"}],"is_trial":false,"path_per_floor":["M","?","$","?","M","E","M","M","T","R","E","?","E","M","R","B"],"character_chosen":"IRONCLAD","items_purchased":[],"campfire_rested":0,"item_purchase_floors":[],"current_hp_per_floor":[80,80,80,80,80,80,80,74,74,74,69,69,53,59,59,0],"gold":173,"neow_bonus":"THREE_ENEMY_KILL","is_prod":false,"is_daily":false,"chose_seed":false,"campfire_upgraded":1,"win_rate":0.0,"timestamp":1547410674,"path_taken":["M","?","$","?","M","E","?","M","T","R","E","?","E","M","R","BOSS"],"build_version":"2019-01-10","purchased_purges":0,"victory":false,"max_hp_per_floor":[80,80,80,80,80,80,80,80,80,80,80,80,80,80,80,80],"card_choices":[{"not_picked":["Rampage","Battle Trance"],"picked":"Shockwave","floor":1},{"not_picked":["Heavy Blade","Uppercut","Fire Breathing"],"picked":"SKIP","floor":5},{"not_picked":["Searing Blow","Warcry"],"picked":"Armaments","floor":6},{"not_picked":["Pommel Strike","Carnage","Twin Strike"],"picked":"SKIP","floor":7},{"not_picked":["Pummel","Feel No Pain","Wild Strike"],"picked":"SKIP","floor":8},{"not_picked":["Power Through","Sever Soul","True Grit"],"picked":"SKIP","floor":11},{"not_picked":["Dropkick","Double Tap","Body Slam"],"picked":"SKIP","floor":13},{"not_picked":["Perfected Strike","Anger"],"picked":"Flex","floor":14}],"player_experience":29278,"relics_obtained":[{"floor":6,"key":"Unceasing Top"},{"floor":9,"key":"Shovel"},{"floor":11,"key":"Letter Opener"},{"floor":13,"key":"Bottled Flame"},{"floor":15,"key":"Juzu Bracelet"}],"event_choices":[{"cards_removed":["Strike_R"],"damage_healed":0,"gold_gain":0,"player_choice":"Card Removal","damage_taken":0,"max_hp_gain":0,"max_hp_loss":0,"event_name":"The Cleric","floor":2,"gold_loss":50},{"damage_healed":0,"gold_gain":0,"cards_transformed":["Strike_R"],"player_choice":"Transformed","damage_taken":0,"max_hp_gain":0,"max_hp_loss":0,"event_name":"Transmorgrifier","floor":4,"gold_loss":0,"cards_obtained":["Immolate"]},{"damage_healed":0,"gold_gain":0,"player_choice":"Left Gold","damage_taken":0,"max_hp_gain":0,"max_hp_loss":0,"event_name":"World of Goop","floor":12,"gold_loss":42}],"is_beta":false,"boss_relics":[],"items_purged_floors":[],"is_endless":false,"potions_floor_spawned":[1,11,13,14],"killed_by":"The Guardian","ascension_level":0}