{"gold_per_floor":[111,111,125,144,157,186,196,196,196,207,240,259,284,284,284,385,385,405,18,28,48,48,48,76,76,100,100,100,116,134,134,134,229,229,240,46,46,146,165,165,176,176,176,176,193,206,206,206,206,206],"floor_reached":51,"playtime":2510,"items_purged":["Shame"],"score":842,"play_id":"79042f7e-e99e-4130-8f6c-b4e0432ea455","local_time":"20190814161732","is_ascension_mode":true,"campfire_choices":[{"floor":8,"key":"REST"},{"floor":15,"key":"REST"},{"data":"Defragment","floor":23,"key":"SMITH"},{"floor":27,"key":"REST"},{"data":"Defragment","floor":32,"key":"SMITH"},{"data":"Seek","floor":40,"key":"SMITH"},{"data":"Consume","floor":42,"key":"SMITH"},{"data":"Hologram","floor":44,"key":"SMITH"},{"data":"Reboot","floor":47,"key":"SMITH"},{"data":"Glacier","floor":49,"key":"SMITH"}],"neow_cost":"NONE","seed_source_timestamp":355579185630200,"circlet_count":0,"master_deck":["Strike_B","Strike_B","Strike_B","Defend_B","Defend_B","Defend_B","Defend_B","Zap","Dualcast","Rainbow","Cold Snap","Redo","Compile Driver","Defragment+1","Conserve Battery","Streamline","Hologram+1","Sweeping Beam","Rebound","Glacier+1","Reboot+1","Consume+1","Defragment+1","Seek+1","Auto Shields","Turbo","Barrage","Core Surge","Leap+1","Finesse","Capacitor"],"relics":["Cracked Core","Juzu Bracelet","Strawberry","Anchor","Gremlin Horn","Busted Crown","Runic Capacitor","Centennial Puzzle","Mercury Hourglass","Dream Catcher","Letter Opener","Happy Flower","Coffee Dripper","Pear"],"potions_floor_usage":[6,11,13,13,24,33,33,50,50],"damage_taken":[{"damage":7,"enemies":"Jaw Worm","floor":1,"turns":3},{"damage":0,"enemies":"Cultist","floor":3,"turns":3},{"damage":6,"enemies":"Small Slimes","floor":4,"turns":4},{"damage":7,"enemies":"Blue Slaver","floor":5,"turns":5},{"damage":34,"enemies":"Gremlin Nob","floor":6,"turns":4},{"damage":8,"enemies":"3 Louse","floor":7,"turns":2},{"damage":5,"enemies":"Exordium Wildlife","floor":10,"turns":5},{"damage":24,"enemies":"3 Sentries","floor":11,"turns":7},{"damage":1,"enemies":"Large Slime","floor":12,"turns":5},{"damage":18,"enemies":"Gremlin Nob","floor":13,"turns":3},{"damage":10,"enemies":"Slime Boss","floor":16,"turns":10},{"damage":0,"enemies":"Chosen","floor":18,"turns":4},{"damage":0,"enemies":"Shell Parasite","floor":20,"turns":6},{"damage":17,"enemies":"Snecko","floor":21,"turns":6},{"damage":37,"enemies":"Gremlin Leader","floor":24,"turns":7},{"damage":2,"enemies":"Cultist and Chosen","floor":29,"turns":7},{"damage":7,"enemies":"Centurion and Healer","floor":30,"turns":6},{"damage":9,"enemies":"Automaton","floor":33,"turns":12},{"damage":7,"enemies":"3 Darklings","floor":35,"turns":5},{"damage":9,"enemies":"Orb Walker","floor":39,"turns":3},{"damage":26,"enemies":"3 Darklings","floor":41,"turns":3},{"damage":5,"enemies":"Sphere and 2 Shapes","floor":45,"turns":4},{"damage":0,"enemies":"Jaw Worm Horde","floor":46,"turns":4},{"damage":8,"enemies":"Donu and Deca","floor":50,"turns":12}],"seed_played":"-8569694776724738662","potions_obtained":[{"floor":3,"key":"FearPotion"},{"floor":4,"key":"Fire Potion"},{"floor":10,"key":"Regen Potion"},{"floor":11,"key":"Poison Potion"},{"floor":18,"key":"Dexterity Potion"},{"floor":24,"key":"FocusPotion"},{"floor":30,"key":"Dexterity Potion"},{"floor":39,"key":"EssenceOfSteel"},{"floor":45,"key":"Block Potion"}],"is_trial":false,"path_per_floor":["M","?","M","M","M","E","M","R","T","M","E","M","E","?","R","B",null,"M","$","M","M","?","R","E","?","T","R","T","M","M","?","R","B",null,"M","$","?","?","M","R","M","R","T","R","M","M","R","?","R","B",null],"character_chosen":"DEFECT","items_purchased":["Runic Capacitor","Defragment","Seek","Finesse","Capacitor"],"campfire_rested":3,"item_purchase_floors":[19,19,19,36,36],"current_hp_per_floor":[68,68,68,62,55,21,13,35,42,37,28,27,9,9,33,23,82,82,82,82,65,49,49,12,12,12,38,38,36,29,29,29,20,87,80,80,80,80,71,71,45,45,55,55,50,50,50,50,50,42],"gold":206,"neow_bonus":"ONE_RANDOM_RARE_CARD","is_prod":false,"is_daily":false,"chose_seed":false,"campfire_upgraded":7,"win_rate":0,"timestamp":1565767052,"path_taken":["M","?","M","M","M","E","M","R","T","M","E","M","E","?","R","BOSS","M","$","M","M","?","R","E","?","T","R","?","M","M","?","R","BOSS","M","$","?","?","M","R","M","R","T","R","M","M","R","?","R","BOSS"],"build_version":"2019-07-17","purchased_purges":1,"victory":true,"max_hp_per_floor":[75,75,75,75,75,75,75,75,82,82,82,82,82,82,82,82,82,82,82,82,82,87,87,87,87,87,87,87,87,87,87,87,87,87,87,87,87,87,87,87,87,87,97,97,97,97,97,97,97,97],"card_choices":[{"not_picked":["Stack","Fusion"],"picked":"Cold Snap","floor":1},{"not_picked":["Hologram","Turbo"],"picked":"Redo","floor":3},{"not_picked":["Tempest","Rebound"],"picked":"Compile Driver","floor":4},{"not_picked":["Cold Snap","Reinforced Body"],"picked":"Defragment","floor":5},{"not_picked":["Ball Lightning","Rainbow"],"picked":"Conserve Battery","floor":6},{"not_picked":["Leap","Cold Snap"],"picked":"Streamline","floor":7},{"not_picked":["Force Field","Streamline"],"picked":"Hologram","floor":10},{"not_picked":["Tempest","Gash"],"picked":"Sweeping Beam","floor":11},{"not_picked":["Sweeping Beam","Stack"],"picked":"Rebound","floor":12},{"not_picked":["Hyperbeam","Melter"],"picked":"Glacier","floor":13},{"not_picked":["Amplify","Meteor Strike"],"picked":"Reboot","floor":16},{"not_picked":[],"picked":"Consume","floor":18},{"not_picked":[],"picked":"Auto Shields","floor":20},{"not_picked":[],"picked":"Auto Shields+1","floor":21},{"not_picked":["Force Field"],"picked":"SKIP","floor":24},{"not_picked":[],"picked":"Turbo","floor":27},{"not_picked":[],"picked":"Barrage","floor":29},{"not_picked":["Reprogram"],"picked":"SKIP","floor":30},{"not_picked":[],"picked":"Core Surge","floor":33},{"not_picked":[],"picked":"Leap+1","floor":35},{"not_picked":["Redo"],"picked":"SKIP","floor":39},{"not_picked":["Auto Shields"],"picked":"SKIP","floor":41},{"not_picked":["Beam Cell"],"picked":"SKIP","floor":45},{"not_picked":["Gash"],"picked":"SKIP","floor":46}],"player_experience":133171,"relics_obtained":[{"floor":6,"key":"Juzu Bracelet"},{"floor":9,"key":"Strawberry"},{"floor":11,"key":"Anchor"},{"floor":13,"key":"Gremlin Horn"},{"floor":24,"key":"Centennial Puzzle"},{"floor":26,"key":"Dream Catcher"},{"floor":28,"key":"Letter Opener"},{"floor":43,"key":"Pear"}],"event_choices":[{"cards_removed":["Strike_B"],"damage_healed":0,"gold_gain":0,"player_choice":"Card Removal","damage_taken":0,"max_hp_gain":0,"max_hp_loss":0,"event_name":"Wheel of Change","floor":2,"gold_loss":0},{"damage_healed":0,"gold_gain":0,"player_choice":"Ignored","damage_taken":0,"max_hp_gain":0,"max_hp_loss":0,"event_name":"Golden Idol","floor":14,"gold_loss":0},{"damage_healed":0,"gold_gain":0,"player_choice":"Shed Blood","damage_taken":21,"max_hp_gain":5,"max_hp_loss":0,"event_name":"Forgotten Altar","floor":22,"gold_loss":0},{"damage_healed":0,"gold_gain":0,"player_choice":"Stole Relic","damage_taken":0,"relics_obtained":["Mercury Hourglass"],"max_hp_gain":0,"max_hp_loss":0,"event_name":"Addict","floor":25,"gold_loss":0,"cards_obtained":["Shame"]},{"damage_healed":0,"gold_gain":0,"player_choice":"Opened","damage_taken":0,"relics_obtained":["Happy Flower"],"max_hp_gain":0,"max_hp_loss":0,"event_name":"The Mausoleum","floor":31,"gold_loss":0},{"damage_healed":0,"gold_gain":0,"player_choice":"Ignored","damage_taken":0,"max_hp_gain":0,"max_hp_loss":0,"event_name":"Mysterious Sphere","floor":37,"gold_loss":0},{"damage_healed":0,"gold_gain":100,"player_choice":"Pray","damage_taken":0,"max_hp_gain":0,"max_hp_loss":0,"event_name":"Golden Shrine","floor":38,"gold_loss":0},{"cards_removed":["Auto Shields"],"damage_healed":0,"gold_gain":0,"player_choice":"Removed Skill","damage_taken":0,"max_hp_gain":0,"max_hp_loss":0,"event_name":"Falling","floor":48,"gold_loss":0}],"is_beta":false,"boss_relics":[{"not_picked":["Runic Dome","Ectoplasm"],"picked":"Busted Crown"},{"not_picked":["Velvet Choker","Tiny House"],"picked":"Coffee Dripper"}],"items_purged_floors":[36],"is_endless":false,"potions_floor_spawned":[3,4,10,11,18,24,30,39,45],"ascension_level":4}