{"gold_per_floor":[114,114,131,145,155,155,188,212,288,288],"floor_reached":10,"playtime":687,"items_purged":[],"score":122,"play_id":"e39eb6a1-e9fb-4eae-9bdd-36667de7705b","local_time":"20190827183117","is_ascension_mode":true,"campfire_choices":[{"data":"Havoc","floor":6,"key":"SMITH"}],"neow_cost":"TEN_PERCENT_HP_LOSS","seed_source_timestamp":289352551728600,"circlet_count":0,"master_deck":["AscendersBane","Strike_R","Strike_R","Strike_R","Strike_R","Strike_R","Defend_R","Defend_R","Defend_R","Defend_R","Bash","Havoc+1","True Grit","Headbutt","Shrug It Off","Bludgeon","Intimidate"],"relics":["Burning Blood","Torii","NlothsMask","Ginger","Odd Mushroom"],"potions_floor_usage":[5,7],"damage_taken":[{"damage":8,"enemies":"Small Slimes","floor":1,"turns":5},{"damage":10,"enemies":"Cultist","floor":3,"turns":5},{"damage":2,"enemies":"Jaw Worm","floor":4,"turns":4},{"damage":15,"enemies":"2 Fungi Beasts","floor":5,"turns":4},{"damage":43,"enemies":"Gremlin Nob","floor":7,"turns":5},{"damage":31,"enemies":"The Mushroom Lair","floor":8,"turns":5},{"damage":21,"enemies":"3 Sentries","floor":10,"turns":4}],"seed_played":"-7391344485142172167","potions_obtained":[{"floor":4,"key":"FearPotion"},{"floor":5,"key":"BloodPotion"},{"floor":7,"key":"LiquidBronze"}],"is_trial":false,"path_per_floor":["M","?","M","M","M","R","E","?","T","E"],"character_chosen":"IRONCLAD","items_purchased":[],"campfire_rested":0,"item_purchase_floors":[],"current_hp_per_floor":[66,66,62,66,57,57,37,12,12,0],"gold":288,"neow_bonus":"ONE_RARE_RELIC","is_prod":false,"is_daily":false,"chose_seed":false,"campfire_upgraded":1,"win_rate":0,"timestamp":1566955877,"path_taken":["M","?","M","?","M","R","E","?","T","E"],"build_version":"2019-07-17","purchased_purges":0,"victory":false,"max_hp_per_floor":[68,68,68,68,68,68,68,68,68,68],"card_choices":[{"not_picked":["Flex","Second Wind"],"picked":"Havoc","floor":1},{"not_picked":["Clash","Perfected Strike"],"picked":"True Grit","floor":3},{"not_picked":["Intimidate","Pummel"],"picked":"Headbutt","floor":4},{"not_picked":["Searing Blow","Ghostly Armor"],"picked":"Shrug It Off","floor":5},{"not_picked":["Warcry","Twin Strike"],"picked":"Bludgeon","floor":7},{"not_picked":["Bloodletting","Anger"],"picked":"Intimidate","floor":8}],"player_experience":739422,"relics_obtained":[{"floor":7,"key":"Ginger"},{"floor":8,"key":"Odd Mushroom"}],"event_choices":[{"damage_healed":0,"gold_gain":0,"player_choice":"Trade","damage_taken":0,"relics_obtained":["NlothsMask"],"max_hp_gain":0,"max_hp_loss":0,"event_name":"FaceTrader","floor":2,"gold_loss":0},{"damage_healed":0,"gold_gain":0,"player_choice":"Fought Mushrooms","damage_taken":0,"max_hp_gain":0,"max_hp_loss":0,"event_name":"Mushrooms","floor":8,"gold_loss":0}],"is_beta":false,"boss_relics":[],"items_purged_floors":[],"is_endless":false,"potions_floor_spawned":[4,5,7],"killed_by":"3 Sentries","ascension_level":16}