{"gold_per_floor":[109,34,44,9,9,9,30,30,30,40,52,78,95,112,112,184,184,195,215,64,75,24,52,52,52,100,100,31,31,31,49,49,125,125,135,135,135,135,135,135,149,149],"floor_reached":42,"playtime":1482,"items_purged":["Strike_B"],"score":812,"play_id":"054820f3-8d9f-40f0-a0d1-40b7f6811270","local_time":"20180804230809","daily_mods":["Diverse"],"is_ascension_mode":true,"campfire_choices":[{"data":"Dash","floor":6.0,"key":"SMITH"},{"data":"Dagger Spray","floor":8.0,"key":"SMITH"},{"floor":15.0,"key":"REST"},{"floor":24,"key":"REST"},{"floor":27,"key":"REST"},{"floor":32,"key":"REST"},{"floor":40,"key":"REST"}],"neow_cost":"","seed_source_timestamp":0,"circlet_count":0,"master_deck":["Strike_B","Defend_B","Defend_B","Zap","Dualcast","AscendersBane","Ball Lightning","Dash+1","Dagger Spray+1","Clothesline","Sword Boomerang","Double Energy","Perfected Strike","Well Laid Plans","Limit Break","Blur","Clothesline","Conserve Battery","Leap","Machine Learning","Feel No Pain","Power Through","Immolate","Power Through+1","Capacitor+1","Havoc+1","Darkness","Self Repair","Panacea","Panacea","Panache","Disarm","Heavy Blade"],"special_seed":0,"relics":["Snecko Eye","Strawberry","Odd Mushroom","Shuriken","Dream Catcher","Fusion Hammer","Juzu Bracelet","Blue Candle","Bronze Scales","Bird Faced Urn","Astrolabe","StoneCalendar"],"potions_floor_usage":[23,33,38],"damage_taken":[{"damage":2.0,"enemies":"2 Louse","floor":1.0,"turns":2.0},{"damage":13.0,"enemies":"Jaw Worm","floor":3.0,"turns":4.0},{"damage":8.0,"floor":7.0,"turns":4.0},{"damage":0.0,"enemies":"Cultist","floor":10.0,"turns":2.0},{"damage":7.0,"enemies":"2 Fungi Beasts","floor":11.0,"turns":2.0},{"damage":7.0,"enemies":"Lagavulin","floor":12.0,"turns":5.0},{"damage":13.0,"enemies":"Exordium Thugs","floor":13.0,"turns":3.0},{"damage":0.0,"enemies":"3 Louse","floor":14.0,"turns":2.0},{"damage":0.0,"enemies":"Slime Boss","floor":16.0,"turns":5.0},{"damage":2,"enemies":"Chosen","floor":18,"turns":4},{"damage":6,"enemies":"Shell Parasite","floor":19,"turns":4},{"damage":8,"enemies":"Snecko","floor":21,"turns":5},{"damage":45,"enemies":"Slavers","floor":23,"turns":6},{"damage":0,"enemies":"Cultist and Chosen","floor":31,"turns":4},{"damage":27,"enemies":"Champ","floor":33,"turns":11},{"damage":0,"enemies":"Flame Bruiser 1 Orb","floor":35,"turns":4},{"damage":7,"floor":38,"turns":7},{"damage":11,"enemies":"3 Shapes","floor":41,"turns":7},{"damage":108,"enemies":"Giant Head","floor":42,"turns":10}],"seed_played":"-7293504805331446703","potions_obtained":[{"floor":12.0,"key":"Swift Potion"},{"floor":13.0,"key":"EssenceOfSteel"},{"floor":14.0,"key":"Poison Potion"},{"floor":31,"key":"FearPotion"},{"floor":35,"key":"Regen Potion"},{"floor":38,"key":"Ancient Potion"}],"is_trial":true,"path_per_floor":["M","$","M","?","?","R","?","R","T","M","M","E","M","M","R","B",null,"M","M","$","M","$","E","R","?","T","R","$","T","$","M","R","B",null,"M","?","?","?","?","R","M"],"character_chosen":"DEFECT","items_purchased":["Juzu Bracelet","Leap","Feel No Pain"],"campfire_rested":5,"item_purchase_floors":[20,22,28],"current_hp_per_floor":[62,62,49,66,62,62,54,54,54,54,47,40,27,27,50,50,71,69,63,63,55,55,10,33,33,33,56,56,56,56,58,78,51,71,75,75,75,71,61,78,78,0],"gold":149,"neow_bonus":"","is_prod":false,"is_daily":false,"chose_seed":false,"campfire_upgraded":2,"win_rate":0,"timestamp":1533449289,"path_taken":["M","$","M","?","?","R","?","R","T","M","M","E","?","M","R","BOSS","M","M","?","M","$","E","R","?","T","R","$","?","$","M","R","BOSS","M","?","?","?","?","R","M","E"],"build_version":"2018-08-01","purchased_purges":1,"victory":false,"max_hp_per_floor":[71,71,71,71,78,78,78,78,78,78,78,78,78,78,78,78,78,78,78,78,78,78,78,78,78,78,78,78,78,78,78,78,78,78,78,78,78,78,78,78,78,78],"card_choices":[{"not_picked":["Iron Wave","PiercingWail"],"picked":"Ball Lightning","floor":1.0},{"not_picked":["Thunderclap","Wild Strike"],"picked":"Dash","floor":3.0},{"not_picked":["Cleave","Stack"],"picked":"Dagger Spray","floor":7.0},{"not_picked":["Twin Strike","White Noise"],"picked":"Clothesline","floor":10.0},{"not_picked":["Slice","Capacitor"],"picked":"Sword Boomerang","floor":11.0},{"not_picked":["Underhanded Strike","Armaments"],"picked":"Double Energy","floor":12.0},{"not_picked":["Deflect","Dagger Throw"],"picked":"Perfected Strike","floor":13.0},{"not_picked":["Rampage","Poisoned Stab"],"picked":"Well Laid Plans","floor":14.0},{"not_picked":["All For One","Night Terror"],"picked":"Limit Break","floor":16.0},{"not_picked":["Dagger Spray","Warcry"],"picked":"Blur","floor":18},{"not_picked":["Dagger Throw","Cloak And Dagger"],"picked":"Clothesline","floor":19},{"not_picked":["Twin Strike","True Grit"],"picked":"Conserve Battery","floor":21},{"not_picked":["Hemokinesis+1","Escape Plan"],"picked":"Machine Learning","floor":23},{"not_picked":["Havoc+1","Rage"],"picked":"Power Through","floor":31},{"not_picked":["Phantasmal Killer","Hyperbeam"],"picked":"Immolate","floor":33},{"not_picked":["Slice","Capacitor"],"picked":"Darkness","floor":35},{"not_picked":["Deadly Poison","Seeing Red"],"picked":"Self Repair","floor":38},{"not_picked":["Bandage Up","Good Instincts"],"picked":"Panacea","floor":39},{"not_picked":["Impatience","Purity"],"picked":"Panacea","floor":39},{"not_picked":["Swift Strike","Dramatic Entrance"],"picked":"Panache","floor":39},{"not_picked":["Melter","Beam Cell"],"picked":"Disarm","floor":40},{"not_picked":["Outmaneuver","Darkness+1"],"picked":"Heavy Blade","floor":41}],"player_experience":730774,"relics_obtained":[{"floor":7.0,"key":"Odd Mushroom"},{"floor":9.0,"key":"Shuriken"},{"floor":12.0,"key":"Dream Catcher"},{"floor":23,"key":"Blue Candle"},{"floor":26,"key":"Bronze Scales"},{"floor":29,"key":"Bird Faced Urn"},{"floor":38,"key":"StoneCalendar"}],"event_choices":[{"event_name":"The Cleric","player_choice":"Healed","floor":4.0,"damage_taken":0.0},{"event_name":"Scrap Ooze","player_choice":"success","floor":5.0,"damage_taken":11.0},{"event_name":"Mushrooms","player_choice":"Fought Mushrooms","floor":7.0,"damage_taken":0.0},{"event_name":"Transmorgrifier","player_choice":"Transform","floor":25,"damage_taken":0},{"event_name":"Tomb of Lord Red Mask","player_choice":"Ignored","floor":36,"damage_taken":0},{"event_name":"Falling","player_choice":"Removed Attack","floor":37,"damage_taken":0},{"event_name":"MindBloom","player_choice":"Fight","floor":38,"damage_taken":0},{"event_name":"SensoryStone","player_choice":"Memory 3","floor":39,"damage_taken":0}],"is_beta":true,"boss_relics":[{"not_picked":["Eternal Feather","Nuclear Battery"],"picked":"Fusion Hammer"},{"not_picked":["Black Star","Orrery"],"picked":"Astrolabe"}],"items_purged_floors":[2],"is_endless":false,"potions_floor_spawned":[12,13,14,16,21,31,35,38],"killed_by":"Giant Head","ascension_level":15}