{"gold_per_floor":[109,109,124,49,68,68,18,18,18,29,29,29,49,74,74,74],"floor_reached":16,"playtime":706,"items_purged":["Defend_G"],"score":185,"play_id":"ad5dc0bc-5add-4032-ab54-69baa777d8d9","local_time":"20190730212611","is_ascension_mode":true,"campfire_choices":[{"data":"Backflip","floor":6,"key":"SMITH"},{"data":"Poisoned Stab","floor":8,"key":"SMITH"},{"floor":12,"key":"REST"},{"data":"Deflect","floor":15,"key":"SMITH"}],"neow_cost":"NONE","seed_source_timestamp":1785797759223614,"circlet_count":0,"master_deck":["AscendersBane","Strike_G","Strike_G","Strike_G","Strike_G","Defend_G","Defend_G","Defend_G","Defend_G","Survivor","Neutralize+1","Deflect+1","PiercingWail","Backflip+1","Poisoned Stab+1","Slice","Slice"],"relics":["Ring of the Snake","Mercury Hourglass","GremlinMask","Strawberry"],"potions_floor_usage":[13,14,16],"damage_taken":[{"damage":2,"enemies":"Small Slimes","floor":1,"turns":4},{"damage":7,"enemies":"Cultist","floor":3,"turns":5},{"damage":4,"enemies":"Jaw Worm","floor":5,"turns":6},{"damage":1,"enemies":"Red Slaver","floor":10,"turns":3},{"damage":0,"enemies":"Large Slime","floor":13,"turns":7},{"damage":21,"enemies":"Gremlin Nob","floor":14,"turns":5},{"damage":56,"enemies":"Hexaghost","floor":16,"turns":11}],"seed_played":"-2465214462196815020","potions_obtained":[{"floor":3,"key":"Ancient Potion"},{"floor":10,"key":"EssenceOfSteel"},{"floor":13,"key":"AttackPotion"},{"floor":14,"key":"GamblersBrew"}],"is_trial":false,"path_per_floor":["M","?","M","$","M","R","$","R","T","M","?","R","M","E","R","B"],"character_chosen":"THE_SILENT","items_purchased":["Poisoned Stab"],"campfire_rested":1,"item_purchase_floors":[7],"current_hp_per_floor":[57,57,50,50,46,46,46,46,46,45,45,64,64,50,50,0],"gold":74,"neow_bonus":"UPGRADE_CARD","is_prod":false,"is_daily":false,"chose_seed":false,"campfire_upgraded":3,"win_rate":0,"timestamp":1564539971,"path_taken":["M","?","?","$","M","R","$","R","T","M","?","R","?","E","R","BOSS"],"build_version":"2019-07-17","purchased_purges":1,"victory":false,"max_hp_per_floor":[66,66,66,66,66,66,66,66,66,66,66,66,66,73,73,73],"card_choices":[{"not_picked":["PiercingWail","Backflip"],"picked":"Deflect","floor":1},{"not_picked":["Crippling Poison","Concentrate"],"picked":"PiercingWail","floor":3},{"not_picked":["Calculated Gamble","Sucker Punch"],"picked":"Backflip","floor":5},{"not_picked":["Outmaneuver","Concentrate"],"picked":"Slice","floor":10},{"not_picked":["Cloak And Dagger","Masterful Stab"],"picked":"Slice","floor":13},{"not_picked":["Prepared","Backstab","Blade Dance"],"picked":"SKIP","floor":14}],"player_experience":926210,"relics_obtained":[{"floor":9,"key":"Mercury Hourglass"},{"floor":14,"key":"Strawberry"}],"event_choices":[{"cards_removed":["Strike_G"],"damage_healed":0,"gold_gain":0,"player_choice":"Purged","damage_taken":0,"max_hp_gain":0,"max_hp_loss":0,"event_name":"Purifier","floor":2,"gold_loss":0},{"damage_healed":0,"gold_gain":0,"player_choice":"Trade","damage_taken":0,"relics_obtained":["GremlinMask"],"max_hp_gain":0,"max_hp_loss":0,"event_name":"FaceTrader","floor":11,"gold_loss":0}],"is_beta":false,"boss_relics":[],"items_purged_floors":[4],"is_endless":false,"potions_floor_spawned":[3,10,13,14],"killed_by":"Hexaghost","ascension_level":17}