{"gold_per_floor":[119,1,11,11,11,37,56,56,56,72,72,72,91,106,106,106],"floor_reached":16,"playtime":194,"items_purged":[],"score":152,"play_id":"b221d273-53b7-415b-b910-9222d82c64ae","local_time":"20190806233015","is_ascension_mode":false,"campfire_choices":[{"data":"Glass Knife","floor":8.0,"key":"SMITH"},{"data":"Neutralize","floor":11.0,"key":"SMITH"},{"data":"Well Laid Plans","floor":15.0,"key":"SMITH"}],"neow_cost":"NONE","seed_source_timestamp":5492964826387,"circlet_count":0,"master_deck":["Strike_G","Strike_G","Strike_G","Strike_G","Defend_G","Defend_G","Defend_G","Defend_G","Defend_G","Survivor","Neutralize+1","Flying Knee","Quick Slash","Well Laid Plans+1","Strike_G","Glass Knife+1"],"special_seed":0,"relics":["Ring of the Snake","NeowsBlessing","Pear","Mummified Hand","Singing Bowl"],"potions_floor_usage":[16],"damage_taken":[{"damage":0.0,"enemies":"Jaw Worm","floor":1.0,"turns":1.0},{"damage":0.0,"enemies":"Cultist","floor":3.0,"turns":1.0},{"damage":0.0,"enemies":"Lagavulin","floor":6.0,"turns":1.0},{"damage":0.0,"enemies":"Small Slimes","floor":7.0,"turns":2.0},{"damage":6.0,"enemies":"Exordium Thugs","floor":10.0,"turns":4.0},{"damage":2.0,"enemies":"Looter","floor":13.0,"turns":2.0},{"damage":0.0,"enemies":"3 Louse","floor":14.0,"turns":3.0},{"damage":0,"enemies":"The Guardian","floor":16,"turns":2}],"seed_played":"-6558307259714770950","potions_obtained":[{"floor":6.0,"key":"FearPotion"},{"floor":7.0,"key":"Explosive Potion"},{"floor":13.0,"key":"LiquidBronze"}],"is_trial":false,"path_per_floor":["M","$","M","?","?","E","M","R","T","M","R","?","M","M","R","B"],"character_chosen":"THE_SILENT","items_purchased":["Quick Slash","Well Laid Plans"],"campfire_rested":0,"item_purchase_floors":[2,2],"current_hp_per_floor":[70,70,70,77,77,77,77,77,77,73,73,78,78,80,80,80],"gold":106,"neow_bonus":"THREE_ENEMY_KILL","is_prod":false,"is_daily":false,"chose_seed":false,"campfire_upgraded":3,"win_rate":0,"timestamp":1565159415,"path_taken":["M","$","M","?","?","E","M","R","T","?","R","?","M","M","R","BOSS"],"build_version":"2019-07-18","purchased_purges":0,"victory":false,"max_hp_per_floor":[70,70,70,80,80,80,80,80,80,82,82,87,89,91,91,91],"card_choices":[{"not_picked":["Dodge and Roll","Deadly Poison"],"picked":"Flying Knee","floor":1.0},{"not_picked":["Flying Knee","Dagger Spray"],"picked":"Glass Knife","floor":6.0},{"not_picked":["Reflex","Masterful Stab","Finisher"],"picked":"Singing Bowl","floor":10.0},{"not_picked":["Footwork","Dodge and Roll","All Out Attack"],"picked":"Singing Bowl","floor":13.0},{"not_picked":["All Out Attack","Outmaneuver","Quick Slash"],"picked":"Singing Bowl","floor":14.0}],"player_experience":1382929,"relics_obtained":[{"floor":6.0,"key":"Mummified Hand"},{"floor":9.0,"key":"Singing Bowl"}],"event_choices":[{"damage_healed":0.0,"max_hp_gain":0.0,"max_hp_loss":0.0,"gold_gain":0.0,"event_name":"Scrap Ooze","player_choice":"Success","floor":4.0,"gold_loss":0.0,"damage_taken":3.0,"relics_obtained":["Pear"]},{"cards_removed":["Strike_G"],"damage_healed":0.0,"max_hp_gain":0.0,"max_hp_loss":0.0,"gold_gain":0.0,"event_name":"NoteForYourself","player_choice":"Took Card","floor":5.0,"gold_loss":0.0,"damage_taken":0.0,"cards_obtained":["Strike_G"]},{"damage_healed":0.0,"max_hp_gain":5.0,"max_hp_loss":0.0,"gold_gain":0.0,"event_name":"Big Fish","player_choice":"Donut","floor":12.0,"gold_loss":0.0,"damage_taken":0.0}],"is_beta":true,"boss_relics":[],"items_purged_floors":[],"is_endless":false,"potions_floor_spawned":[6,7,13,14],"killed_by":"The Guardian","ascension_level":0}