{"gold_per_floor":[114,13,24,24,35,68,130,142,142,142,59,89,89,89,89,161,161,180,199,114,131,181,181,208,208,234,244,275,275,275,52,52,126,126,141,141,157,157,157,157,190,190,190,190,190,203,233,133,133,133,133],"floor_reached":52,"playtime":2664,"items_purged":["Defend_B","Regret"],"score":2129,"play_id":"647e67d1-30f9-4bfe-b03a-6b502da4924c","local_time":"20190201152848","is_ascension_mode":true,"campfire_choices":[{"data":"Hello World","floor":10,"key":"SMITH"},{"data":"Hologram","floor":13,"key":"SMITH"},{"floor":15,"key":"REST"},{"data":"Go for the Eyes","floor":23,"key":"SMITH"},{"floor":25,"key":"REST"},{"data":"Machine Learning","floor":30,"key":"SMITH"},{"floor":32,"key":"REST"},{"floor":40,"key":"REST"},{"floor":42,"key":"REST"},{"data":"Apotheosis","floor":44,"key":"SMITH"},{"data":"1","floor":49,"key":"LIFT"}],"neow_cost":"NONE","seed_source_timestamp":4091758090448,"circlet_count":0,"master_deck":["AscendersBane","Strike_B","Strike_B+1","Strike_B","Defend_B","Defend_B","Defend_B","Zap","Dualcast","Glacier+1","Go for the Eyes+1","Cold Snap+1","Loop","Hello World+1","Ball Lightning","Hologram+1","Rebound+1","Conserve Battery","FTL","Coolheaded","All For One","Leap+1","Conserve Battery","Chill+1","All For One","Streamline","Auto Shields","Machine Learning+1","Apotheosis+1","Hologram","Undo","Fission","Sunder","Apotheosis","Deep Breath","Blind","Hologram+1","Madness","Madness","Skim","Capacitor+1","Glacier+1","Beam Cell+1","Rainbow"],"relics":["Cracked Core","Dream Catcher","Matryoshka","Strawberry","Letter Opener","FossilizedHelix","Philosopher\u0027s Stone","Symbiotic Virus","Whetstone","Art of War","Juzu Bracelet","DataDisk","Cursed Key","Anchor","Bottled Lightning","Girya"],"potions_floor_usage":[6,7,12,21,28,46,51],"damage_taken":[{"damage":1,"enemies":"Cultist","floor":1,"turns":3},{"damage":1,"enemies":"Jaw Worm","floor":3,"turns":4},{"damage":1,"enemies":"Small Slimes","floor":5,"turns":4},{"damage":6,"enemies":"Lagavulin","floor":6,"turns":8},{"damage":11,"enemies":"3 Sentries","floor":7,"turns":9},{"damage":6,"enemies":"Exordium Thugs","floor":8,"turns":5},{"damage":28,"enemies":"Gremlin Nob","floor":12,"turns":5},{"damage":24,"enemies":"Hexaghost","floor":16,"turns":12},{"damage":0,"enemies":"Spheric Guardian","floor":18,"turns":4},{"damage":0,"enemies":"Chosen","floor":19,"turns":4},{"damage":2,"enemies":"Snake Plant","floor":21,"turns":4},{"damage":27,"enemies":"Slavers","floor":24,"turns":10},{"damage":0,"enemies":"Snecko","floor":27,"turns":3},{"damage":23,"enemies":"Gremlin Leader","floor":28,"turns":9},{"damage":24,"enemies":"Collector","floor":33,"turns":10},{"damage":0,"enemies":"Orb Walker","floor":35,"turns":3},{"damage":12,"enemies":"3 Shapes","floor":37,"turns":3},{"damage":0,"enemies":"Reptomancer","floor":41,"turns":4},{"damage":3,"enemies":"Writhing Mass","floor":46,"turns":5},{"damage":1,"enemies":"Giant Head","floor":47,"turns":5},{"damage":0,"enemies":"Awakened One","floor":50,"turns":8},{"damage":13,"enemies":"Donu and Deca","floor":51,"turns":5}],"seed_played":"-1340371056959987404","potions_obtained":[{"floor":1,"key":"FocusPotion"},{"floor":5,"key":"SpeedPotion"},{"floor":6,"key":"Regen Potion"},{"floor":8,"key":"Regen Potion"},{"floor":18,"key":"Block Potion"},{"floor":35,"key":"Weak Potion"},{"floor":41,"key":"Dexterity Potion"},{"floor":46,"key":"Regen Potion"}],"is_trial":false,"path_per_floor":["M","$","M","?","M","E","?","M","T","R","$","E","R","?","R","B",null,"M","M","?","M","?","R","E","R","T","M","E","?","R","$","R","B",null,"M","?","M","?","?","R","E","R","T","R","T","M","E","$","R","B","B",null],"character_chosen":"DEFECT","items_purchased":["Go for the Eyes","Rebound","Conserve Battery","Apotheosis","Hologram"],"campfire_rested":5,"item_purchase_floors":[2,11,11,31,31],"current_hp_per_floor":[63,63,62,62,61,55,59,53,60,60,60,32,32,9,32,8,61,61,61,61,59,59,59,32,55,55,55,47,47,47,47,70,46,70,70,60,48,48,34,57,57,78,78,78,78,75,74,74,74,74,61],"gold":133,"neow_bonus":"REMOVE_CARD","is_prod":false,"is_daily":false,"chose_seed":false,"campfire_upgraded":5,"win_rate":0,"timestamp":1549063728,"path_taken":["M","?","M","?","M","E","?","M","T","R","$","E","R","?","R","BOSS","M","M","?","M","?","R","E","R","T","M","E","?","R","$","R","BOSS","M","?","M","?","?","R","E","R","T","R","?","M","E","?","R","BOSS","BOSS"],"build_version":"2019-01-23","purchased_purges":2,"victory":true,"max_hp_per_floor":[71,71,71,71,71,71,71,71,78,78,78,78,78,78,78,78,78,78,78,78,78,78,78,78,78,78,78,78,78,78,78,78,78,78,78,78,78,78,78,78,78,78,78,78,78,78,78,78,78,78,78],"card_choices":[{"not_picked":["Beam Cell","Steam"],"picked":"Glacier","floor":1},{"not_picked":["Turbo","Beam Cell"],"picked":"Cold Snap","floor":3},{"not_picked":["Turbo","Steam"],"picked":"Loop","floor":5},{"not_picked":["Storm","Force Field"],"picked":"Hello World","floor":6},{"not_picked":["Gash","Recycle"],"picked":"Ball Lightning","floor":7},{"not_picked":["Melter","Scrape"],"picked":"Hologram","floor":8},{"not_picked":["Reinforced Body","Biased Cognition"],"picked":"FTL","floor":12},{"not_picked":["Beam Cell","Rebound"],"picked":"Coolheaded","floor":15},{"not_picked":["Meteor Strike","Buffer"],"picked":"All For One","floor":16},{"not_picked":["Ball Lightning","Sweeping Beam"],"picked":"Leap+1","floor":18},{"not_picked":["Rip and Tear","Steam"],"picked":"Conserve Battery","floor":19},{"not_picked":["Steam","Hologram"],"picked":"Chill+1","floor":21},{"not_picked":["Sweeping Beam","Rebound"],"picked":"All For One","floor":24},{"not_picked":["Gash","Barrage"],"picked":"Streamline","floor":25},{"not_picked":["Stack","Turbo"],"picked":"Auto Shields","floor":27},{"not_picked":["Steam","Ball Lightning"],"picked":"Machine Learning","floor":28},{"not_picked":["Rebound","Conserve Battery"],"picked":"Undo","floor":32},{"not_picked":["Core Surge","Creative AI"],"picked":"Fission","floor":33},{"not_picked":["Static Discharge","Turbo"],"picked":"Sunder","floor":35},{"not_picked":["The Bomb","Mayhem"],"picked":"Apotheosis","floor":36},{"not_picked":["Jack Of All Trades","Swift Strike"],"picked":"Deep Breath","floor":36},{"not_picked":["Trip","PanicButton"],"picked":"Blind","floor":36},{"not_picked":["Rebound+1","Sweeping Beam+1"],"picked":"Hologram+1","floor":37},{"not_picked":["Rebound","Barrage"],"picked":"Skim","floor":40},{"not_picked":["Sweeping Beam","Barrage"],"picked":"Capacitor+1","floor":41},{"not_picked":["Streamline","Steam"],"picked":"Glacier+1","floor":42},{"not_picked":["Go for the Eyes","Leap"],"picked":"Beam Cell+1","floor":46},{"not_picked":["Rebound","Leap"],"picked":"Rainbow","floor":47}],"player_experience":1076833,"relics_obtained":[{"floor":6,"key":"Dream Catcher"},{"floor":7,"key":"Matryoshka"},{"floor":9,"key":"Strawberry"},{"floor":9,"key":"Letter Opener"},{"floor":12,"key":"FossilizedHelix"},{"floor":24,"key":"Whetstone"},{"floor":26,"key":"Art of War"},{"floor":26,"key":"Juzu Bracelet"},{"floor":28,"key":"DataDisk"},{"floor":41,"key":"Anchor"},{"floor":43,"key":"Bottled Lightning"},{"floor":47,"key":"Girya"}],"event_choices":[{"damage_healed":0,"gold_gain":0,"player_choice":"Ignored","damage_taken":0,"max_hp_gain":0,"max_hp_loss":0,"event_name":"Liars Game","floor":4,"gold_loss":0},{"damage_healed":0,"gold_gain":0,"player_choice":"Searched \u00271\u0027 times","damage_taken":0,"max_hp_gain":0,"max_hp_loss":0,"event_name":"Dead Adventurer","floor":7,"gold_loss":0},{"damage_healed":0,"gold_gain":0,"player_choice":"Entered Light","damage_taken":23,"max_hp_gain":0,"max_hp_loss":0,"event_name":"Shining Light","floor":14,"gold_loss":0,"cards_upgraded":["Cold Snap","Glacier"]},{"damage_healed":0,"gold_gain":0,"player_choice":"Obtained Relic","damage_taken":0,"relics_obtained":["Symbiotic Virus"],"max_hp_gain":0,"max_hp_loss":0,"event_name":"Addict","floor":20,"gold_loss":85},{"damage_healed":0,"gold_gain":50,"player_choice":"Stole From Cult","damage_taken":0,"max_hp_gain":0,"max_hp_loss":0,"event_name":"Nest","floor":22,"gold_loss":0},{"damage_healed":0,"gold_gain":0,"player_choice":"Ignored","damage_taken":0,"max_hp_gain":0,"max_hp_loss":0,"event_name":"The Mausoleum","floor":29,"gold_loss":0},{"damage_healed":0,"gold_gain":0,"player_choice":"Memory 3","damage_taken":10,"max_hp_gain":0,"max_hp_loss":0,"event_name":"SensoryStone","floor":36,"gold_loss":0},{"damage_healed":0,"gold_gain":0,"player_choice":"Ignored","damage_taken":0,"max_hp_gain":0,"max_hp_loss":0,"event_name":"Mysterious Sphere","floor":38,"gold_loss":0},{"damage_healed":0,"gold_gain":0,"player_choice":"Embrace Madness","damage_taken":14,"max_hp_gain":0,"max_hp_loss":0,"event_name":"Winding Halls","floor":39,"gold_loss":0,"cards_obtained":["Madness","Madness"]}],"is_beta":true,"boss_relics":[{"not_picked":["Ectoplasm","Inserter"],"picked":"Philosopher\u0027s Stone"},{"not_picked":["Pandora\u0027s Box","Empty Cage"],"picked":"Cursed Key"}],"items_purged_floors":[2,48],"is_endless":false,"potions_floor_spawned":[1,5,6,8,18,19,35,41,46],"ascension_level":20}