{"gold_per_floor":[114,131,131,157,82,82,100,128,128,160,160,160,160,176,176,279,279,219,219,119,44,44,44,44,44,44,44,44,44,44,44,44,44,44,44,44,44,44,44,44,44,44,44,44,44,44,44,44,44,44],"floor_reached":50,"playtime":4323,"items_purged":["Strike_G","Strike_G"],"score":548,"play_id":"c98fb4aa-315a-45fb-afe2-46f7da7b4ac2","local_time":"20190524232421","is_ascension_mode":false,"campfire_choices":[{"floor":6,"key":"REST"},{"floor":11,"key":"REST"},{"data":"Neutralize","floor":12,"key":"SMITH"},{"data":"Dagger Spray","floor":13,"key":"SMITH"},{"data":"Dagger Throw","floor":15,"key":"SMITH"},{"data":"Doppelganger","floor":23,"key":"SMITH"},{"floor":25,"key":"REST"},{"data":"Footwork","floor":32,"key":"SMITH"},{"floor":40,"key":"REST"},{"floor":44,"key":"REST"},{"data":"Noxious Fumes","floor":47,"key":"SMITH"},{"floor":49,"key":"REST"}],"neow_cost":"NONE","seed_source_timestamp":782729292831674,"circlet_count":0,"master_deck":["Defend_G","Defend_G","Defend_G+1","Defend_G","Defend_G","Survivor","Neutralize+1","Deadly Poison","Acrobatics","All Out Attack","Dagger Spray+1","PiercingWail","Dagger Throw+1","Doppelganger+1","Acrobatics","Finisher","Well Laid Plans","Blur","Bite","Bite","Bite","Bite","Bite","Prepared+1","Footwork+1","A Thousand Cuts","Sucker Punch","Madness","Madness","Underhanded Strike+1","Footwork+1","Dagger Spray+1","Acrobatics+1","Noxious Fumes+1","Parasite","Backflip"],"relics":["Ring of the Snake","Bag of Marbles","Tingsha","WingedGreaves","Strawberry","Ectoplasm","Torii","Enchiridion","Incense Burner","HoveringKite","Ginger","StoneCalendar"],"potions_floor_usage":[8,10,16,33,37,42,46,48,50,50],"damage_taken":[{"damage":0,"enemies":"Cultist","floor":1,"turns":5},{"damage":8,"enemies":"Jaw Worm","floor":2,"turns":5},{"damage":0,"enemies":"2 Louse","floor":7,"turns":1},{"damage":28,"enemies":"Gremlin Nob","floor":8,"turns":4},{"damage":19,"enemies":"Lagavulin","floor":10,"turns":6},{"damage":0,"enemies":"Looter","floor":14,"turns":2},{"damage":40,"enemies":"The Guardian","floor":16,"turns":12},{"damage":14,"enemies":"2 Thieves","floor":18,"turns":4},{"damage":17,"enemies":"Spheric Guardian","floor":19,"turns":4},{"damage":0,"enemies":"Snake Plant","floor":22,"turns":4},{"damage":12,"enemies":"Book of Stabbing","floor":28,"turns":5},{"damage":1,"enemies":"Chosen and Byrds","floor":30,"turns":4},{"damage":41,"enemies":"Collector","floor":33,"turns":13},{"damage":1,"enemies":"Orb Walker","floor":35,"turns":4},{"damage":20,"enemies":"3 Darklings","floor":37,"turns":6},{"damage":26,"enemies":"Sphere and 2 Shapes","floor":39,"turns":5},{"damage":45,"enemies":"Nemesis","floor":42,"turns":12},{"damage":1,"enemies":"Maw","floor":45,"turns":6},{"damage":11,"enemies":"Spire Growth","floor":46,"turns":5},{"damage":14,"enemies":"Writhing Mass","floor":48,"turns":7},{"damage":63,"enemies":"Time Eater","floor":50,"turns":17}],"seed_played":"-1698465361698261702","potions_obtained":[{"floor":2,"key":"Weak Potion"},{"floor":7,"key":"Poison Potion"},{"floor":10,"key":"AttackPotion"},{"floor":19,"key":"Weak Potion"},{"floor":30,"key":"Poison Potion"},{"floor":33,"key":"Swift Potion"},{"floor":37,"key":"Regen Potion"},{"floor":38,"key":"Dexterity Potion"},{"floor":38,"key":"Energy Potion"},{"floor":39,"key":"Regen Potion"},{"floor":46,"key":"Block Potion"},{"floor":48,"key":"SkillPotion"}],"is_trial":false,"path_per_floor":["M","M","?","T","$","R","M","E","T","E","R","R","R","M","R","B",null,"M","M","$","?","M","R","?","R","T","?","E","?","M","?","R","B",null,"M","?","M","?","M","R","$","E","T","R","M","M","R","M","R","B"],"character_chosen":"THE_SILENT","items_purchased":[],"campfire_rested":6,"item_purchase_floors":[],"current_hp_per_floor":[77,69,54,54,54,77,77,49,49,37,62,62,62,62,62,22,84,70,53,53,53,53,53,53,78,78,62,50,50,58,58,58,39,58,57,50,36,36,16,33,33,17,17,34,43,46,46,36,53,0],"gold":44,"neow_bonus":"TEN_PERCENT_HP_BONUS","is_prod":false,"is_daily":false,"chose_seed":false,"campfire_upgraded":6,"win_rate":0.0,"timestamp":1558754661,"path_taken":["M","M","?","?","$","R","M","E","T","E","R","R","R","M","R","BOSS","M","M","$","?","M","R","?","R","T","?","E","?","M","?","R","BOSS","M","?","M","?","M","R","$","E","T","R","M","M","R","?","R","BOSS"],"build_version":"2019-05-24v2","purchased_purges":2,"victory":false,"max_hp_per_floor":[77,77,77,77,77,77,77,77,77,84,84,84,84,84,84,84,84,84,84,84,84,84,84,84,84,84,84,84,58,58,58,58,58,58,58,58,58,58,58,58,58,58,58,58,58,58,58,58,58,58],"card_choices":[{"not_picked":["Deflect","Underhanded Strike"],"picked":"Deadly Poison","floor":1},{"not_picked":["Eviscerate","Dodge and Roll"],"picked":"Acrobatics","floor":2},{"not_picked":["Prepared","Sucker Punch"],"picked":"All Out Attack","floor":7},{"not_picked":["Unload","Poisoned Stab"],"picked":"Dagger Spray","floor":8},{"not_picked":["Blade Dance","Envenom"],"picked":"PiercingWail","floor":10},{"not_picked":["Outmaneuver","Flying Knee"],"picked":"Dagger Throw","floor":14},{"not_picked":["Phantasmal Killer","Envenom"],"picked":"Doppelganger","floor":16},{"not_picked":["Escape Plan+1","Dagger Throw"],"picked":"Acrobatics","floor":18},{"not_picked":["Blade Dance","Predator+1"],"picked":"Finisher","floor":19},{"not_picked":["Flying Knee","Blade Dance"],"picked":"Well Laid Plans","floor":22},{"not_picked":["All Out Attack","Reflex"],"picked":"Blur","floor":28},{"not_picked":["Flying Knee","Reflex+1"],"picked":"Prepared+1","floor":30},{"not_picked":["Adrenaline","Venomology"],"picked":"A Thousand Cuts","floor":33},{"not_picked":["Deadly Poison","Deflect+1"],"picked":"Sucker Punch","floor":35},{"not_picked":["Deadly Poison+1","Skewer+1"],"picked":"Underhanded Strike+1","floor":37},{"not_picked":["Crippling Poison","Skewer"],"picked":"Footwork+1","floor":39},{"not_picked":["Outmaneuver+1","Slice+1"],"picked":"Dagger Spray+1","floor":42},{"not_picked":["Dodge and Roll","Prepared+1"],"picked":"Acrobatics+1","floor":45},{"not_picked":["Deflect+1","Sucker Punch"],"picked":"Noxious Fumes","floor":46},{"not_picked":["Phantasmal Killer","Dagger Spray+1"],"picked":"Backflip","floor":48}],"player_experience":9724,"relics_obtained":[{"floor":4,"key":"Bag of Marbles"},{"floor":8,"key":"Tingsha"},{"floor":9,"key":"WingedGreaves"},{"floor":10,"key":"Strawberry"},{"floor":26,"key":"Torii"},{"floor":27,"key":"Enchiridion"},{"floor":28,"key":"Incense Burner"},{"floor":42,"key":"Ginger"},{"floor":43,"key":"StoneCalendar"}],"event_choices":[{"damage_healed":0,"gold_gain":0,"player_choice":"Entered Light","damage_taken":15,"max_hp_gain":0,"max_hp_loss":0,"event_name":"Shining Light","floor":3,"gold_loss":0,"cards_upgraded":["Defend_G","Strike_G"]},{"cards_removed":["Strike_G"],"damage_healed":0,"gold_gain":0,"player_choice":"Gave Gold","damage_taken":0,"max_hp_gain":0,"max_hp_loss":0,"event_name":"Beggar","floor":21,"gold_loss":75},{"damage_healed":0,"gold_gain":99,"player_choice":"Stole From Cult","damage_taken":0,"max_hp_gain":0,"max_hp_loss":0,"event_name":"Nest","floor":24,"gold_loss":0},{"damage_healed":0,"gold_gain":0,"player_choice":"Obtained Book","damage_taken":16,"max_hp_gain":0,"max_hp_loss":0,"event_name":"Cursed Tome","floor":27,"gold_loss":0},{"damage_healed":0,"gold_gain":0,"player_choice":"Became a vampire","damage_taken":0,"max_hp_gain":0,"max_hp_loss":26,"event_name":"Vampires","floor":29,"gold_loss":0,"cards_obtained":["Bite","Bite","Bite","Bite","Bite"]},{"damage_healed":0,"gold_gain":0,"player_choice":"Read","damage_taken":0,"max_hp_gain":0,"max_hp_loss":0,"event_name":"The Library","floor":31,"gold_loss":0,"cards_obtained":["Footwork"]},{"damage_healed":0,"gold_gain":0,"player_choice":"Embrace Madness","damage_taken":7,"max_hp_gain":0,"max_hp_loss":0,"event_name":"Winding Halls","floor":36,"gold_loss":0,"cards_obtained":["Madness","Madness"]},{"damage_healed":0,"gold_gain":0,"player_choice":"Got Potions","damage_taken":0,"max_hp_gain":0,"max_hp_loss":0,"event_name":"Lab","floor":38,"gold_loss":0}],"is_beta":true,"boss_relics":[{"not_picked":["Philosopher\u0027s Stone","Empty Cage"],"picked":"Ectoplasm"},{"not_picked":["Runic Pyramid","WristBlade"],"picked":"HoveringKite"}],"items_purged_floors":[5,20],"is_endless":false,"potions_floor_spawned":[2,7,10,19,30,33,37,39,46,48],"killed_by":"Time Eater","ascension_level":0}