{"gold_per_floor":[117,117,31,47,63,63,63,82,82,82,97,113,113,139,139,235,235,253,7,7,25,44,70,100,135,135,135,135,145,162,261,261,366,366,376,376,376,103,103,103,121,121],"floor_reached":42,"playtime":1902,"items_purged":["Defend_B"],"score":601,"play_id":"d74ed8f8-66d5-49d1-83b8-6aff041f8c8c","local_time":"20190814182909","is_ascension_mode":true,"campfire_choices":[{"data":"Sunder","floor":6,"key":"SMITH"},{"data":"Go for the Eyes","floor":10,"key":"SMITH"},{"data":"Buffer","floor":13,"key":"SMITH"},{"data":"Zap","floor":15,"key":"SMITH"},{"floor":24,"key":"DIG"},{"data":"Fission","floor":27,"key":"SMITH"},{"floor":32,"key":"DIG"},{"floor":40,"key":"DIG"}],"neow_cost":"NONE","seed_source_timestamp":364092111552200,"circlet_count":0,"master_deck":["Defend_B","Defend_B","Defend_B","Zap+1","Dualcast","Conserve Battery","Sunder+1","Coolheaded","Go for the Eyes+1","Leap","Streamline","Buffer+1","Hologram","Chill","Fission+1","Loop","Bite","Bite","Bite","Bite","Bite","Coolheaded+1","Buffer","Streamline+1","Magnetism","Hologram"],"relics":["Cracked Core","Dead Branch","Meat on the Bone","Incense Burner","Pantograph","Nuclear Battery","Pear","Shovel","Tiny Chest","Symbiotic Virus","Regal Pillow","Dream Catcher","Snecko Eye","Oddly Smooth Stone","Blue Candle","Molten Egg 2"],"potions_floor_usage":[22,23,29,33,42,42,42],"damage_taken":[{"damage":4,"enemies":"Jaw Worm","floor":1,"turns":4},{"damage":0,"enemies":"Cultist","floor":4,"turns":3},{"damage":4,"enemies":"Small Slimes","floor":5,"turns":3},{"damage":7,"enemies":"Blue Slaver","floor":8,"turns":4},{"damage":5,"enemies":"3 Louse","floor":11,"turns":2},{"damage":7,"enemies":"Exordium Wildlife","floor":12,"turns":3},{"damage":8,"enemies":"3 Sentries","floor":14,"turns":6},{"damage":7,"enemies":"The Guardian","floor":16,"turns":10},{"damage":0,"enemies":"Chosen","floor":18,"turns":5},{"damage":16,"enemies":"Spheric Guardian","floor":21,"turns":7},{"damage":6,"enemies":"Snake Plant","floor":22,"turns":3},{"damage":0,"enemies":"Gremlin Leader","floor":23,"turns":9},{"damage":26,"enemies":"Slavers","floor":25,"turns":8},{"damage":0,"enemies":"Snecko","floor":29,"turns":6},{"damage":0,"enemies":"3 Cultists","floor":30,"turns":5},{"damage":60,"enemies":"Collector","floor":33,"turns":12},{"damage":0,"enemies":"3 Shapes","floor":35,"turns":5},{"damage":3,"enemies":"Orb Walker","floor":41,"turns":3},{"damage":84,"enemies":"Giant Head","floor":42,"turns":9}],"seed_played":"-9055396600935898508","potions_obtained":[{"floor":5,"key":"Block Potion"},{"floor":12,"key":"Explosive Potion"},{"floor":18,"key":"EssenceOfSteel"},{"floor":20,"key":"PowerPotion"},{"floor":20,"key":"SkillPotion"},{"floor":22,"key":"Energy Potion"},{"floor":33,"key":"AttackPotion"},{"floor":41,"key":"LiquidBronze"}],"is_trial":false,"path_per_floor":["M","?","$","M","M","R","T","M","T","R","M","M","R","E","R","B",null,"M","$","?","M","M","E","R","E","T","R","?","M","M","?","R","B",null,"M","?","?","$","T","R","M","E"],"character_chosen":"DEFECT","items_purchased":["Sunder","Coolheaded","Pear","Oddly Smooth Stone","PowerPotion"],"campfire_rested":0,"item_purchase_floors":[3,3,19,38,38],"current_hp_per_floor":[78,60,60,60,56,56,56,49,49,49,44,49,49,53,53,71,79,79,89,89,73,67,67,67,53,53,53,53,59,64,64,64,22,54,64,64,64,64,64,64,63,0],"gold":121,"neow_bonus":"TEN_PERCENT_HP_BONUS","is_prod":false,"is_daily":false,"chose_seed":false,"campfire_upgraded":5,"win_rate":0,"timestamp":1565774949,"path_taken":["M","?","$","M","M","R","?","M","T","R","M","M","R","E","R","BOSS","M","$","?","?","M","E","R","E","T","R","?","M","M","?","R","BOSS","M","?","?","$","?","R","M","E"],"build_version":"2019-07-17","purchased_purges":1,"victory":false,"max_hp_per_floor":[82,82,82,82,82,82,82,82,82,82,82,82,82,82,82,82,82,82,92,92,92,92,92,92,92,92,92,64,64,64,64,64,64,64,64,64,64,64,64,64,64,64],"card_choices":[{"not_picked":["Steam","Barrage"],"picked":"Conserve Battery","floor":1},{"not_picked":["Barrage","White Noise"],"picked":"Go for the Eyes","floor":4},{"not_picked":["Barrage","Turbo"],"picked":"Leap","floor":5},{"not_picked":["Chill","FTL"],"picked":"Streamline","floor":8},{"not_picked":["Streamline","Darkness"],"picked":"Buffer","floor":11},{"not_picked":["Beam Cell","Steam"],"picked":"Hologram","floor":12},{"not_picked":["Stack","Streamline"],"picked":"Chill","floor":14},{"not_picked":["Biased Cognition","Multi-Cast"],"picked":"Fission","floor":16},{"not_picked":["Barrage","Streamline","Heatsinks"],"picked":"SKIP","floor":18},{"not_picked":["Rip and Tear","Stack"],"picked":"Loop","floor":21},{"not_picked":["Beam Cell+1","Force Field","Scrape"],"picked":"SKIP","floor":22},{"not_picked":["Gash+1","Consume","Lockon+1"],"picked":"SKIP","floor":23},{"not_picked":["Heatsinks+1","Ball Lightning","Reprogram"],"picked":"SKIP","floor":25},{"not_picked":["Steam","Go for the Eyes","Stack"],"picked":"SKIP","floor":29},{"not_picked":["Barrage+1","Auto Shields"],"picked":"Coolheaded+1","floor":30},{"not_picked":["Rainbow","All For One"],"picked":"Buffer","floor":33},{"not_picked":["Stack","Compile Driver+1"],"picked":"Streamline+1","floor":35},{"not_picked":["Purity","Bandage Up"],"picked":"Magnetism","floor":36},{"not_picked":["Doom and Gloom+1","Turbo+1"],"picked":"Hologram","floor":41}],"player_experience":141582,"relics_obtained":[{"floor":7,"key":"Meat on the Bone"},{"floor":9,"key":"Incense Burner"},{"floor":14,"key":"Pantograph"},{"floor":23,"key":"Shovel"},{"floor":24,"key":"Tiny Chest"},{"floor":25,"key":"Symbiotic Virus"},{"floor":26,"key":"Regal Pillow"},{"floor":32,"key":"Dream Catcher"},{"floor":39,"key":"Blue Candle"},{"floor":40,"key":"Molten Egg 2"}],"event_choices":[{"damage_healed":0,"gold_gain":0,"player_choice":"Success","damage_taken":18,"relics_obtained":["Dead Branch"],"max_hp_gain":0,"max_hp_loss":0,"event_name":"Scrap Ooze","floor":2,"gold_loss":0},{"damage_healed":0,"gold_gain":0,"player_choice":"Got Potions","damage_taken":0,"max_hp_gain":0,"max_hp_loss":0,"event_name":"Lab","floor":20,"gold_loss":0},{"damage_healed":0,"gold_gain":0,"player_choice":"Became a vampire","damage_taken":0,"max_hp_gain":0,"max_hp_loss":28,"event_name":"Vampires","floor":28,"gold_loss":0,"cards_obtained":["Bite","Bite","Bite","Bite","Bite"]},{"damage_healed":0,"gold_gain":99,"player_choice":"Stole From Cult","damage_taken":0,"max_hp_gain":0,"max_hp_loss":0,"event_name":"Nest","floor":31,"gold_loss":0},{"damage_healed":0,"gold_gain":0,"player_choice":"Memory 1","damage_taken":0,"max_hp_gain":0,"max_hp_loss":0,"event_name":"SensoryStone","floor":36,"gold_loss":0},{"damage_healed":0,"gold_gain":0,"player_choice":"Ignored","damage_taken":0,"max_hp_gain":0,"max_hp_loss":0,"event_name":"Tomb of Lord Red Mask","floor":37,"gold_loss":0}],"is_beta":false,"boss_relics":[{"not_picked":["Velvet Choker","White Beast Statue"],"picked":"Nuclear Battery"},{"not_picked":["Orrery","Inserter"],"picked":"Snecko Eye"}],"items_purged_floors":[38],"is_endless":false,"potions_floor_spawned":[5,12,18,22,33,41],"killed_by":"Giant Head","ascension_level":5}