{"gold_per_floor":[110,110,110,135,148,148,187,210,210,51,51,51,87,110,110,203,203,222,272,232,247,247,278,278,314,314,314,81,119,139,163,163,262,262,276,297,297,297,297,335,398,431,456,492,492,510,550,569,569,569],"floor_reached":51,"playtime":3397,"items_purged":["Compile Driver"],"score":1817,"play_id":"34865f94-10cd-4ef2-b987-607b62401329","local_time":"20180709113142","daily_mods":["Draft","Heirloom","Specialized","Elite Swarm"],"is_ascension_mode":true,"campfire_choices":[{"data":"Hologram","floor":6,"key":"SMITH"},{"data":"Sunder","floor":11,"key":"SMITH"},{"data":"Hologram","floor":15,"key":"SMITH"},{"data":"Coolheaded","floor":24,"key":"SMITH"},{"data":"Coolheaded","floor":27,"key":"SMITH"},{"data":"Capacitor","floor":32,"key":"SMITH"},{"data":"1","floor":45,"key":"LIFT"},{"data":"2","floor":49,"key":"LIFT"}],"neow_cost":"","seed_source_timestamp":0,"circlet_count":0,"master_deck":["AscendersBane","Hologram+1","Cold Snap","Streamline","Coolheaded+1","Coolheaded+1","Coolheaded","Streamline","Streamline","Streamline+1","Reinforced Body","Coolheaded","Stack","Force Field","Leap","Reinforced Body","Melter","Streamline","Core Surge","Coolheaded","Sunder+1","Loop","Machine Learning","Hologram+1","Creative AI","Glacier","Capacitor+1","Capacitor","Heatsinks","Loop+1","Biased Cognition","Creative AI","Leap+1"],"relics":["Snecko Eye","Torii","Golden Idol","FaceOfCleric","Blood Vial","Smiling Mask","Mango","Busted Crown","Nilry\u0027s Codex","Prayer Wheel","Ice Cream","Bottled Lightning","DollysMirror","Potion Belt","Fusion Hammer","Incense Burner","Ginger","Turnip","Girya","DataDisk","Mercury Hourglass","Ancient Tea Set"],"potions_floor_usage":[16,30,40,40,40,41,50],"damage_taken":[{"damage":0,"enemies":"Jaw Worm","floor":1,"turns":2},{"damage":0,"enemies":"Small Slimes","floor":4,"turns":3},{"damage":1,"enemies":"2 Louse","floor":5,"turns":2},{"damage":1,"enemies":"Lagavulin","floor":7,"turns":5},{"damage":0,"enemies":"Red Slaver","floor":8,"turns":3},{"damage":0,"enemies":"3 Sentries","floor":13,"turns":4},{"damage":0,"enemies":"Exordium Wildlife","floor":14,"turns":3},{"damage":11,"enemies":"Slime Boss","floor":16,"turns":5},{"damage":0,"enemies":"2 Thieves","floor":18,"turns":4},{"damage":0,"enemies":"Spheric Guardian","floor":21,"turns":2},{"damage":6,"enemies":"Gremlin Leader","floor":23,"turns":8},{"damage":15,"enemies":"Slavers","floor":25,"turns":5},{"damage":0,"enemies":"Gremlin Leader","floor":29,"turns":9},{"damage":2,"enemies":"3 Cultists","floor":30,"turns":7},{"damage":0,"enemies":"Snake Plant","floor":31,"turns":5},{"damage":8,"enemies":"Automaton","floor":33,"turns":11},{"damage":0,"enemies":"Flame Bruiser 1 Orb","floor":35,"turns":4},{"damage":1,"enemies":"Orb Walker","floor":36,"turns":3},{"damage":0,"floor":38,"turns":6},{"damage":14,"enemies":"2 Orb Walkers","floor":40,"turns":6},{"damage":20,"floor":41,"turns":4},{"damage":1,"enemies":"Giant Head","floor":42,"turns":11},{"damage":0,"enemies":"2 Orb Walkers","floor":44,"turns":6},{"damage":0,"enemies":"Spire Growth","floor":46,"turns":5},{"damage":0,"enemies":"Giant Head","floor":47,"turns":4},{"damage":0,"enemies":"Flame Bruiser 2 Orb","floor":48,"turns":5},{"damage":0,"enemies":"Time Eater","floor":50,"turns":14}],"seed_played":"-290812938886538358","potions_obtained":[{"floor":4,"key":"FairyPotion"},{"floor":13,"key":"Poison Potion"},{"floor":16,"key":"Strength Potion"},{"floor":29,"key":"Block Potion"},{"floor":30,"key":"FearPotion"},{"floor":33,"key":"EssenceOfSteel"},{"floor":37,"key":"FocusPotion"},{"floor":44,"key":"Fire Potion"},{"floor":46,"key":"Strength Potion"}],"is_trial":true,"path_per_floor":["M","?","?","M","M","R","E","M","T","$","R","?","E","M","R","B",null,"M","?","$","M","?","E","R","E","T","R","$","E","M","M","R","B",null,"M","M","?","?","?","E","?","E","T","E","R","M","E","M","R","B"],"character_chosen":"DEFECT","items_purchased":["Sunder","Loop","Glacier","Capacitor","DollysMirror"],"campfire_rested":0,"item_purchase_floors":[10,10,20,28,28],"current_hp_per_floor":[64,64,64,65,65,65,65,68,68,68,68,68,83,84,84,74,82,85,85,85,87,66,63,63,51,51,51,51,54,55,58,58,53,83,86,88,88,91,91,80,63,65,65,68,68,78,88,91,91,94],"gold":569,"neow_bonus":"","is_prod":false,"is_daily":false,"chose_seed":false,"campfire_upgraded":6,"win_rate":0,"timestamp":1531161102,"path_taken":["M","?","?","M","M","R","E","M","T","$","R","?","E","M","R","BOSS","M","?","$","M","?","E","R","E","T","R","$","E","M","?","R","BOSS","M","M","?","?","?","E","?","E","T","E","R","M","E","M","R","BOSS"],"build_version":"2018-07-05","purchased_purges":1,"victory":true,"max_hp_per_floor":[71,64,64,65,66,66,67,68,68,68,68,68,83,84,84,85,85,86,86,86,87,87,88,88,89,89,89,89,90,91,92,92,93,93,94,95,95,96,96,97,98,99,99,100,100,101,102,103,103,104],"card_choices":[{"not_picked":["Redo","Stack"],"picked":"Hologram","floor":0},{"not_picked":["Force Field","Stack"],"picked":"Cold Snap","floor":0},{"not_picked":["Go for the Eyes","Reinforced Body"],"picked":"Streamline","floor":0},{"not_picked":["Steam","Hologram"],"picked":"Coolheaded","floor":0},{"not_picked":["Melter","Ball Lightning"],"picked":"Coolheaded","floor":0},{"not_picked":["Recycle","Stack"],"picked":"Coolheaded","floor":0},{"not_picked":["Genetic Algorithm","Double Energy"],"picked":"Streamline","floor":0},{"not_picked":["Darkness","FTL"],"picked":"Streamline","floor":0},{"not_picked":["Gash","Barrage"],"picked":"Compile Driver","floor":0},{"not_picked":["Recycle","Blizzard"],"picked":"Streamline","floor":0},{"not_picked":["Heatsinks","Aggregate"],"picked":"Reinforced Body","floor":0},{"not_picked":["Reprogram","Go for the Eyes"],"picked":"Coolheaded","floor":0},{"not_picked":["Compile Driver","Go for the Eyes"],"picked":"Stack","floor":0},{"not_picked":["Rebound","Steam"],"picked":"Force Field","floor":0},{"not_picked":["Stack","Auto Shields"],"picked":"Leap","floor":0},{"not_picked":["Compile Driver","Scrape"],"picked":"Reinforced Body","floor":1},{"not_picked":["Chaos","Barrage"],"picked":"Melter","floor":4},{"not_picked":["Steam Power","Beam Cell"],"picked":"Streamline","floor":5},{"not_picked":["Reboot","Thunder Strike"],"picked":"Core Surge","floor":7},{"not_picked":["Leap","Cold Snap"],"picked":"Coolheaded","floor":8},{"not_picked":["Rainbow","Amplify"],"picked":"Machine Learning","floor":13},{"not_picked":["Tempest","Redo"],"picked":"Hologram","floor":14},{"not_picked":["Fission","Reboot"],"picked":"Creative AI","floor":16},{"not_picked":["Ball Lightning"],"picked":"SKIP","floor":18},{"not_picked":["Multi-Cast"],"picked":"SKIP","floor":23},{"not_picked":["Thunder Strike"],"picked":"SKIP","floor":29},{"not_picked":["Barrage"],"picked":"SKIP","floor":30},{"not_picked":["Rebound"],"picked":"SKIP","floor":30},{"not_picked":["Reinforced Body+1"],"picked":"SKIP","floor":31},{"not_picked":["Leap"],"picked":"SKIP","floor":31},{"not_picked":[],"picked":"Heatsinks","floor":35},{"not_picked":["Stack"],"picked":"SKIP","floor":35},{"not_picked":["Static Discharge"],"picked":"SKIP","floor":36},{"not_picked":["Conserve Battery"],"picked":"SKIP","floor":36},{"not_picked":[],"picked":"Loop+1","floor":41},{"not_picked":[],"picked":"Biased Cognition","floor":42},{"not_picked":[],"picked":"Creative AI","floor":44},{"not_picked":["Cold Snap+1"],"picked":"SKIP","floor":46},{"not_picked":["Coolheaded"],"picked":"SKIP","floor":46},{"not_picked":["Thunder Strike"],"picked":"SKIP","floor":47},{"not_picked":[],"picked":"Leap+1","floor":48},{"not_picked":["Leap"],"picked":"SKIP","floor":48}],"player_experience":540726,"relics_obtained":[{"floor":7,"key":"Blood Vial"},{"floor":9,"key":"Smiling Mask"},{"floor":13,"key":"Mango"},{"floor":22,"key":"Nilry\u0027s Codex"},{"floor":23,"key":"Prayer Wheel"},{"floor":25,"key":"Ice Cream"},{"floor":26,"key":"Bottled Lightning"},{"floor":29,"key":"Potion Belt"},{"floor":38,"key":"Incense Burner"},{"floor":40,"key":"Ginger"},{"floor":41,"key":"Turnip"},{"floor":42,"key":"Girya"},{"floor":43,"key":"DataDisk"},{"floor":44,"key":"Mercury Hourglass"},{"floor":47,"key":"Ancient Tea Set"}],"event_choices":[{"event_name":"Golden Idol","player_choice":"Lose Max HP","floor":2,"damage_taken":0},{"event_name":"FaceTrader","player_choice":"Trade","floor":3,"damage_taken":0},{"event_name":"Upgrade Shrine","player_choice":"Upgraded","floor":12,"damage_taken":0},{"event_name":"Nest","player_choice":"Stole From Cult","floor":19,"damage_taken":0},{"event_name":"Cursed Tome","player_choice":"Obtained Book","floor":22,"damage_taken":0},{"event_name":"The Lab","player_choice":"Got Potions","floor":37,"damage_taken":0},{"event_name":"MindBloom","player_choice":"Fight","floor":38,"damage_taken":0},{"event_name":"SensoryStone","player_choice":"Memory 1","floor":39,"damage_taken":0},{"event_name":"Mysterious Sphere","player_choice":"Fight","floor":41,"damage_taken":0}],"boss_relics":[{"not_picked":["Cursed Key","Ectoplasm"],"picked":"Busted Crown"},{"not_picked":["Tiny House","Pandora\u0027s Box"],"picked":"Fusion Hammer"}],"items_purged_floors":[10],"is_endless":false,"potions_floor_spawned":[4,13,16,18,29,30,33,36,44,46],"ascension_level":15}