{"gold_per_floor":[119,119,138,186,24,55,55,74,127,153,167,44,44,44,44,115,115,131,131,6,56,56,56,88,110,146,158,182,226,238,51,51,129,129,141,158,158,208,224,224,264,314,314,314,330,330,380,156,156,156],"floor_reached":50,"playtime":2102,"items_purged":["Shame"],"score":1093,"play_id":"085c1918-e087-4ddb-9bfe-cd7cd0106382","local_time":"20190126000952","is_ascension_mode":true,"campfire_choices":[{"data":"Dualcast","floor":7,"key":"SMITH"},{"data":"1","floor":13,"key":"LIFT"},{"data":"2","floor":15,"key":"LIFT"},{"data":"3","floor":23,"key":"LIFT"},{"floor":27,"key":"REST"},{"floor":32,"key":"REST"},{"floor":40,"key":"REST"},{"floor":44,"key":"REST"},{"floor":46,"key":"RECALL"},{"floor":49,"key":"REST"}],"neow_cost":"NONE","seed_source_timestamp":190186334296501,"circlet_count":0,"master_deck":["AscendersBane","Strike_B+1","Strike_B+1","Strike_B+1","Strike_B+1","Defend_B+1","Defend_B+1","Defend_B+1","Zap+1","Dualcast+1","Coolheaded+1","Coolheaded+1","Chill+1","White Noise+1","Coolheaded+1","Melter+1","Melter+1","White Noise+1","Core Surge+1","Streamline+1","Biased Cognition+1","Hologram+1","Steam+1","Cold Snap+1","Creative AI+1","Hello World+1","Reinforced Body+1","Rainbow+1","Blizzard+1","Defragment+1","Magnetism+1","Mind Blast+1","Cold Snap+1","Consume+1","Reinforced Body+1","Turbo+1"],"relics":["Cracked Core","NeowsBlessing","War Paint","DataDisk","Gambling Chip","PreservedInsect","Girya","Fusion Hammer","Pear","MawBank","Dream Catcher","Juzu Bracelet","SsserpentHead","Bag of Preparation","Lizard Tail","Bottled Flame","Mark of the Bloom","Strange Spoon"],"potions_floor_usage":[16,24,29],"damage_taken":[{"damage":0,"enemies":"2 Louse","floor":1,"turns":1},{"damage":0,"enemies":"Jaw Worm","floor":3,"turns":1},{"damage":0,"enemies":"Gremlin Nob","floor":6,"turns":1},{"damage":1,"enemies":"Small Slimes","floor":8,"turns":3},{"damage":5,"enemies":"3 Sentries","floor":10,"turns":11},{"damage":1,"enemies":"Blue Slaver","floor":11,"turns":3},{"damage":2,"enemies":"The Guardian","floor":16,"turns":9},{"damage":0,"enemies":"3 Byrds","floor":18,"turns":6},{"damage":13,"enemies":"Slavers","floor":24,"turns":6},{"damage":14,"enemies":"Shell Parasite","floor":25,"turns":4},{"damage":11,"enemies":"Chosen and Byrds","floor":28,"turns":5},{"damage":0,"enemies":"Gremlin Leader","floor":29,"turns":7},{"damage":53,"enemies":"Automaton","floor":33,"turns":9},{"damage":0,"enemies":"3 Shapes","floor":35,"turns":7},{"damage":0,"enemies":"Orb Walker","floor":36,"turns":3},{"damage":17,"enemies":"Spire Growth","floor":39,"turns":6},{"damage":3,"enemies":"4 Shapes","floor":41,"turns":8},{"damage":0,"enemies":"Sphere and 2 Shapes","floor":45,"turns":5},{"damage":84,"enemies":"Time Eater","floor":50,"turns":14}],"seed_played":"9086076923315906660","potions_obtained":[{"floor":3,"key":"FearPotion"},{"floor":11,"key":"PowerPotion"},{"floor":16,"key":"Swift Potion"},{"floor":28,"key":"Strength Potion"},{"floor":36,"key":"GamblersBrew"}],"is_trial":false,"path_per_floor":["M","?","M","T","$","E","R","M","T","E","M","$","R","?","R","B",null,"M","?","$","?","?","R","E","M","T","R","M","E","?","$","R","B",null,"M","M","$","?","M","R","M","?","T","R","M","R","?","$","R","B"],"character_chosen":"DEFECT","items_purchased":["DataDisk","Melter","White Noise","Streamline","Hello World","Bag of Preparation","Strange Spoon"],"campfire_rested":5,"item_purchase_floors":[5,12,12,20,31,31,48],"current_hp_per_floor":[64,64,64,64,64,64,64,63,63,58,57,57,57,50,50,48,65,65,75,75,75,75,75,62,48,48,72,61,61,61,61,81,28,68,68,68,68,58,41,65,62,62,62,77,77,77,77,77,77,0],"gold":156,"neow_bonus":"THREE_ENEMY_KILL","is_prod":false,"is_daily":false,"chose_seed":false,"campfire_upgraded":1,"win_rate":0,"timestamp":1548490192,"path_taken":["M","?","M","?","$","E","R","M","T","E","M","$","R","?","R","BOSS","M","?","$","?","?","R","E","M","T","R","M","E","?","?","R","BOSS","M","M","$","?","M","R","M","?","T","R","M","R","?","$","R","BOSS"],"build_version":"2019-01-23","purchased_purges":1,"victory":false,"max_hp_per_floor":[71,71,71,71,71,71,71,71,71,71,71,71,71,71,71,71,71,71,81,81,81,81,81,81,81,81,81,81,81,81,81,81,81,81,81,81,81,81,81,81,81,77,77,77,77,77,77,77,77,77],"card_choices":[{"not_picked":["Gash","Rebound"],"picked":"Coolheaded","floor":1},{"not_picked":["Redo","Stack"],"picked":"Coolheaded","floor":3},{"not_picked":["Hyperbeam","Rebound"],"picked":"Chill","floor":6},{"not_picked":["Turbo","Conserve Battery"],"picked":"White Noise","floor":8},{"not_picked":["Go for the Eyes","Reboot"],"picked":"Coolheaded","floor":10},{"not_picked":["Compile Driver","Fusion"],"picked":"Melter","floor":11},{"not_picked":["Reboot","Buffer"],"picked":"Core Surge","floor":16},{"not_picked":["Leap","Double Energy"],"picked":"Biased Cognition","floor":24},{"not_picked":["Turbo","Steam"],"picked":"Hologram","floor":25},{"not_picked":["Skim","Streamline"],"picked":"Steam+1","floor":27},{"not_picked":["Coolheaded","Barrage"],"picked":"Cold Snap+1","floor":28},{"not_picked":["Lockon+1","Sweeping Beam"],"picked":"Creative AI","floor":29},{"not_picked":["Streamline","Turbo"],"picked":"Reinforced Body+1","floor":32},{"not_picked":["Thunder Strike","Multi-Cast"],"picked":"Rainbow","floor":33},{"not_picked":["Ball Lightning+1","Leap"],"picked":"Blizzard","floor":35},{"not_picked":["Coolheaded","Tempest"],"picked":"Defragment","floor":36},{"not_picked":["Violence","Purity"],"picked":"Magnetism","floor":38},{"not_picked":["Swift Strike","Purity"],"picked":"Mind Blast","floor":38},{"not_picked":["Self Repair","Ball Lightning"],"picked":"Cold Snap+1","floor":39},{"not_picked":["Barrage","Tempest+1"],"picked":"Consume","floor":41},{"not_picked":["Gash","Compile Driver"],"picked":"Reinforced Body","floor":44},{"not_picked":["Coolheaded","Genetic Algorithm+1"],"picked":"Turbo+1","floor":49}],"player_experience":1049801,"relics_obtained":[{"floor":4,"key":"War Paint"},{"floor":6,"key":"Gambling Chip"},{"floor":9,"key":"PreservedInsect"},{"floor":10,"key":"Girya"},{"floor":24,"key":"MawBank"},{"floor":26,"key":"Dream Catcher"},{"floor":29,"key":"Juzu Bracelet"},{"floor":43,"key":"Bottled Flame"}],"event_choices":[{"damage_healed":0,"gold_gain":0,"player_choice":"Leave","damage_taken":0,"max_hp_gain":0,"max_hp_loss":0,"event_name":"The Cleric","floor":2,"gold_loss":0},{"cards_removed":["Defend_B"],"damage_healed":0,"gold_gain":0,"player_choice":"Card Removal","damage_taken":7,"max_hp_gain":0,"max_hp_loss":0,"event_name":"Golden Wing","floor":14,"gold_loss":0},{"damage_healed":0,"gold_gain":0,"player_choice":"Stole Relic","damage_taken":0,"relics_obtained":["Pear"],"max_hp_gain":0,"max_hp_loss":0,"event_name":"Addict","floor":19,"gold_loss":0,"cards_obtained":["Shame"]},{"damage_healed":0,"gold_gain":50,"player_choice":"Stole From Cult","damage_taken":0,"max_hp_gain":0,"max_hp_loss":0,"event_name":"Nest","floor":21,"gold_loss":0},{"damage_healed":0,"gold_gain":0,"player_choice":"Ignored","damage_taken":0,"max_hp_gain":0,"max_hp_loss":0,"event_name":"Beggar","floor":22,"gold_loss":0},{"damage_healed":0,"gold_gain":0,"player_choice":"Trade","damage_taken":0,"relics_obtained":["SsserpentHead"],"max_hp_gain":0,"max_hp_loss":0,"event_name":"FaceTrader","floor":30,"gold_loss":0},{"damage_healed":0,"gold_gain":0,"player_choice":"Memory 3","damage_taken":10,"max_hp_gain":0,"max_hp_loss":0,"event_name":"SensoryStone","floor":38,"gold_loss":0},{"damage_healed":0,"gold_gain":0,"player_choice":"Max HP","damage_taken":0,"max_hp_gain":0,"max_hp_loss":4,"event_name":"Winding Halls","floor":42,"gold_loss":0},{"damage_healed":0,"gold_gain":0,"player_choice":"Upgrade","damage_taken":0,"relics_obtained":["Mark of the Bloom"],"max_hp_gain":0,"max_hp_loss":0,"event_name":"MindBloom","floor":47,"gold_loss":0,"cards_upgraded":["Strike_B","Strike_B","Strike_B","Strike_B","Defend_B","Defend_B","Coolheaded","Coolheaded","Chill","White Noise","Coolheaded","Melter","Melter","White Noise","Core Surge","Streamline","Biased Cognition","Hologram","Creative AI","Hello World","Rainbow","Blizzard","Defragment","Magnetism","Mind Blast","Consume","Reinforced Body"]}],"is_beta":true,"boss_relics":[{"not_picked":["Philosopher\u0027s Stone","Empty Cage"],"picked":"Fusion Hammer"},{"not_picked":["Eternal Feather","Runic Pyramid"],"picked":"Lizard Tail"}],"items_purged_floors":[20],"is_endless":false,"potions_floor_spawned":[3,11,16,28,36,39],"killed_by":"Time Eater","ascension_level":20}