{"path_per_floor":["M","M","M","$","M","E","$","R","T","R","?","T","M","?","R","B",null,"M","M","M","$","M","R","M","?","T","R","M","T","E","$","R"],"character_chosen":"THE_SILENT","items_purchased":["Bullet Time","Bottled Lightning","Bouncing Flask","SkillPotion"],"gold_per_floor":[112,129,147,3,15,46,46,46,46,46,46,115,128,128,128,227,227,241,257,276,38,53,53,64,64,64,64,79,106,131,4,4,4],"floor_reached":33,"campfire_rested":4,"playtime":2490,"item_purchase_floors":[4,21,31,31],"current_hp_per_floor":[70,69,68,68,59,39,39,60,60,60,60,60,60,60,60,28,70,49,41,37,37,16,37,27,27,27,48,11,11,7,7,28,0],"items_purged":[],"gold":4,"score":267,"play_id":"8f406e5e-2fb6-4455-a46b-b98b809e401c","local_time":"20180604163540","is_prod":false,"is_daily":false,"chose_seed":false,"is_ascension_mode":false,"campfire_upgraded":2,"win_rate":0.0,"timestamp":1528144540,"campfire_choices":[{"floor":8,"key":"REST"},{"data":"Neutralize","floor":10,"key":"SMITH"},{"data":"Blade Dance","floor":15,"key":"SMITH"},{"floor":23,"key":"REST"},{"floor":27,"key":"REST"},{"floor":32,"key":"REST"}],"path_taken":["M","M","M","$","M","E","$","R","T","R","?","?","M","?","R","BOSS","M","?","M","$","M","R","M","?","T","R","M","?","E","$","R","BOSS"],"build_version":"2018-05-31","seed_source_timestamp":26034876733295,"purchased_purges":0,"victory":false,"master_deck":["Defend_G","Defend_G","Defend_G","Defend_G","Defend_G","Strike_G","Strike_G","Strike_G","Strike_G","Survivor","Neutralize+1","Distraction","Terror","Bullet Time","Deflect","Blade Dance+1","Crippling Poison","Glass Knife","Blade Dance","Dash+1","Bouncing Flask"],"max_hp_per_floor":[70,70,70,70,70,70,70,70,70,70,70,70,70,70,70,70,70,70,70,70,70,70,70,70,70,70,70,70,70,70,70,70,70],"relics":["Ring of the Snake","Oddly Smooth Stone","Centennial Puzzle","Shuriken","White Beast Statue","Bottled Lightning","Mercury Hourglass","Snake Skull","Gremlin Horn"],"card_choices":[{"not_picked":["Acrobatics","Malaise"],"picked":"Eviscerate","floor":1},{"not_picked":["Outmaneuver","Backflip"],"picked":"Distraction","floor":2},{"not_picked":["Malaise","Quick Slash"],"picked":"Terror","floor":3},{"not_picked":["Dodge and Roll","Deadly Poison"],"picked":"Deflect","floor":5},{"not_picked":["Underhanded Strike","Deadly Poison"],"picked":"Blade Dance","floor":6},{"not_picked":["Backstab","Slice","Flying Knee"],"picked":"SKIP","floor":13},{"not_picked":["Bullet Time","Tactician"],"picked":"Glass Knife","floor":16},{"not_picked":["Crippling Poison+1","Outmaneuver"],"picked":"Blade Dance","floor":18},{"not_picked":["Underhanded Strike","Outmaneuver","Bane"],"picked":"SKIP","floor":19},{"not_picked":["Sucker Punch","Deadly Poison","Poisoned Stab"],"picked":"SKIP","floor":20},{"not_picked":["Leg Sweep","Dodge and Roll","Caltrops"],"picked":"SKIP","floor":22},{"not_picked":["Acrobatics","Backstab","Noxious Fumes"],"picked":"SKIP","floor":24},{"not_picked":["Bane","Catalyst","Distraction"],"picked":"SKIP","floor":28},{"not_picked":["Flying Knee+1","Doppelganger"],"picked":"Dash+1","floor":30}],"player_experience":29732,"potions_floor_usage":[3,5,13,16,20,22,24,28,30,33,33],"damage_taken":[{"damage":0,"enemies":"Small Slimes","floor":1,"turns":4},{"damage":1,"enemies":"Cultist","floor":2,"turns":4},{"damage":1,"enemies":"Jaw Worm","floor":3,"turns":4},{"damage":9,"enemies":"Exordium Wildlife","floor":5,"turns":7},{"damage":20,"enemies":"Gremlin Nob","floor":6,"turns":4},{"damage":0,"enemies":"Large Slime","floor":13,"turns":7},{"damage":32,"enemies":"The Guardian","floor":16,"turns":8},{"damage":21,"enemies":"Spheric Guardian","floor":18,"turns":5},{"damage":8,"enemies":"Chosen","floor":19,"turns":5},{"damage":4,"enemies":"Snake Plant","floor":20,"turns":3},{"damage":21,"enemies":"Sentry and Sphere","floor":22,"turns":7},{"damage":10,"enemies":"Centurion and Healer","floor":24,"turns":5},{"damage":37,"enemies":"Slaver and Parasite","floor":28,"turns":5},{"damage":31,"enemies":"Slavers","floor":30,"turns":5},{"damage":41,"enemies":"Champ","floor":33,"turns":7}],"relics_obtained":[{"floor":6,"key":"Oddly Smooth Stone"},{"floor":9,"key":"Centennial Puzzle"},{"floor":12,"key":"Shuriken"},{"floor":26,"key":"Mercury Hourglass"},{"floor":29,"key":"Snake Skull"},{"floor":30,"key":"Gremlin Horn"}],"event_choices":[{"event_name":"The Lab","player_choice":"Got Potions","floor":11,"damage_taken":0},{"event_name":"Living Wall","player_choice":"Change","floor":14,"damage_taken":0},{"event_name":"The Woman in Blue","player_choice":"Bought 0 Potions","floor":25,"damage_taken":0}],"boss_relics":[{"not_picked":["Orrery","Tiny House"],"picked":"White Beast Statue"}],"items_purged_floors":[],"potions_floor_spawned":[3,6,18,19,20,22,24,28,30],"seed_played":"-4952761932967160232","killed_by":"Champ","ascension_level":0,"potions_obtained":[{"floor":3,"key":"Ancient Potion"},{"floor":6,"key":"AttackPotion"},{"floor":11,"key":"FairyPotion"},{"floor":11,"key":"Explosive Potion"},{"floor":18,"key":"Explosive Potion"},{"floor":19,"key":"FairyPotion"},{"floor":20,"key":"Ancient Potion"},{"floor":22,"key":"Poison Potion"},{"floor":24,"key":"Explosive Potion"},{"floor":28,"key":"Energy Potion"},{"floor":30,"key":"Ancient Potion"}],"is_trial":false}