{"gold_per_floor":[110,128,128,148,148,148,181,201,224,253,15,15,74,98,98,198,198,211,211,221,181,181,181,195,206,206,206,235,160,171,171,171,274,274,294,294,294,305,305,340,340,360,387,387,125,125,125],"floor_reached":47,"playtime":2076,"items_purged":["Defend_B"],"score":503,"play_id":"c1f41408-680c-46b9-a59d-882b2601aa10","local_time":"20190118203217","is_ascension_mode":true,"campfire_choices":[{"data":"Dualcast","floor":6.0,"key":"SMITH"},{"floor":12.0,"key":"REST"},{"data":"Defragment","floor":15.0,"key":"SMITH"},{"data":"Rainbow","floor":23.0,"key":"SMITH"},{"floor":32.0,"key":"REST"},{"floor":41.0,"key":"REST"}],"neow_cost":"NONE","seed_source_timestamp":0,"circlet_count":0,"master_deck":["Strike_B","Defend_B","Defend_B","Defend_B","Zap+1","Dualcast+1","Sweeping Beam","Leap","Coolheaded+1","Defragment+1","Capacitor","Capacitor","Redo","Ball Lightning+1","Self Repair","Rainbow+1","Redo","Rebound+1","Compile Driver+1","Rainbow+1","Cold Snap","Good Instincts","Consume+1"],"special_seed":0,"relics":["Cracked Core","Bronze Scales","Juzu Bracelet","Regal Pillow","Lantern","DataDisk","Odd Mushroom","Inserter","Enchiridion","Potion Belt","Mango","Sozu","Du-Vu Doll","Smiling Mask","Bottled Flame"],"potions_floor_usage":[],"damage_taken":[{"damage":1.0,"enemies":"Cultist","floor":1.0,"turns":3.0},{"damage":0.0,"enemies":"2 Louse","floor":2.0,"turns":3.0},{"damage":0.0,"enemies":"Small Slimes","floor":4.0,"turns":3.0},{"damage":16.0,"enemies":"Lagavulin","floor":7.0,"turns":8.0},{"damage":4.0,"enemies":"2 Fungi Beasts","floor":8.0,"turns":3.0},{"damage":16.0,"enemies":"3 Sentries","floor":10.0,"turns":7.0},{"damage":34.0,"enemies":"Lagavulin Event","floor":13.0,"turns":8.0},{"damage":7.0,"enemies":"The Mushroom Lair","floor":14.0,"turns":4.0},{"damage":14.0,"enemies":"Hexaghost","floor":16.0,"turns":8.0},{"damage":6.0,"enemies":"Chosen","floor":18.0,"turns":4.0},{"damage":4.0,"enemies":"Shell Parasite","floor":20.0,"turns":5.0},{"damage":9.0,"enemies":"Centurion and Healer","floor":24.0,"turns":8.0},{"damage":1.0,"enemies":"Snecko","floor":25.0,"turns":4.0},{"damage":62.0,"enemies":"Slavers","floor":28.0,"turns":6.0},{"damage":17.0,"enemies":"Snake Plant","floor":30.0,"turns":3.0},{"damage":5.0,"enemies":"Collector","floor":33.0,"turns":9.0},{"damage":25.0,"enemies":"3 Darklings","floor":35.0,"turns":5.0},{"damage":24.0,"enemies":"3 Shapes","floor":38.0,"turns":3.0},{"damage":31.0,"enemies":"Nemesis","floor":40.0,"turns":7.0},{"damage":31.0,"enemies":"3 Darklings","floor":42.0,"turns":5.0},{"damage":66,"enemies":"Reptomancer","floor":47,"turns":4}],"seed_played":"3275620287665200745","potions_obtained":[{"floor":2.0,"key":"AttackPotion"},{"floor":7.0,"key":"Weak Potion"},{"floor":13.0,"key":"Dexterity Potion"},{"floor":16.0,"key":"FearPotion"},{"floor":20.0,"key":"Weak Potion"},{"floor":25.0,"key":"Dexterity Potion"},{"floor":33.0,"key":"Fruit Juice"}],"is_trial":false,"path_per_floor":["M","M","?","M","?","R","E","M","T","E","$","R","?","?","R","B",null,"M","?","M","?","?","R","M","M","T","?","E","$","M","$","R","B",null,"M","$","?","M","$","E","R","M","T","?","$","?","E"],"character_chosen":"DEFECT","items_purchased":["Capacitor","Redo","Lantern","Bottled Flame"],"campfire_rested":3,"item_purchase_floors":[11,11,11,45],"current_hp_per_floor":[74,74,74,74,74,74,58,54,54,38,38,75,41,34,34,27,75,75,75,75,75,59,59,57,63,63,63,22,22,5,5,46,41,94,76,76,76,59,59,35,78,54,54,54,54,54,0],"gold":125,"neow_bonus":"REMOVE_CARD","is_prod":false,"is_daily":false,"chose_seed":false,"campfire_upgraded":3,"win_rate":0,"timestamp":1547861537,"path_taken":["M","M","?","?","?","R","E","M","T","E","$","R","?","?","R","BOSS","M","?","M","?","?","R","M","M","T","?","E","?","M","$","R","BOSS","M","$","?","M","$","E","R","M","T","?","$","?","E"],"build_version":"2019-01-17v2","purchased_purges":1,"victory":false,"max_hp_per_floor":[75,75,75,75,75,75,75,75,75,75,75,75,75,75,75,75,75,75,75,75,75,75,75,75,75,75,75,89,89,89,89,89,89,94,94,94,94,94,94,94,94,94,94,89,89,89,89],"card_choices":[{"not_picked":["Compile Driver","Conserve Battery"],"picked":"Sweeping Beam","floor":1.0},{"not_picked":["Stack","Lockon"],"picked":"Leap","floor":2.0},{"not_picked":["Cold Snap","White Noise"],"picked":"Coolheaded","floor":4.0},{"not_picked":["Steam Power","Sweeping Beam"],"picked":"Defragment","floor":7.0},{"not_picked":["Static Discharge","Coolheaded","Compile Driver"],"picked":"SKIP","floor":8.0},{"not_picked":["Compile Driver","Redo"],"picked":"Capacitor","floor":10.0},{"not_picked":["Steam","Fusion"],"picked":"Ball Lightning","floor":13.0},{"not_picked":["Multi-Cast","Storm"],"picked":"Self Repair","floor":14.0},{"not_picked":["Amplify","Multi-Cast"],"picked":"Rainbow","floor":16.0},{"not_picked":["Fusion","Compile Driver"],"picked":"Redo","floor":18.0},{"not_picked":["Hologram","Stack+1","Melter"],"picked":"SKIP","floor":20.0},{"not_picked":["Compile Driver","Redo","Fusion"],"picked":"SKIP","floor":24.0},{"not_picked":["Steam","Beam Cell"],"picked":"Compile Driver+1","floor":25.0},{"not_picked":["Streamline","Turbo"],"picked":"Cold Snap","floor":28.0},{"not_picked":["Stack","Electrodynamics","Turbo"],"picked":"SKIP","floor":30.0},{"not_picked":["Fusion","Double Energy","Beam Cell+1"],"picked":"SKIP","floor":35.0},{"not_picked":["Mind Blast","Metamorphosis"],"picked":"Good Instincts","floor":37.0},{"not_picked":["Rip and Tear+1","Beam Cell","Coolheaded"],"picked":"SKIP","floor":38.0},{"not_picked":["Leap+1","Gash+1"],"picked":"Consume+1","floor":40.0},{"not_picked":["Beam Cell+1","Gash+1","Tempest+1"],"picked":"SKIP","floor":42.0}],"player_experience":40013,"relics_obtained":[{"floor":7.0,"key":"Bronze Scales"},{"floor":9.0,"key":"Juzu Bracelet"},{"floor":10.0,"key":"Regal Pillow"},{"floor":13.0,"key":"DataDisk"},{"floor":14.0,"key":"Odd Mushroom"},{"floor":22.0,"key":"Enchiridion"},{"floor":26.0,"key":"Potion Belt"},{"floor":28.0,"key":"Mango"},{"floor":40.0,"key":"Du-Vu Doll"},{"floor":43.0,"key":"Smiling Mask"}],"event_choices":[{"damage_healed":0.0,"max_hp_gain":0.0,"max_hp_loss":0.0,"gold_gain":0.0,"event_name":"Accursed Blacksmith","player_choice":"Forge","floor":3.0,"gold_loss":0.0,"damage_taken":0.0,"cards_upgraded":["Zap"]},{"damage_healed":0.0,"max_hp_gain":0.0,"max_hp_loss":0.0,"gold_gain":0.0,"event_name":"Living Wall","player_choice":"Grow","floor":5.0,"gold_loss":0.0,"damage_taken":0.0,"cards_upgraded":["Coolheaded"]},{"damage_healed":0.0,"max_hp_gain":0.0,"max_hp_loss":0.0,"gold_gain":0.0,"event_name":"Dead Adventurer","player_choice":"Searched \u00271\u0027 times","floor":13.0,"gold_loss":0.0,"damage_taken":0.0},{"damage_healed":0.0,"max_hp_gain":0.0,"max_hp_loss":0.0,"gold_gain":0.0,"event_name":"Mushrooms","player_choice":"Fought Mushrooms","floor":14.0,"gold_loss":0.0,"damage_taken":0.0},{"damage_healed":0.0,"max_hp_gain":0.0,"max_hp_loss":0.0,"gold_gain":0.0,"cards_transformed":["Strike_B"],"event_name":"Transmorgrifier","player_choice":"Transformed","floor":19.0,"gold_loss":0.0,"damage_taken":0.0,"cards_obtained":["Rebound"]},{"damage_healed":0.0,"max_hp_gain":0.0,"max_hp_loss":0.0,"gold_gain":0.0,"event_name":"Designer","player_choice":"Upgraded Two","floor":21.0,"gold_loss":40.0,"damage_taken":0.0,"cards_upgraded":["Ball Lightning","Rebound"]},{"damage_healed":0.0,"max_hp_gain":0.0,"max_hp_loss":0.0,"gold_gain":0.0,"event_name":"Cursed Tome","player_choice":"Obtained Book","floor":22.0,"gold_loss":0.0,"damage_taken":16.0},{"damage_healed":0.0,"max_hp_gain":0.0,"max_hp_loss":0.0,"gold_gain":0.0,"event_name":"Duplicator","player_choice":"Copied","floor":27.0,"gold_loss":0.0,"damage_taken":0.0,"cards_obtained":["Rainbow"]},{"damage_healed":0.0,"max_hp_gain":0.0,"max_hp_loss":0.0,"gold_gain":0.0,"event_name":"SensoryStone","player_choice":"Memory 1","floor":37.0,"gold_loss":0.0,"damage_taken":0.0},{"damage_healed":0.0,"max_hp_gain":0.0,"max_hp_loss":5.0,"gold_gain":0.0,"event_name":"Winding Halls","player_choice":"Max HP","floor":44.0,"gold_loss":0.0,"damage_taken":0.0},{"cards_removed":["Strike_B"],"damage_healed":0.0,"max_hp_gain":0.0,"max_hp_loss":0.0,"gold_gain":0.0,"event_name":"Purifier","player_choice":"Purged","floor":46.0,"gold_loss":0.0,"damage_taken":0.0}],"is_beta":false,"boss_relics":[{"not_picked":["Lizard Tail","Runic Pyramid"],"picked":"Inserter"},{"not_picked":["Runic Dome","Snecko Eye"],"picked":"Sozu"}],"items_purged_floors":[29],"is_endless":false,"potions_floor_spawned":[2,7,13,16,20,24,25,33,35,40],"killed_by":"Reptomancer","ascension_level":1}