{"gold_per_floor":[111,126,126,136,19,19,36,55,55,75,94,94,94,124,124,195,195,205,221,221,221,221],"floor_reached":22,"playtime":674,"items_purged":[],"score":338,"play_id":"65d16f56-6883-4ecf-a689-a778ad6aed47","local_time":"20190822145253","is_ascension_mode":true,"campfire_choices":[{"floor":6,"key":"REST"},{"floor":12,"key":"REST"},{"floor":15,"key":"REST"}],"neow_cost":"NONE","seed_source_timestamp":181695300281500,"circlet_count":0,"master_deck":["AscendersBane","Strike_B+1","Strike_B","Strike_B","Defend_B","Defend_B","Defend_B","Defend_B","Zap+1","Dualcast+1","Capacitor","Gash","Leap","Ball Lightning","Hologram","Conserve Battery","Coolheaded","Cold Snap","Genetic Algorithm","All For One","Redo+1","Glacier","Necronomicurse"],"relics":["Cracked Core","Symbiotic Virus","Nuclear Battery","Necronomicon"],"potions_floor_usage":[8,16,18],"damage_taken":[{"damage":7,"enemies":"Small Slimes","floor":1,"turns":2},{"damage":7,"enemies":"2 Louse","floor":2,"turns":2},{"damage":7,"enemies":"Jaw Worm","floor":4,"turns":3},{"damage":9,"enemies":"3 Louse","floor":7,"turns":3},{"damage":20,"enemies":"Exordium Wildlife","floor":8,"turns":5},{"damage":7,"enemies":"Red Slaver","floor":10,"turns":2},{"damage":1,"enemies":"Large Slime","floor":11,"turns":4},{"damage":26,"enemies":"Hexaghost","floor":16,"turns":11},{"damage":0,"enemies":"Chosen","floor":18,"turns":3},{"damage":0,"enemies":"Spheric Guardian","floor":19,"turns":3},{"damage":45,"enemies":"3 Cultists","floor":22,"turns":5}],"seed_played":"8017786560626978661","potions_obtained":[{"floor":7,"key":"Poison Potion"},{"floor":8,"key":"Explosive Potion"},{"floor":10,"key":"Energy Potion"},{"floor":16,"key":"Explosive Potion"}],"is_trial":false,"path_per_floor":["M","M","?","M","$","R","M","M","T","M","M","R","?","?","R","B",null,"M","M","?","?","M"],"character_chosen":"DEFECT","items_purchased":["Ball Lightning","Hologram"],"campfire_rested":3,"item_purchase_floors":[5,5],"current_hp_per_floor":[57,50,29,22,22,43,34,14,14,7,6,27,20,20,41,15,57,57,57,57,36,0],"gold":221,"neow_bonus":"UPGRADE_CARD","is_prod":false,"is_daily":false,"chose_seed":false,"campfire_upgraded":0,"win_rate":0,"timestamp":1566453173,"path_taken":["M","M","?","M","$","R","M","M","T","M","M","R","?","?","R","BOSS","M","M","?","?","M"],"build_version":"2019-07-17","purchased_purges":0,"victory":false,"max_hp_per_floor":[71,71,71,71,71,71,71,71,71,71,71,71,71,71,71,71,71,71,71,71,71,71],"card_choices":[{"not_picked":["Sweeping Beam","Go for the Eyes"],"picked":"Capacitor","floor":1},{"not_picked":["Skim","Hello World"],"picked":"Gash","floor":2},{"not_picked":["Steam","Turbo"],"picked":"Leap","floor":4},{"not_picked":["Cold Snap","Static Discharge"],"picked":"Conserve Battery","floor":7},{"not_picked":["Beam Cell","Turbo"],"picked":"Coolheaded","floor":8},{"not_picked":["Turbo","Ball Lightning"],"picked":"Cold Snap","floor":10},{"not_picked":["Leap","Beam Cell"],"picked":"Genetic Algorithm","floor":11},{"not_picked":["Core Surge","Meteor Strike"],"picked":"All For One","floor":16},{"not_picked":["Genetic Algorithm","Steam+1"],"picked":"Redo+1","floor":18},{"not_picked":["Redo","Lockon","Rebound"],"picked":"SKIP","floor":19}],"player_experience":218826,"relics_obtained":[{"floor":9,"key":"Symbiotic Virus"},{"floor":21,"key":"Necronomicon"}],"event_choices":[{"damage_healed":0,"gold_gain":0,"player_choice":"Entered Light","damage_taken":21,"max_hp_gain":0,"max_hp_loss":0,"event_name":"Shining Light","floor":3,"gold_loss":0,"cards_upgraded":["Dualcast","Strike_B"]},{"cards_removed":["Strike_B"],"damage_healed":0,"gold_gain":0,"player_choice":"Card Removal","damage_taken":7,"max_hp_gain":0,"max_hp_loss":0,"event_name":"Golden Wing","floor":13,"gold_loss":0},{"damage_healed":0,"gold_gain":30,"player_choice":"Searched \u00272\u0027 times","damage_taken":0,"max_hp_gain":0,"max_hp_loss":0,"event_name":"Dead Adventurer","floor":14,"gold_loss":0},{"damage_healed":0,"gold_gain":0,"player_choice":"Read","damage_taken":0,"max_hp_gain":0,"max_hp_loss":0,"event_name":"The Library","floor":20,"gold_loss":0,"cards_obtained":["Glacier"]},{"damage_healed":0,"gold_gain":0,"player_choice":"Obtained Book","damage_taken":21,"max_hp_gain":0,"max_hp_loss":0,"event_name":"Cursed Tome","floor":21,"gold_loss":0}],"is_beta":false,"boss_relics":[{"not_picked":["Inserter","Astrolabe"],"picked":"Nuclear Battery"}],"items_purged_floors":[],"is_endless":false,"potions_floor_spawned":[7,8,10,16],"killed_by":"3 Cultists","ascension_level":18}