{"gold_per_floor":[148,298,298,18,18,18,36,51,51,65,65,83,122,137,137,231,231,249,267,267,288,288],"floor_reached":22,"playtime":694,"items_purged":["Doubt"],"score":373,"play_id":"37ee57c9-34ef-422d-88df-462e81e2e8c3","local_time":"20180708230212","is_ascension_mode":true,"campfire_choices":[{"data":"Streamline","floor":6,"key":"SMITH"},{"data":"Capacitor","floor":11,"key":"SMITH"},{"data":"Loop","floor":15,"key":"SMITH"}],"neow_cost":"NONE","seed_source_timestamp":93072892423631,"circlet_count":0,"master_deck":["Strike_B","Strike_B","Strike_B","Strike_B+1","Defend_B","Defend_B","Defend_B","Defend_B","Zap","Dualcast","AscendersBane","Cold Snap","Gash","Chill","Streamline+1","Darkness","Doom and Gloom","Coolheaded","Capacitor+1","Leap","Capacitor","Loop+1","All For One","Redo","Consume","Leap"],"relics":["Tiny House","Golden Idol","Dodecahedron","Art of War","Snecko Eye"],"potions_floor_usage":[13,16,16,21,21],"damage_taken":[{"damage":9,"enemies":"Jaw Worm","floor":1,"turns":4},{"damage":8,"enemies":"Small Slimes","floor":7,"turns":5},{"damage":1,"enemies":"2 Louse","floor":8,"turns":3},{"damage":0,"enemies":"2 Fungi Beasts","floor":10,"turns":3},{"damage":13,"enemies":"Looter","floor":12,"turns":4},{"damage":13,"enemies":"3 Sentries","floor":13,"turns":9},{"damage":11,"enemies":"Exordium Wildlife","floor":14,"turns":6},{"damage":6,"enemies":"Hexaghost","floor":16,"turns":8},{"damage":3,"enemies":"Chosen","floor":18,"turns":4},{"damage":17,"enemies":"Spheric Guardian","floor":19,"turns":4},{"damage":16,"enemies":"Snecko","floor":21,"turns":4},{"damage":34,"enemies":"Snake Plant","floor":22,"turns":2}],"seed_played":"3907078662375939790","potions_obtained":[{"floor":0,"key":"FocusPotion"},{"floor":7,"key":"Regen Potion"},{"floor":13,"key":"FocusPotion"},{"floor":14,"key":"Fruit Juice"},{"floor":16,"key":"FocusPotion"},{"floor":18,"key":"EssenceOfSteel"},{"floor":21,"key":"Dexterity Potion"}],"is_trial":false,"path_per_floor":["M","?","?","$","?","R","M","M","T","M","R","M","E","M","R","B",null,"M","M","?","M"],"character_chosen":"DEFECT","items_purchased":["Chill","Streamline","Darkness"],"campfire_rested":0,"item_purchase_floors":[4,4,4],"current_hp_per_floor":[60,60,60,60,65,65,57,56,56,56,56,43,45,34,34,33,68,65,48,48,32,0],"gold":288,"neow_bonus":"BOSS_RELIC","is_prod":false,"is_daily":false,"chose_seed":false,"campfire_upgraded":3,"win_rate":0,"timestamp":1531116132,"path_taken":["M","?","?","$","?","R","M","M","T","M","R","M","E","M","R","BOSS","M","M","?","M","M"],"build_version":"2018-07-05","purchased_purges":1,"victory":false,"max_hp_per_floor":[76,76,69,69,74,74,74,74,74,74,74,74,74,74,74,79,79,79,79,79,79,79],"card_choices":[{"not_picked":["Gash","Loop"],"picked":"Cold Snap","floor":0},{"not_picked":["Go for the Eyes","Heatsinks"],"picked":"Gash","floor":1},{"not_picked":["Skim","BootSequence"],"picked":"Doom and Gloom","floor":7},{"not_picked":["Leap","Stack"],"picked":"Coolheaded","floor":8},{"not_picked":["Lockon","Turbo"],"picked":"Capacitor","floor":10},{"not_picked":["Double Energy","Steam"],"picked":"Leap","floor":12},{"not_picked":["Steam","Streamline"],"picked":"Capacitor","floor":13},{"not_picked":["Darkness","Auto Shields"],"picked":"Loop","floor":14},{"not_picked":["Amplify","Fission"],"picked":"All For One","floor":16},{"not_picked":["Heatsinks","Beam Cell"],"picked":"Redo","floor":18},{"not_picked":["Rip and Tear","Rebound+1"],"picked":"Leap","floor":21}],"player_experience":529634,"relics_obtained":[{"floor":9,"key":"Dodecahedron"},{"floor":13,"key":"Art of War"}],"event_choices":[{"event_name":"Liars Game","player_choice":"agreed","floor":2,"damage_taken":0},{"event_name":"Golden Idol","player_choice":"Lose Max HP","floor":3,"damage_taken":0},{"event_name":"Big Fish","player_choice":"Donut","floor":5,"damage_taken":0},{"event_name":"The Library","player_choice":"Read","floor":20,"damage_taken":0}],"boss_relics":[{"not_picked":["Velvet Choker","Inserter"],"picked":"Snecko Eye"}],"items_purged_floors":[4],"is_endless":false,"potions_floor_spawned":[7,8,13,14,16,18,21],"killed_by":"Snake Plant","ascension_level":15}