{"gold_per_floor":[110,140,90,90,90,90,123,123,123,135,165,175,20,30,30,134,134,148,161,161,175,195,229,229,73,96,96,111,143,143,158,158,258,258,273,283,295,295,295,330,430,443,443,454,39,66,66,82,82,82],"floor_reached":51,"playtime":3213,"items_purged":["Strike_R"],"score":832,"play_id":"58bff873-e961-4a1e-ace3-313b47fab2f5","local_time":"20180816163014","is_ascension_mode":false,"campfire_choices":[{"data":"Bash","floor":6,"key":"SMITH"},{"data":"Defend_R","floor":8,"key":"SMITH"},{"data":"Shockwave","floor":15,"key":"SMITH"},{"data":"Shrug It Off","floor":24,"key":"SMITH"},{"data":"Limit Break","floor":30,"key":"SMITH"},{"floor":32,"key":"REST"},{"floor":47,"key":"REST"},{"floor":49,"key":"REST"}],"neow_cost":"NONE","seed_source_timestamp":148850783833559,"circlet_count":0,"master_deck":["Strike_R+1","Strike_R","Defend_R","Defend_R","Defend_R","Defend_R+1","Bash+1","Reaper","Shockwave+1","Armaments","Sword Boomerang+1","Immolate","Headbutt","Offering+1","Warcry+1","Shrug It Off+1","Inflame","True Grit+1","Shockwave+1","Metallicize","Spot Weakness+1","Limit Break+1","Sword Boomerang","Fiend Fire+1","Inflame+1","Burning Pact","Disarm+1","Ghostly Armor+1","Barricade","Pommel Strike+1","Feel No Pain","Corruption","Armaments+1","Battle Trance"],"relics":["Burning Blood","NeowsBlessing","Tiny Chest","Paper Frog","Red Skull","Incense Burner","Black Star","Nilry\u0027s Codex","Oddly Smooth Stone","Art of War","Potion Belt","Regal Pillow","Pen Nib","Fusion Hammer","War Paint","Orichalcum","Whetstone","Vajra","Lantern","Strawberry","Dream Catcher"],"potions_floor_usage":[16,16,18,21,29,29,33,40,44,50,50],"damage_taken":[{"damage":0,"enemies":"Small Slimes","floor":1,"turns":1},{"damage":0,"enemies":"Gremlin Nob","floor":7,"turns":1},{"damage":0,"enemies":"2 Louse","floor":10,"turns":1},{"damage":18,"enemies":"Lagavulin","floor":11,"turns":7},{"damage":4,"enemies":"Cultist","floor":12,"turns":3},{"damage":10,"enemies":"Looter","floor":14,"turns":3},{"damage":18,"enemies":"The Guardian","floor":16,"turns":8},{"damage":6,"enemies":"3 Byrds","floor":18,"turns":4},{"damage":6,"enemies":"Chosen","floor":19,"turns":3},{"damage":12,"enemies":"Snecko","floor":21,"turns":4},{"damage":22,"enemies":"Centurion and Healer","floor":22,"turns":3},{"damage":32,"enemies":"Book of Stabbing","floor":23,"turns":5},{"damage":12,"enemies":"3 Cultists","floor":28,"turns":4},{"damage":36,"enemies":"Gremlin Leader","floor":29,"turns":7},{"damage":6,"enemies":"Snake Plant","floor":31,"turns":3},{"damage":62,"enemies":"Automaton","floor":33,"turns":7},{"damage":31,"enemies":"Flame Bruiser 1 Orb","floor":35,"turns":5},{"damage":13,"enemies":"Orb Walker","floor":36,"turns":3},{"damage":42,"enemies":"Sphere and 2 Shapes","floor":37,"turns":4},{"damage":2,"enemies":"Giant Head","floor":40,"turns":6},{"damage":6,"enemies":"3 Darklings","floor":42,"turns":3},{"damage":8,"enemies":"Jaw Worm Horde","floor":44,"turns":2},{"damage":27,"enemies":"2 Orb Walkers","floor":46,"turns":4},{"damage":6,"enemies":"Flame Bruiser 2 Orb","floor":48,"turns":2},{"damage":45,"enemies":"Donu and Deca","floor":50,"turns":7}],"seed_played":"-1510983320161225617","potions_obtained":[{"floor":7,"key":"Strength Potion"},{"floor":11,"key":"Regen Potion"},{"floor":12,"key":"Explosive Potion"},{"floor":19,"key":"SkillPotion"},{"floor":23,"key":"Poison Potion"},{"floor":28,"key":"AttackPotion"},{"floor":31,"key":"Strength Potion"},{"floor":33,"key":"FairyPotion"},{"floor":36,"key":"SkillPotion"},{"floor":37,"key":"EssenceOfSteel"},{"floor":40,"key":"SpeedPotion"},{"floor":42,"key":"SkillPotion"}],"is_trial":false,"path_per_floor":["M","?","?","?","?","R","E","R","T","M","E","M","$","M","R","B",null,"M","M","?","M","M","E","R","$","T","?","M","E","R","M","R","B",null,"M","M","M","?","?","E","?","M","T","M","$","E","R","M","R","B"],"character_chosen":"IRONCLAD","items_purchased":["Immolate","Metallicize","Feel No Pain","Vajra","Strength Potion","Lantern"],"campfire_rested":3,"item_purchase_floors":[13,25,45,45,45,45],"current_hp_per_floor":[80,73,73,57,62,62,68,68,68,76,64,70,70,66,66,69,85,85,85,69,63,77,61,61,61,61,61,85,61,61,61,85,29,85,60,53,38,38,38,42,42,42,42,40,40,26,69,69,95,56],"gold":82,"neow_bonus":"THREE_ENEMY_KILL","is_prod":false,"is_daily":false,"chose_seed":false,"campfire_upgraded":5,"win_rate":0,"timestamp":1534451414,"path_taken":["M","?","?","?","?","R","E","R","T","M","E","M","$","M","R","BOSS","M","M","?","?","M","E","R","$","T","?","M","E","R","M","R","BOSS","M","M","M","?","?","E","?","M","T","?","$","E","R","M","R","BOSS"],"build_version":"2018-08-15","purchased_purges":1,"victory":true,"max_hp_per_floor":[80,80,80,80,85,85,85,85,85,85,85,85,85,85,85,85,85,85,85,85,85,85,85,85,85,85,85,85,85,85,85,85,85,85,85,85,88,88,88,88,88,88,88,88,88,95,95,95,95,95],"card_choices":[{"not_picked":["Flex","Searing Blow","Cleave"],"picked":"SKIP","floor":1},{"not_picked":["Heavy Blade","Second Wind"],"picked":"Reaper","floor":7},{"not_picked":["True Grit","Hemokinesis"],"picked":"Shockwave","floor":10},{"not_picked":["True Grit","Dual Wield"],"picked":"Armaments","floor":11},{"not_picked":["Bloodletting","Reckless Charge"],"picked":"Sword Boomerang","floor":12},{"not_picked":["Seeing Red","Thunderclap"],"picked":"Headbutt","floor":14},{"not_picked":["Exhume","Immolate"],"picked":"Offering","floor":16},{"not_picked":["Headbutt","Sentinel"],"picked":"Warcry+1","floor":18},{"not_picked":["Feel No Pain","Entrench+1"],"picked":"Shrug It Off","floor":19},{"not_picked":["Twin Strike","Thunderclap+1"],"picked":"Inflame","floor":21},{"not_picked":["Wild Strike","Warcry"],"picked":"True Grit+1","floor":22},{"not_picked":["Twin Strike","Berserk"],"picked":"Shockwave","floor":23},{"not_picked":["Shrug It Off","Ghostly Armor"],"picked":"Spot Weakness+1","floor":28},{"not_picked":["Body Slam+1","Offering"],"picked":"Limit Break","floor":29},{"not_picked":["Havoc","Body Slam"],"picked":"Sword Boomerang","floor":31},{"not_picked":["Brutality","Barricade"],"picked":"Fiend Fire","floor":33},{"not_picked":["Wild Strike","Rage"],"picked":"Inflame+1","floor":35},{"not_picked":["Body Slam+1","Cleave+1"],"picked":"Burning Pact","floor":36},{"not_picked":["True Grit","Armaments+1"],"picked":"Disarm+1","floor":37},{"not_picked":["Bloodletting","Clothesline+1"],"picked":"Ghostly Armor+1","floor":40},{"not_picked":["Bloodletting+1","Havoc"],"picked":"Barricade","floor":42},{"not_picked":["Iron Wave","Headbutt"],"picked":"Pommel Strike+1","floor":44},{"not_picked":["Fiend Fire","Armaments+1"],"picked":"Corruption","floor":46},{"not_picked":["Flex","Intimidate"],"picked":"Armaments+1","floor":47},{"not_picked":["Bloodletting+1","Shockwave"],"picked":"Battle Trance","floor":48}],"player_experience":300685,"relics_obtained":[{"floor":7,"key":"Paper Frog"},{"floor":9,"key":"Red Skull"},{"floor":11,"key":"Incense Burner"},{"floor":20,"key":"Nilry\u0027s Codex"},{"floor":23,"key":"Oddly Smooth Stone"},{"floor":23,"key":"Art of War"},{"floor":26,"key":"Potion Belt"},{"floor":29,"key":"Regal Pillow"},{"floor":29,"key":"Pen Nib"},{"floor":40,"key":"War Paint"},{"floor":40,"key":"Orichalcum"},{"floor":43,"key":"Whetstone"},{"floor":46,"key":"Strawberry"},{"floor":46,"key":"Dream Catcher"}],"event_choices":[{"event_name":"Scrap Ooze","player_choice":"success","floor":2,"damage_taken":7},{"event_name":"The Cleric","player_choice":"Card Removal","floor":3,"damage_taken":0},{"event_name":"Shining Light","player_choice":"Entered Light","floor":4,"damage_taken":0},{"event_name":"Big Fish","player_choice":"Donut","floor":5,"damage_taken":0},{"event_name":"Cursed Tome","player_choice":"Obtained Book","floor":20,"damage_taken":0},{"event_name":"Ghosts","player_choice":"Ignored","floor":27,"damage_taken":0},{"event_name":"Falling","player_choice":"Removed Attack","floor":38,"damage_taken":0},{"event_name":"Tomb of Lord Red Mask","player_choice":"Ignored","floor":39,"damage_taken":0},{"event_name":"Golden Shrine","player_choice":"Pray","floor":41,"damage_taken":0}],"is_beta":true,"boss_relics":[{"not_picked":["Tiny House","White Beast Statue"],"picked":"Black Star"},{"not_picked":["Black Blood","Philosopher\u0027s Stone"],"picked":"Fusion Hammer"}],"items_purged_floors":[25],"is_endless":false,"potions_floor_spawned":[7,11,12,19,23,28,31,33,36,37,40,42],"ascension_level":0}