{"gold_per_floor":[13,31,31,43,8,8,20,20,46,76,76,108,108,20,20,97,97,110,110,120,120,45,45,74,88,88,88,138,138,17,28,28,107,107,120,120],"floor_reached":36,"playtime":2483,"items_purged":["Defend_G"],"score":704,"play_id":"9b140268-335f-4180-bc29-a37cd6fe1195","local_time":"20190825112341","is_ascension_mode":true,"campfire_choices":[{"data":"Glass Knife","floor":6.0,"key":"SMITH"},{"data":"Quick Slash","floor":8.0,"key":"SMITH"},{"data":"Neutralize","floor":11.0,"key":"SMITH"},{"floor":15.0,"key":"REST"},{"floor":23.0,"key":"REST"},{"floor":27,"key":"REST"},{"floor":29,"key":"REST"},{"floor":32,"key":"RECALL"}],"neow_cost":"NO_GOLD","seed_source_timestamp":88864153422460,"circlet_count":0,"master_deck":["AscendersBane","Defend_G","Defend_G","Defend_G+1","Survivor","Neutralize+1","Flash of Steel","Purity","Masterful Stab","Dodge and Roll","Glass Knife+1","Quick Slash+1","Dagger Throw","Dash","Infinite Blades","Footwork","Poisoned Stab","Burst","Cloak And Dagger","Bite","Bite","Bite","Bite","Bite","Dodge and Roll","Deflect","Deflect","Poisoned Stab","Deadly Poison","A Thousand Cuts+1","Deadly Poison"],"special_seed":0,"relics":["Ring of the Snake","Potion Belt","Orichalcum","Bag of Marbles","Fusion Hammer","Frozen Egg 2","Pear","Snecko Eye"],"potions_floor_usage":[24,24,33,33,36],"damage_taken":[{"damage":4.0,"enemies":"Jaw Worm","floor":1.0,"turns":5.0},{"damage":2.0,"enemies":"2 Louse","floor":2.0,"turns":3.0},{"damage":0.0,"enemies":"Small Slimes","floor":4.0,"turns":4.0},{"damage":0.0,"enemies":"Looter","floor":7.0,"turns":3.0},{"damage":5.0,"enemies":"3 Sentries","floor":10.0,"turns":6.0},{"damage":8.0,"enemies":"Gremlin Nob","floor":12.0,"turns":4.0},{"damage":5.0,"enemies":"Slime Boss","floor":16.0,"turns":9.0},{"damage":2.0,"enemies":"3 Byrds","floor":18.0,"turns":5.0},{"damage":0.0,"enemies":"Shell Parasite","floor":20.0,"turns":3.0},{"damage":38,"enemies":"Gremlin Leader","floor":24,"turns":7},{"damage":13,"enemies":"Snake Plant","floor":25,"turns":3},{"damage":3,"enemies":"Centurion and Healer","floor":31,"turns":7},{"damage":77,"enemies":"Automaton","floor":33,"turns":16},{"damage":6,"enemies":"Orb Walker","floor":35,"turns":3},{"damage":53,"enemies":"3 Darklings","floor":36,"turns":4}],"seed_played":"-6266119514193724853","potions_obtained":[{"floor":1.0,"key":"Weak Potion"},{"floor":4.0,"key":"Weak Potion"},{"floor":10.0,"key":"PowerPotion"},{"floor":12.0,"key":"EssenceOfSteel"},{"floor":18.0,"key":"FearPotion"},{"floor":25,"key":"Explosive Potion"},{"floor":31,"key":"Dexterity Potion"},{"floor":35,"key":"Block Potion"}],"is_trial":false,"path_per_floor":["M","M","?","M","?","R","M","R","T","E","R","E","?","$","R","B",null,"M","?","M","?","?","R","E","M","T","R","?","R","$","M","R","B",null,"M","M"],"character_chosen":"THE_SILENT","items_purchased":["Footwork","Poisoned Stab","Poisoned Stab"],"campfire_rested":4,"item_purchase_floors":[14,14,30],"current_hp_per_floor":[55,53,53,53,66,66,66,66,66,61,61,53,33,33,52,47,61,59,46,46,35,35,50,21,14,24,42,42,60,60,61,61,5,47,47,0],"gold":120,"neow_bonus":"RANDOM_COLORLESS_2","is_prod":false,"is_daily":false,"chose_seed":false,"campfire_upgraded":3,"win_rate":0,"timestamp":1566757421,"path_taken":["M","M","?","M","?","R","M","R","T","E","R","E","?","?","R","BOSS","M","?","M","?","?","R","E","?","T","R","?","R","$","M","R","BOSS","M","M"],"build_version":"2019-07-17","purchased_purges":1,"victory":false,"max_hp_per_floor":[66,66,66,66,66,66,66,66,66,66,66,66,66,66,66,66,66,66,46,46,51,51,51,51,51,61,61,61,61,61,61,61,61,61,61,61],"card_choices":[{"not_picked":["Acrobatics","Finisher"],"picked":"Masterful Stab","floor":1.0},{"not_picked":["Distraction","Tactician"],"picked":"Dodge and Roll","floor":2.0},{"not_picked":["Bane","Acrobatics"],"picked":"Quick Slash","floor":4.0},{"not_picked":["Calculated Gamble","PiercingWail"],"picked":"Dagger Throw","floor":7.0},{"not_picked":["Glass Knife","Finisher"],"picked":"Dash","floor":10.0},{"not_picked":["Concentrate","Sucker Punch"],"picked":"Infinite Blades","floor":12.0},{"not_picked":["Venomology","Storm of Steel"],"picked":"Burst","floor":16.0},{"not_picked":["Infinite Blades","Caltrops"],"picked":"Cloak And Dagger","floor":18.0},{"not_picked":["Acrobatics","Infinite Blades"],"picked":"Dodge and Roll","floor":20.0},{"not_picked":["Masterful Stab","Dash"],"picked":"Deflect","floor":24},{"not_picked":["Distraction","Prepared"],"picked":"Deflect","floor":25},{"not_picked":["Slice","Eviscerate"],"picked":"Deadly Poison","floor":31},{"not_picked":["After Image+1","Bullet Time"],"picked":"A Thousand Cuts+1","floor":33},{"not_picked":["Prepared","Flying Knee"],"picked":"Deadly Poison","floor":35}],"player_experience":714048,"relics_obtained":[{"floor":9.0,"key":"Potion Belt"},{"floor":10.0,"key":"Orichalcum"},{"floor":12.0,"key":"Bag of Marbles"},{"floor":24,"key":"Frozen Egg 2"},{"floor":26,"key":"Pear"}],"event_choices":[{"damage_healed":0.0,"max_hp_gain":0.0,"max_hp_loss":0.0,"gold_gain":0.0,"cards_transformed":["Strike_G"],"event_name":"Living Wall","player_choice":"Change","floor":3.0,"gold_loss":0.0,"damage_taken":0.0,"cards_obtained":["Glass Knife"]},{"damage_healed":16.0,"max_hp_gain":0.0,"max_hp_loss":0.0,"gold_gain":0.0,"event_name":"The Cleric","player_choice":"Healed","floor":5.0,"gold_loss":35.0,"damage_taken":0.0},{"damage_healed":0.0,"max_hp_gain":0.0,"max_hp_loss":0.0,"gold_gain":0.0,"event_name":"Shining Light","player_choice":"Entered Light","floor":13.0,"gold_loss":0.0,"damage_taken":20.0,"cards_upgraded":["Defend_G","Strike_G"]},{"damage_healed":0.0,"max_hp_gain":0.0,"max_hp_loss":20.0,"gold_gain":0.0,"event_name":"Vampires","player_choice":"Became a vampire","floor":19.0,"gold_loss":0.0,"damage_taken":0.0,"cards_obtained":["Bite","Bite","Bite","Bite","Bite"]},{"damage_healed":0.0,"max_hp_gain":5.0,"max_hp_loss":0.0,"gold_gain":0.0,"event_name":"Forgotten Altar","player_choice":"Shed Blood","floor":21.0,"gold_loss":0.0,"damage_taken":16.0},{"cards_removed":["Defend_G"],"damage_healed":0.0,"max_hp_gain":0.0,"max_hp_loss":0.0,"gold_gain":0.0,"event_name":"Beggar","player_choice":"Gave Gold","floor":22.0,"gold_loss":75.0,"damage_taken":0.0},{"damage_healed":0,"gold_gain":50,"player_choice":"Stole From Cult","damage_taken":0,"max_hp_gain":0,"max_hp_loss":0,"event_name":"Nest","floor":28,"gold_loss":0}],"is_beta":false,"boss_relics":[{"not_picked":["HoveringKite","Empty Cage"],"picked":"Fusion Hammer"},{"not_picked":["Orrery","Coffee Dripper"],"picked":"Snecko Eye"}],"items_purged_floors":[30],"is_endless":false,"potions_floor_spawned":[1,4,10,12,18,25,31,35],"killed_by":"3 Darklings","ascension_level":15}