{"gold_per_floor":[114,264,264,20,95,125,125,140,167,24,24,52,52,52],"floor_reached":14,"playtime":200,"items_purged":["Doubt"],"score":238,"play_id":"7b9f3609-001e-4e81-bf1e-907696e70e63","local_time":"20190819004612","is_ascension_mode":true,"campfire_choices":[{"data":"Bash","floor":7,"key":"SMITH"},{"data":"True Grit","floor":11,"key":"SMITH"},{"data":"Infernal Blade","floor":13,"key":"SMITH"}],"neow_cost":"NONE","seed_source_timestamp":6532640253294,"circlet_count":0,"master_deck":["AscendersBane","Strike_R","Strike_R","Strike_R","Strike_R","Strike_R","Defend_R","Defend_R","Defend_R","Defend_R","Bash+1","Infernal Blade+1","Carnage","Evolve","Wild Strike","Shrug It Off","Disarm","True Grit+1","Shrug It Off"],"relics":["Burning Blood","NeowsBlessing","Vajra","Self Forming Clay","Pen Nib","Meat on the Bone"],"potions_floor_usage":[12],"damage_taken":[{"damage":0,"enemies":"2 Louse","floor":1,"turns":1},{"damage":0,"enemies":"3 Sentries","floor":6,"turns":1},{"damage":0,"enemies":"Jaw Worm","floor":8,"turns":1},{"damage":33,"enemies":"Lagavulin","floor":12,"turns":7},{"damage":14,"enemies":"3 Sentries","floor":14,"turns":4}],"seed_played":"-5809426038309459064","potions_obtained":[{"floor":8,"key":"Block Potion"}],"is_trial":false,"path_per_floor":["M","?","?","$","?","E","R","M","T","$","R","E","R","E"],"character_chosen":"IRONCLAD","items_purchased":["Carnage","Evolve","Disarm","True Grit"],"campfire_rested":0,"item_purchase_floors":[4,4,10,10],"current_hp_per_floor":[74,74,39,39,28,34,34,40,40,40,40,13,13,0],"gold":52,"neow_bonus":"THREE_ENEMY_KILL","is_prod":false,"is_daily":false,"chose_seed":false,"campfire_upgraded":3,"win_rate":0,"timestamp":1566200772,"path_taken":["M","?","?","$","?","E","R","M","T","?","R","E","R","E"],"build_version":"2019-07-18","purchased_purges":1,"victory":false,"max_hp_per_floor":[75,75,75,75,75,75,75,75,75,75,75,75,75,75],"card_choices":[{"not_picked":["Warcry","Pummel"],"picked":"Infernal Blade","floor":1},{"not_picked":["Body Slam","Twin Strike"],"picked":"Wild Strike","floor":6},{"not_picked":["Armaments","Whirlwind"],"picked":"Shrug It Off","floor":8},{"not_picked":["Cleave","Pummel"],"picked":"Shrug It Off","floor":12}],"player_experience":1412636,"relics_obtained":[{"floor":6,"key":"Self Forming Clay"},{"floor":9,"key":"Pen Nib"},{"floor":12,"key":"Meat on the Bone"}],"event_choices":[{"damage_healed":0,"gold_gain":150,"player_choice":"AGREE","damage_taken":0,"max_hp_gain":0,"max_hp_loss":0,"event_name":"Liars Game","floor":2,"gold_loss":0,"cards_obtained":["Doubt"]},{"damage_healed":0,"gold_gain":0,"player_choice":"Success","damage_taken":35,"relics_obtained":["Vajra"],"max_hp_gain":0,"max_hp_loss":0,"event_name":"Scrap Ooze","floor":3,"gold_loss":0},{"damage_healed":0,"gold_gain":75,"player_choice":"Gather Gold","damage_taken":11,"max_hp_gain":0,"max_hp_loss":0,"event_name":"World of Goop","floor":5,"gold_loss":0}],"is_beta":true,"boss_relics":[],"items_purged_floors":[4],"is_endless":false,"potions_floor_spawned":[8],"killed_by":"3 Sentries","ascension_level":20}