{"gold_per_floor":[118,133,133,149,165,165,199,199,199,199,227,227,227,126,126,197,197,215,230,1,1,19,19,19,19,19,19,89,37,51,51],"floor_reached":31,"playtime":932,"items_purged":["Defend_G"],"score":408,"play_id":"0ad3caae-5629-49b0-857b-d0b3369dd886","local_time":"20180703200716","is_ascension_mode":true,"campfire_choices":[{"data":"Cloak And Dagger","floor":6,"key":"SMITH"},{"data":"Skewer","floor":8,"key":"SMITH"},{"floor":15,"key":"REST"},{"data":"Noxious Fumes","floor":23,"key":"SMITH"},{"floor":25,"key":"REST"},{"data":"Bouncing Flask","floor":27,"key":"SMITH"}],"neow_cost":"NONE","seed_source_timestamp":74574251360577,"circlet_count":0,"master_deck":["Defend_G","Defend_G","Defend_G","Strike_G","Strike_G","Strike_G","Strike_G","Survivor+1","Neutralize+1","AscendersBane","Cloak And Dagger+1","Quick Slash","Skewer+1","Prepared","Cloak And Dagger+1","Burst","Noxious Fumes+1","Bouncing Flask+1","Backflip"],"relics":["Busted Crown","Darkstone Periapt","Meat on the Bone","Odd Mushroom","Snecko Eye","War Paint","SsserpentHead","Paper Crane"],"potions_floor_usage":[11,11,31,31],"damage_taken":[{"damage":4,"enemies":"Jaw Worm","floor":1,"turns":6},{"damage":0,"enemies":"Cultist","floor":2,"turns":5},{"damage":1,"enemies":"Small Slimes","floor":4,"turns":4},{"damage":4,"enemies":"Blue Slaver","floor":5,"turns":5},{"damage":19,"enemies":"Gremlin Nob","floor":7,"turns":5},{"damage":18,"floor":11,"turns":4},{"damage":17,"enemies":"The Guardian","floor":16,"turns":13},{"damage":9,"enemies":"Chosen","floor":18,"turns":4},{"damage":4,"enemies":"3 Byrds","floor":19,"turns":5},{"damage":32,"enemies":"Snake Plant","floor":22,"turns":4},{"damage":9,"enemies":"Centurion and Healer","floor":28,"turns":5},{"damage":1,"enemies":"3 Cultists","floor":30,"turns":5},{"damage":47,"enemies":"Gremlin Leader","floor":31,"turns":7}],"seed_played":"5134576887255607209","potions_obtained":[{"floor":2,"key":"SpeedPotion"},{"floor":7,"key":"LiquidBronze"},{"floor":11,"key":"Ancient Potion"},{"floor":18,"key":"SkillPotion"}],"is_trial":false,"path_per_floor":["M","M","?","M","M","R","E","R","T","?","?","?","?","$","R","B",null,"M","M","$","?","M","R","?","R","T","R","M","$","M"],"character_chosen":"THE_SILENT","items_purchased":["Cloak And Dagger","Noxious Fumes","War Paint","Backflip"],"campfire_rested":2,"item_purchase_floors":[14,20,20,29],"current_hp_per_floor":[55,55,55,54,50,50,31,31,31,36,30,30,23,23,44,39,63,54,50,50,50,30,30,30,51,51,51,42,42,41,0],"gold":51,"neow_bonus":"BOSS_RELIC","is_prod":false,"is_daily":false,"chose_seed":false,"campfire_upgraded":4,"win_rate":0,"timestamp":1530673636,"path_taken":["M","M","?","M","M","R","E","R","T","?","?","?","?","$","R","BOSS","M","M","?","?","M","R","?","R","T","R","?","$","M","E"],"build_version":"2018-07-02","purchased_purges":1,"victory":false,"max_hp_per_floor":[66,66,66,66,66,66,66,66,66,71,71,71,71,71,71,71,71,71,71,71,71,71,71,71,71,71,71,71,71,71,71],"card_choices":[{"not_picked":[],"picked":"Cloak And Dagger","floor":4},{"not_picked":[],"picked":"Quick Slash","floor":5},{"not_picked":[],"picked":"Skewer","floor":7},{"not_picked":[],"picked":"Burst","floor":16},{"not_picked":["Blade Dance"],"picked":"SKIP","floor":19},{"not_picked":[],"picked":"Bouncing Flask","floor":22},{"not_picked":["Deflect"],"picked":"SKIP","floor":28},{"not_picked":["Poisoned Stab"],"picked":"SKIP","floor":30}],"player_experience":477706,"relics_obtained":[{"floor":7,"key":"Darkstone Periapt"},{"floor":9,"key":"Meat on the Bone"},{"floor":11,"key":"Odd Mushroom"},{"floor":26,"key":"Paper Crane"}],"event_choices":[{"event_name":"Accursed Blacksmith","player_choice":"Forge","floor":3,"damage_taken":0},{"event_name":"Big Fish","player_choice":"Donut","floor":10,"damage_taken":0},{"event_name":"Mushrooms","player_choice":"Fought Mushrooms","floor":11,"damage_taken":0},{"event_name":"Transmorgrifier","player_choice":"Transform","floor":12,"damage_taken":0},{"event_name":"Golden Wing","player_choice":"Card Removal","floor":13,"damage_taken":0},{"event_name":"Ghosts","player_choice":"Ignored","floor":21,"damage_taken":0},{"event_name":"FaceTrader","player_choice":"Trade","floor":24,"damage_taken":0}],"boss_relics":[{"not_picked":["Orrery","Tiny House"],"picked":"Snecko Eye"}],"items_purged_floors":[14],"is_endless":false,"potions_floor_spawned":[2,7,11,18,22,28],"killed_by":"Gremlin Leader","ascension_level":15}