{"gold_per_floor":[119,269,288,82,82,82,113,113,113,113,113,113,130,141,141,215,215,215,132,132,132,132,132,132,132],"floor_reached":25,"playtime":706,"items_purged":["Doubt"],"score":402,"play_id":"971ee5c5-ac8e-46b1-a0cc-4e4b3c38c1b5","local_time":"20190101235631","is_ascension_mode":true,"campfire_choices":[{"data":"Cloak And Dagger","floor":6,"key":"SMITH"},{"data":"Footwork","floor":8,"key":"SMITH"},{"data":"Backstab","floor":10,"key":"SMITH"},{"data":"Endless Agony","floor":12,"key":"SMITH"},{"floor":15,"key":"RECALL"},{"data":"Footwork","floor":23,"key":"SMITH"}],"neow_cost":"NONE","seed_source_timestamp":1869741393909164,"circlet_count":0,"master_deck":["AscendersBane","Defend_G","Defend_G","Defend_G","Defend_G","Defend_G","Strike_G","Strike_G","Strike_G","Strike_G","Strike_G","Survivor","Neutralize+1","Endless Agony+1","Backstab+1","Cloak And Dagger+1","Footwork+1","Escape Plan","Escape Plan","Infinite Blades","Envenom+1","Cloak And Dagger","Infinite Blades","Footwork+1","Predator","Dagger Spray"],"relics":["WristBlade","Question Card","Pantograph","Anchor","Ectoplasm"],"potions_floor_usage":[4,7,22,24,25],"damage_taken":[{"damage":2,"enemies":"2 Louse","floor":1,"turns":3},{"damage":1,"enemies":"Jaw Worm","floor":3,"turns":4},{"damage":32,"enemies":"Lagavulin","floor":7,"turns":13},{"damage":0,"enemies":"Small Slimes","floor":13,"turns":2},{"damage":0,"enemies":"Exordium Wildlife","floor":14,"turns":2},{"damage":26,"enemies":"The Guardian","floor":16,"turns":13},{"damage":7,"enemies":"Shell Parasite","floor":18,"turns":4},{"damage":4,"enemies":"Chosen","floor":21,"turns":3},{"damage":8,"enemies":"Centurion and Healer","floor":22,"turns":6},{"damage":6,"enemies":"Sentry and Sphere","floor":24,"turns":6},{"damage":0,"enemies":"Gremlin Leader","floor":25,"turns":4}],"seed_played":"-1794452882192113275","potions_obtained":[{"floor":1,"key":"PowerPotion"},{"floor":3,"key":"Fruit Juice"},{"floor":21,"key":"SkillPotion"},{"floor":22,"key":"EssenceOfSteel"},{"floor":24,"key":"Explosive Potion"}],"is_trial":false,"path_per_floor":["M","?","M","$","?","R","E","R","T","R","?","R","M","M","R","B",null,"M","$","?","M","M","R","M","E"],"character_chosen":"THE_SILENT","items_purchased":["Cloak And Dagger","Footwork","Infinite Blades"],"campfire_rested":0,"item_purchase_floors":[4,4,19],"current_hp_per_floor":[57,57,56,61,61,61,29,29,29,29,11,11,11,11,11,10,56,49,49,49,45,37,37,31,31],"gold":132,"neow_bonus":"BOSS_RELIC","is_prod":false,"is_daily":false,"chose_seed":false,"campfire_upgraded":5,"win_rate":0,"timestamp":1546415791,"path_taken":["M","?","M","$","?","R","E","R","T","R","?","R","?","M","R","BOSS","M","$","?","M","?","R","M","E"],"build_version":"2018-12-25","purchased_purges":1,"victory":false,"max_hp_per_floor":[66,66,66,71,71,71,71,71,71,71,71,71,71,71,71,71,71,71,71,71,71,71,71,71,71],"card_choices":[{"not_picked":["PiercingWail","Quick Slash"],"picked":"Endless Agony","floor":1},{"not_picked":["Acrobatics","Terror"],"picked":"Backstab","floor":3},{"not_picked":["Acrobatics","Prepared"],"picked":"Escape Plan","floor":7},{"not_picked":["Acrobatics","Dagger Throw","Flechettes"],"picked":"Escape Plan","floor":13},{"not_picked":["Eviscerate","Dodge and Roll","Flying Knee"],"picked":"Infinite Blades","floor":14},{"not_picked":["Die Die Die","Tools of the Trade","Glass Knife"],"picked":"Envenom","floor":16},{"not_picked":["Sucker Punch","PiercingWail","Eviscerate"],"picked":"Cloak And Dagger","floor":18},{"not_picked":["Dagger Throw","Underhanded Strike","Skewer"],"picked":"Footwork","floor":21},{"not_picked":["Eviscerate","Calculated Gamble","Riddle With Holes"],"picked":"Predator","floor":22},{"not_picked":["Noxious Fumes","Dagger Throw","Well Laid Plans"],"picked":"Dagger Spray","floor":24}],"player_experience":1010657,"relics_obtained":[{"floor":7,"key":"Question Card"},{"floor":9,"key":"Pantograph"}],"event_choices":[{"damage_healed":0,"gold_gain":150,"player_choice":"AGREE","damage_taken":0,"max_hp_gain":0,"max_hp_loss":0,"event_name":"Liars Game","floor":2,"gold_loss":0,"cards_obtained":["Doubt"]},{"damage_healed":0,"gold_gain":0,"player_choice":"Grow","damage_taken":0,"max_hp_gain":0,"max_hp_loss":0,"event_name":"Living Wall","floor":5,"gold_loss":0,"cards_upgraded":["Neutralize"]},{"damage_healed":0,"gold_gain":0,"player_choice":"Success","damage_taken":18,"relics_obtained":["Anchor"],"max_hp_gain":0,"max_hp_loss":0,"event_name":"Scrap Ooze","floor":11,"gold_loss":0},{"damage_healed":0,"gold_gain":0,"player_choice":"Upgraded","damage_taken":0,"max_hp_gain":0,"max_hp_loss":0,"event_name":"Upgrade Shrine","floor":20,"gold_loss":0,"cards_upgraded":["Envenom"]}],"is_beta":true,"boss_relics":[{"not_picked":["Calling Bell","Tiny House"],"picked":"Ectoplasm"}],"items_purged_floors":[4],"is_endless":false,"potions_floor_spawned":[1,3,21,22,24],"killed_by":"Gremlin Leader","ascension_level":20}