{"gold_per_floor":[14,27,44,44,58,58,85,85,109,141,160,160],"floor_reached":12,"playtime":726,"items_purged":[],"score":104,"play_id":"8de719b5-7a29-442b-8b82-1aff6b6f0a20","local_time":"20190710231405","is_ascension_mode":true,"campfire_choices":[{"data":"Body Slam","floor":6.0,"key":"SMITH"},{"data":"Armaments","floor":8.0,"key":"SMITH"}],"neow_cost":"NO_GOLD","seed_source_timestamp":858557676966200,"circlet_count":0,"master_deck":["Strike_R","Strike_R","Strike_R","Strike_R","Defend_R","Defend_R","Defend_R","Defend_R","Bash","Impatience","Panacea","Body Slam+1","Armaments+1","Shrug It Off","Burning Pact","Shrug It Off"],"special_seed":0,"relics":["Burning Blood","Happy Flower","Bag of Preparation"],"potions_floor_usage":[],"damage_taken":[{"damage":3.0,"enemies":"Jaw Worm","floor":1.0,"turns":5.0},{"damage":1.0,"enemies":"Cultist","floor":2.0,"turns":3.0},{"damage":5.0,"enemies":"Small Slimes","floor":3.0,"turns":3.0},{"damage":20.0,"enemies":"Looter","floor":5.0,"turns":4.0},{"damage":36.0,"enemies":"3 Sentries","floor":7.0,"turns":11.0},{"damage":15.0,"enemies":"Lagavulin","floor":10.0,"turns":7.0},{"damage":10.0,"enemies":"Exordium Thugs","floor":11.0,"turns":6.0},{"damage":12,"enemies":"Gremlin Nob","floor":12,"turns":4}],"seed_played":"6564375708621931136","potions_obtained":[{"floor":3.0,"key":"EssenceOfSteel"},{"floor":7.0,"key":"Weak Potion"}],"is_trial":false,"path_per_floor":["M","M","M","?","M","R","E","R","T","E","M","E"],"character_chosen":"IRONCLAD","items_purchased":[],"campfire_rested":0,"item_purchase_floors":[],"current_hp_per_floor":[80,80,80,80,66,66,36,36,36,27,23,11],"gold":160,"neow_bonus":"RANDOM_COLORLESS_2","is_prod":false,"is_daily":false,"chose_seed":false,"campfire_upgraded":2,"win_rate":0,"timestamp":1562818445,"path_taken":["M","M","M","?","M","R","E","R","T","E","M","E"],"build_version":"2019-07-05","purchased_purges":0,"victory":false,"max_hp_per_floor":[80,80,80,80,80,80,80,80,80,80,80,80],"card_choices":[{"not_picked":["Infernal Blade","Anger","Twin Strike"],"picked":"SKIP","floor":1.0},{"not_picked":["Clash","Cleave"],"picked":"Body Slam","floor":2.0},{"not_picked":["Clothesline","Warcry"],"picked":"Armaments","floor":3.0},{"not_picked":["Metallicize","Clothesline"],"picked":"Shrug It Off","floor":5.0},{"not_picked":["Wild Strike","Perfected Strike","Clothesline"],"picked":"SKIP","floor":7.0},{"not_picked":["Bloodletting","Fiend Fire"],"picked":"Burning Pact","floor":10.0},{"not_picked":["Combust","Clothesline"],"picked":"Shrug It Off","floor":11.0}],"player_experience":359531,"relics_obtained":[{"floor":7.0,"key":"Happy Flower"},{"floor":10.0,"key":"Bag of Preparation"}],"event_choices":[{"cards_removed":["Strike_R"],"damage_healed":0.0,"max_hp_gain":0.0,"max_hp_loss":0.0,"gold_gain":0.0,"event_name":"Bonfire Elementals","player_choice":"Offered Basic","floor":4.0,"gold_loss":0.0,"damage_taken":0.0}],"is_beta":false,"boss_relics":[],"items_purged_floors":[],"is_endless":false,"potions_floor_spawned":[3,7],"killed_by":"Gremlin Nob","ascension_level":3}