{"gold_per_floor":[111,66,83,94,106,106,131,145,197,230,230,247,262,277,277,377,377,395,118,138,148,148],"floor_reached":22,"playtime":2577,"items_purged":["Strike_R"],"score":212,"play_id":"6f1b9065-191d-4edf-9b87-8681352ca0fb","local_time":"20180830002324","is_ascension_mode":true,"campfire_choices":[{"data":"Flex","floor":6,"key":"SMITH"},{"data":"Armaments","floor":11,"key":"SMITH"},{"floor":15,"key":"REST"}],"neow_cost":"TEN_PERCENT_HP_LOSS","seed_source_timestamp":1255535899123947,"circlet_count":0,"master_deck":["Strike_R","Defend_R","Defend_R","Defend_R","Bash","Heavy Blade","Flex+1","Headbutt","Armaments+1","Rampage","Rampage","Barricade","Warcry","Flex","Whirlwind"],"relics":["Burning Blood","Sundial","Dream Catcher","Kunai","Empty Cage","Oddly Smooth Stone"],"potions_floor_usage":[10,12,14,16,16,20,21,22],"damage_taken":[{"damage":0,"enemies":"2 Louse","floor":1,"turns":3},{"damage":6,"enemies":"Cultist","floor":3,"turns":3},{"damage":6,"enemies":"Small Slimes","floor":4,"turns":3},{"damage":10,"enemies":"Looter","floor":5,"turns":3},{"damage":26,"enemies":"3 Sentries","floor":7,"turns":6},{"damage":0,"enemies":"Exordium Wildlife","floor":8,"turns":2},{"damage":28,"enemies":"Gremlin Nob","floor":10,"turns":4},{"damage":0,"enemies":"Red Slaver","floor":12,"turns":3},{"damage":5,"enemies":"3 Louse","floor":13,"turns":3},{"damage":0,"enemies":"Large Slime","floor":14,"turns":4},{"damage":49,"enemies":"Hexaghost","floor":16,"turns":10},{"damage":35,"enemies":"Shell Parasite","floor":18,"turns":5},{"damage":20,"enemies":"Chosen","floor":20,"turns":7},{"damage":8,"enemies":"Centurion and Healer","floor":21,"turns":3},{"damage":27,"enemies":"Snake Plant","floor":22,"turns":4}],"seed_played":"-8754581669285913504","potions_obtained":[{"floor":1,"key":"Dexterity Potion"},{"floor":3,"key":"GamblersBrew"},{"floor":8,"key":"EssenceOfSteel"},{"floor":10,"key":"SteroidPotion"},{"floor":13,"key":"Strength Potion"},{"floor":14,"key":"Ancient Potion"},{"floor":18,"key":"SkillPotion"},{"floor":21,"key":"EssenceOfSteel"}],"is_trial":false,"path_per_floor":["M","$","M","M","M","R","E","M","T","E","R","M","M","M","R","B",null,"M","$","M","M"],"character_chosen":"IRONCLAD","items_purchased":["Heavy Blade","Flex","Oddly Smooth Stone"],"campfire_rested":1,"item_purchase_floors":[2,19,19],"current_hp_per_floor":[72,72,72,72,68,68,48,54,54,32,32,38,39,45,66,23,72,43,43,29,27,0],"gold":148,"neow_bonus":"REMOVE_TWO","is_prod":false,"is_daily":false,"chose_seed":false,"campfire_upgraded":2,"win_rate":0,"timestamp":1535581404,"path_taken":["M","$","M","M","M","R","E","M","T","E","R","M","M","M","R","BOSS","M","$","M","M","M"],"build_version":"2018-08-23v2","purchased_purges":1,"victory":false,"max_hp_per_floor":[72,72,72,72,72,72,72,72,72,72,72,72,72,72,72,72,72,72,72,72,72,72],"card_choices":[{"not_picked":["Rage","Power Through","Clothesline"],"picked":"SKIP","floor":1},{"not_picked":["Body Slam","Perfected Strike"],"picked":"Flex","floor":3},{"not_picked":["Carnage","Fire Breathing","Seeing Red"],"picked":"SKIP","floor":4},{"not_picked":["Ghostly Armor","Spot Weakness"],"picked":"Headbutt","floor":5},{"not_picked":["Twin Strike","Ghostly Armor","Rupture"],"picked":"SKIP","floor":7},{"not_picked":["Thunderclap","Perfected Strike"],"picked":"Armaments","floor":8},{"not_picked":["Anger","Clash","Bloodletting"],"picked":"SKIP","floor":10},{"not_picked":["Perfected Strike","Twin Strike"],"picked":"Rampage","floor":12},{"not_picked":["Fire Breathing","Sword Boomerang","Pummel"],"picked":"SKIP","floor":13},{"not_picked":["Evolve","Anger"],"picked":"Rampage","floor":14},{"not_picked":["Feed","Reaper"],"picked":"Barricade","floor":16},{"not_picked":["Clash","Infernal Blade"],"picked":"Warcry","floor":18},{"not_picked":["Shrug It Off","Cleave"],"picked":"Whirlwind","floor":20},{"not_picked":["Anger","Disarm+1","Combust"],"picked":"SKIP","floor":21}],"player_experience":234886,"relics_obtained":[{"floor":7,"key":"Sundial"},{"floor":9,"key":"Dream Catcher"},{"floor":10,"key":"Kunai"}],"event_choices":[],"is_beta":false,"boss_relics":[{"not_picked":["Tiny House","Astrolabe"],"picked":"Empty Cage"}],"items_purged_floors":[19],"is_endless":false,"potions_floor_spawned":[1,3,8,10,13,14,18,21],"killed_by":"Snake Plant","ascension_level":1}