{"gold_per_floor":[109,124,140,170,170,200,214,214,214,289,289,308,88,100,100,100],"floor_reached":16,"playtime":1078,"items_purged":["Strike_B"],"score":102,"play_id":"9358148f-3c9b-43b5-a260-e8150c606ceb","local_time":"20180816201844","is_ascension_mode":false,"campfire_choices":[{"floor":8,"key":"REST"},{"data":"Coolheaded","floor":11,"key":"SMITH"},{"floor":15,"key":"REST"}],"neow_cost":"CURSE","seed_source_timestamp":164708520141620,"circlet_count":0,"master_deck":["Strike_B","Strike_B","Strike_B","Defend_B","Defend_B","Defend_B","Defend_B","Zap","Dualcast","Biased Cognition","Conserve Battery","Redo","Leap","Creative AI","Coolheaded+1","Streamline","Go for the Eyes"],"relics":["Cracked Core","Tiny Chest","Du-Vu Doll","Bottled Lightning","Anchor"],"potions_floor_usage":[7],"damage_taken":[{"damage":0,"enemies":"Small Slimes","floor":1,"turns":3},{"damage":9,"enemies":"2 Louse","floor":2,"turns":2},{"damage":1,"enemies":"Jaw Worm","floor":3,"turns":3},{"damage":25,"enemies":"3 Sentries","floor":6,"turns":7},{"damage":2,"enemies":"2 Fungi Beasts","floor":7,"turns":4},{"damage":3,"enemies":"Large Slime","floor":12,"turns":8},{"damage":8,"enemies":"Exordium Thugs","floor":14,"turns":4},{"damage":52,"enemies":"Hexaghost","floor":16,"turns":11}],"seed_played":"4368347990402373850","potions_obtained":[{"floor":3,"key":"Block Potion"},{"floor":12,"key":"SteroidPotion"},{"floor":14,"key":"Swift Potion"}],"is_trial":false,"path_per_floor":["M","M","M","?","?","E","M","R","T","?","R","M","$","M","R"],"character_chosen":"DEFECT","items_purchased":["Anchor"],"campfire_rested":2,"item_purchase_floors":[13],"current_hp_per_floor":[75,66,65,62,55,30,28,49,49,38,38,35,35,27,48,0],"gold":100,"neow_bonus":"THREE_RARE_CARDS","is_prod":false,"is_daily":false,"chose_seed":false,"campfire_upgraded":1,"win_rate":0,"timestamp":1534465124,"path_taken":["M","M","M","?","?","E","?","R","T","?","R","M","$","M","R","BOSS"],"build_version":"2018-08-16","purchased_purges":1,"victory":false,"max_hp_per_floor":[75,75,75,75,72,72,72,72,72,72,72,72,72,72,72,72],"card_choices":[{"not_picked":["Thunder Strike","Reboot"],"picked":"Biased Cognition","floor":0},{"not_picked":["Sunder","Sweeping Beam"],"picked":"Conserve Battery","floor":1},{"not_picked":["Barrage","Steam Power"],"picked":"Redo","floor":2},{"not_picked":["Barrage","Steam Power"],"picked":"Leap","floor":3},{"not_picked":["Barrage","Cold Snap"],"picked":"Creative AI","floor":6},{"not_picked":["Sweeping Beam","Streamline"],"picked":"Coolheaded","floor":7},{"not_picked":["Hello World","Auto Shields"],"picked":"Streamline","floor":12},{"not_picked":["Scrape","Streamline"],"picked":"Go for the Eyes","floor":14}],"player_experience":307233,"relics_obtained":[{"floor":6,"key":"Du-Vu Doll"},{"floor":9,"key":"Bottled Lightning"}],"event_choices":[{"event_name":"Scrap Ooze","player_choice":"success","floor":4,"damage_taken":3},{"event_name":"Golden Wing","player_choice":"Card Removal","floor":5,"damage_taken":0},{"event_name":"World of Goop","player_choice":"Gather Gold","floor":10,"damage_taken":0}],"is_beta":true,"boss_relics":[],"items_purged_floors":[13],"is_endless":false,"potions_floor_spawned":[3,12,14],"killed_by":"Hexaghost","ascension_level":0}