{"gold_per_floor":[119,133,6,6,20,20,55,66,92,92,109,64,90,101,101,204,204,204,159,159,159,159,159,60,60,60,60,60,60,60,60,60,60,60,60,60,60,60,21,21,21,21,21,21,21,21,21,0,0,0],"floor_reached":51,"playtime":3257,"items_purged":["Strike_B"],"score":680,"play_id":"2dc0de2f-fbf8-4741-af3a-33de848fdfd2","local_time":"20180702174115","is_ascension_mode":false,"campfire_choices":[{"floor":6,"key":"REST"},{"data":"White Noise","floor":10,"key":"SMITH"},{"floor":15,"key":"REST"},{"data":"Blizzard","floor":23,"key":"SMITH"},{"floor":25,"key":"REST"},{"data":"Core Surge","floor":27,"key":"SMITH"},{"floor":32,"key":"REST"},{"floor":40,"key":"REST"},{"data":"Reboot","floor":42,"key":"SMITH"},{"data":"Machine Learning","floor":44,"key":"SMITH"},{"floor":46,"key":"REST"},{"floor":49,"key":"REST"}],"neow_cost":"NONE","seed_source_timestamp":1626258648903926,"circlet_count":0,"master_deck":["Strike_B+1","Strike_B+1","Defend_B","Defend_B","Defend_B","Zap","Dualcast","FTL","Coolheaded","Cold Snap","Coolheaded","Ball Lightning","White Noise+1","Blizzard+1","Conserve Battery","Cold Snap","Go for the Eyes","Core Surge+1","White Noise","Conserve Battery+1","Capacitor","Beam Cell+1","Reboot+1","Echo Form","Blizzard+1","Machine Learning+1","Jack Of All Trades","Thinking Ahead","Madness","Madness","Consume"],"relics":["Cracked Core","Whetstone","Boot","Potion Belt","Strawberry","Ectoplasm","Enchiridion","Shuriken","The Courier","Inserter","Emotion Chip","Bottled Flame","Red Mask"],"potions_floor_usage":[8,16,16,18,29,29,29,33,33,37,37,47,50,50],"damage_taken":[{"damage":1,"enemies":"2 Louse","floor":1,"turns":2},{"damage":10,"enemies":"Small Slimes","floor":2,"turns":3},{"damage":7,"enemies":"Jaw Worm","floor":5,"turns":2},{"damage":11,"enemies":"Gremlin Nob","floor":7,"turns":4},{"damage":5,"enemies":"Exordium Wildlife","floor":8,"turns":4},{"damage":0,"enemies":"Exordium Thugs","floor":11,"turns":4},{"damage":26,"enemies":"Lagavulin","floor":13,"turns":7},{"damage":1,"enemies":"Looter","floor":14,"turns":2},{"damage":23,"enemies":"Hexaghost","floor":16,"turns":11},{"damage":1,"enemies":"3 Byrds","floor":18,"turns":3},{"damage":15,"enemies":"2 Thieves","floor":19,"turns":4},{"damage":2,"enemies":"Centurion and Healer","floor":22,"turns":6},{"damage":0,"enemies":"Sentry and Sphere","floor":28,"turns":5},{"damage":9,"enemies":"Book of Stabbing","floor":29,"turns":3},{"damage":0,"enemies":"Cultist and Chosen","floor":31,"turns":5},{"damage":38,"enemies":"Champ","floor":33,"turns":9},{"damage":23,"enemies":"3 Darklings","floor":35,"turns":6},{"damage":6,"enemies":"Orb Walker","floor":36,"turns":3},{"damage":0,"enemies":"Maw","floor":37,"turns":7},{"damage":3,"enemies":"Sphere and 2 Shapes","floor":45,"turns":5},{"damage":18,"enemies":"Giant Head","floor":47,"turns":9},{"damage":40,"enemies":"Donu and Deca","floor":50,"turns":7}],"seed_played":"3801681761882884570","potions_obtained":[{"floor":2,"key":"Energy Potion"},{"floor":13,"key":"SkillPotion"},{"floor":14,"key":"Weak Potion"},{"floor":16,"key":"LiquidBronze"},{"floor":19,"key":"Strength Potion"},{"floor":22,"key":"Fire Potion"},{"floor":31,"key":"SkillPotion"},{"floor":33,"key":"Dexterity Potion"},{"floor":36,"key":"EntropicBrew"}],"is_trial":false,"path_per_floor":["M","M","$","?","M","R","E","M","T","R","M","$","E","M","R","B",null,"M","M","?","?","M","R","$","R","T","R","M","E","?","M","R","B",null,"M","M","M","?","$","R","?","R","T","R","M","R","E","?","R","B"],"character_chosen":"DEFECT","items_purchased":["Cold Snap","Conserve Battery","Explosive Potion","Swift Potion","SteroidPotion"],"campfire_rested":7,"item_purchase_floors":[3,12,24,24,39],"current_hp_per_floor":[74,64,64,57,50,72,61,56,56,56,56,56,37,36,60,37,82,81,66,50,50,48,48,48,72,72,72,72,63,63,63,82,44,82,59,53,53,48,48,72,62,62,62,62,59,82,64,64,82,42],"gold":0,"neow_bonus":"RANDOM_COMMON_RELIC","is_prod":false,"is_daily":false,"chose_seed":false,"campfire_upgraded":5,"win_rate":0,"timestamp":1530567675,"path_taken":["M","M","$","?","M","R","E","M","T","R","M","?","E","M","R","BOSS","M","M","?","?","M","R","$","R","T","R","M","E","?","M","R","BOSS","M","M","M","?","?","R","?","R","T","R","?","R","E","?","R","BOSS"],"build_version":"2018-06-28","purchased_purges":1,"victory":true,"max_hp_per_floor":[75,75,75,75,75,75,75,75,75,75,75,75,82,82,82,82,82,82,82,82,82,82,82,82,82,82,82,82,82,82,82,82,82,82,82,82,82,82,82,82,82,82,82,82,82,82,82,82,82,82],"card_choices":[{"not_picked":["Redo","Compile Driver"],"picked":"FTL","floor":1},{"not_picked":["Redo","Turbo"],"picked":"Coolheaded","floor":2},{"not_picked":["Sweeping Beam","Rebound"],"picked":"Coolheaded","floor":5},{"not_picked":["Go for the Eyes","Force Field"],"picked":"Ball Lightning","floor":7},{"not_picked":["Sweeping Beam","Stack"],"picked":"White Noise","floor":8},{"not_picked":["Self Repair","Streamline"],"picked":"Blizzard","floor":11},{"not_picked":["Rebound","Buffer"],"picked":"Cold Snap","floor":13},{"not_picked":["Leap","Barrage"],"picked":"Go for the Eyes","floor":14},{"not_picked":["Reboot","Biased Cognition"],"picked":"Core Surge","floor":16},{"not_picked":["Coolheaded","Rip and Tear+1"],"picked":"White Noise","floor":18},{"not_picked":["Sweeping Beam","BootSequence"],"picked":"Conserve Battery+1","floor":19},{"not_picked":["Rip and Tear+1","Go for the Eyes"],"picked":"Capacitor","floor":22},{"not_picked":["Aggregate","Steam Power"],"picked":"Beam Cell+1","floor":28},{"not_picked":["Go for the Eyes","Capacitor"],"picked":"Reboot","floor":29},{"not_picked":["Conserve Battery","Lockon","Coolheaded"],"picked":"SKIP","floor":31},{"not_picked":["All For One","Seek"],"picked":"Echo Form","floor":33},{"not_picked":["Defragment","Rebound+1"],"picked":"Blizzard+1","floor":35},{"not_picked":["Leap","Redo","Conserve Battery"],"picked":"SKIP","floor":36},{"not_picked":["Capacitor+1","Blizzard+1"],"picked":"Machine Learning","floor":37},{"not_picked":["Swift Strike","Dramatic Entrance"],"picked":"Jack Of All Trades","floor":38},{"not_picked":["Madness","Bandage Up"],"picked":"Thinking Ahead","floor":38},{"not_picked":["Redo","Turbo+1","Lockon+1"],"picked":"SKIP","floor":45},{"not_picked":["Stack","Double Energy"],"picked":"Consume","floor":47}],"player_experience":175679,"relics_obtained":[{"floor":7,"key":"Boot"},{"floor":9,"key":"Potion Belt"},{"floor":13,"key":"Strawberry"},{"floor":20,"key":"Enchiridion"},{"floor":26,"key":"Shuriken"},{"floor":29,"key":"The Courier"},{"floor":43,"key":"Emotion Chip"},{"floor":47,"key":"Bottled Flame"}],"event_choices":[{"event_name":"Golden Wing","player_choice":"Card Removal","floor":4,"damage_taken":0},{"event_name":"Cursed Tome","player_choice":"Obtained Book","floor":20,"damage_taken":0},{"event_name":"Back to Basics","player_choice":"Elegance","floor":21,"damage_taken":0},{"event_name":"The Mausoleum","player_choice":"No","floor":30,"damage_taken":0},{"event_name":"SensoryStone","player_choice":"Memory 2","floor":38,"damage_taken":0},{"event_name":"Winding Halls","player_choice":"Embrace Madness","floor":41,"damage_taken":0},{"event_name":"Tomb of Lord Red Mask","player_choice":"Paid","floor":48,"damage_taken":0}],"boss_relics":[{"not_picked":["Black Star","Tiny House"],"picked":"Ectoplasm"},{"not_picked":["Astrolabe","Calling Bell"],"picked":"Inserter"}],"items_purged_floors":[3],"is_endless":false,"potions_floor_spawned":[2,13,14,16,19,22,31,33,36],"ascension_level":0}