{"gold_per_floor":[118,118,200,200,200,200,239,252,299,324,349,349],"floor_reached":12,"playtime":391,"items_purged":[],"score":152,"play_id":"cb57b136-701d-4341-9fc3-4698da6a5531","local_time":"20190320181352","is_ascension_mode":true,"campfire_choices":[{"data":"Bash","floor":6,"key":"SMITH"}],"neow_cost":"NONE","seed_source_timestamp":28516071767541,"circlet_count":0,"master_deck":["AscendersBane","Strike_R","Strike_R","Strike_R","Strike_R","Strike_R","Defend_R+1","Defend_R","Defend_R+1","Defend_R","Bash+1","Thunderclap","Sever Soul","Headbutt","Armaments"],"relics":["Coffee Dripper","Golden Idol","Self Forming Clay","Bag of Marbles","Mercury Hourglass","Orichalcum","War Paint"],"potions_floor_usage":[7,12],"damage_taken":[{"damage":8,"enemies":"2 Louse","floor":1,"turns":3},{"damage":32,"enemies":"3 Sentries","floor":7,"turns":12},{"damage":2,"enemies":"Jaw Worm","floor":8,"turns":2},{"damage":0,"enemies":"Small Slimes","floor":11,"turns":1},{"damage":19,"enemies":"Lagavulin","floor":12,"turns":3}],"seed_played":"-2545459759646137829","potions_obtained":[{"floor":1,"key":"EssenceOfSteel"},{"floor":11,"key":"AttackPotion"}],"is_trial":false,"path_per_floor":["M","?","T","?","?","R","E","M","T","T","M","E"],"character_chosen":"IRONCLAD","items_purchased":[],"campfire_rested":0,"item_purchase_floors":[],"current_hp_per_floor":[60,60,60,49,49,49,17,15,15,15,15,0],"gold":349,"neow_bonus":"BOSS_RELIC","is_prod":false,"is_daily":false,"chose_seed":false,"campfire_upgraded":1,"win_rate":0,"timestamp":1553130832,"path_taken":["M","?","?","?","?","R","E","M","T","?","M","E"],"build_version":"2019-03-15","purchased_purges":0,"victory":false,"max_hp_per_floor":[75,68,68,68,68,68,68,68,68,68,68,68],"card_choices":[{"not_picked":["Intimidate","Anger"],"picked":"Thunderclap","floor":1},{"not_picked":["Intimidate","Flex"],"picked":"Sever Soul","floor":7},{"not_picked":["Second Wind","Heavy Blade"],"picked":"Headbutt","floor":8},{"not_picked":["Dropkick","Burning Pact"],"picked":"Armaments","floor":11}],"player_experience":1337499,"relics_obtained":[{"floor":3,"key":"Self Forming Clay"},{"floor":7,"key":"Mercury Hourglass"},{"floor":9,"key":"Orichalcum"},{"floor":10,"key":"War Paint"}],"event_choices":[{"damage_healed":0,"gold_gain":0,"player_choice":"Lose Max HP","damage_taken":0,"relics_obtained":["Golden Idol"],"max_hp_gain":0,"max_hp_loss":7,"event_name":"Golden Idol","floor":2,"gold_loss":0},{"damage_healed":0,"gold_gain":0,"player_choice":"Success","damage_taken":11,"relics_obtained":["Bag of Marbles"],"max_hp_gain":0,"max_hp_loss":0,"event_name":"Scrap Ooze","floor":4,"gold_loss":0},{"damage_healed":0,"gold_gain":0,"player_choice":"Ignored","damage_taken":0,"max_hp_gain":0,"max_hp_loss":0,"event_name":"Liars Game","floor":5,"gold_loss":0}],"is_beta":true,"boss_relics":[],"items_purged_floors":[],"is_endless":false,"potions_floor_spawned":[1,11],"killed_by":"Lagavulin","ascension_level":20}