{"gold_per_floor":[114,129,55,70,31,31,61,61,61,91,91,121,121,451,451,551,551,566,566,566,77,92,92,92,92,92,42,72,102,102,132,132,232,232,247,247,247,248,98,98,98,128,128,128,128,78,93,123,123,123],"floor_reached":51,"playtime":7718,"items_purged":["Injury","Doubt"],"score":954,"play_id":"50857383-6139-4745-a832-45fba3298205","local_time":"20190717010544","daily_mods":["SealedDeck","Flight","Elite Swarm"],"is_ascension_mode":false,"campfire_choices":[{"data":"Noxious Fumes","floor":6,"key":"SMITH"},{"data":"After Image","floor":8,"key":"SMITH"},{"data":"Finisher","floor":11,"key":"SMITH"},{"data":"After Image","floor":13,"key":"SMITH"},{"data":"After Image","floor":15,"key":"SMITH"},{"data":"Adrenaline","floor":23,"key":"SMITH"},{"data":"Well Laid Plans","floor":24,"key":"SMITH"},{"data":"Acrobatics","floor":25,"key":"SMITH"},{"data":"Dodge and Roll","floor":30,"key":"SMITH"},{"data":"Barricade","floor":32,"key":"SMITH"},{"data":"Slice","floor":40,"key":"SMITH"},{"data":"Flying Knee","floor":41,"key":"SMITH"},{"data":"Slice","floor":44,"key":"SMITH"},{"data":"Dodge and Roll","floor":45,"key":"SMITH"},{"data":"Demon Form","floor":49,"key":"SMITH"}],"neow_cost":"","seed_source_timestamp":0,"circlet_count":0,"master_deck":["Slice+1","Slice+1","Finisher+1","Underhanded Strike","Dodge and Roll+1","Deflect","Dodge and Roll+1","Acrobatics+1","Backflip","Noxious Fumes+1","Flying Knee+1","Backflip","After Image+1","After Image+1","After Image+1","Adrenaline+1","Well Laid Plans+1","Disarm+1","Barricade+1","Trip","Demon Form+1"],"special_seed":18093,"relics":["Ring of the Snake","Gambling Chip","Snake Skull","Dead Branch","Smiling Mask","Old Coin","Cursed Key","Blue Candle","PrismaticShard","Ninja Scroll","Gremlin Horn","Darkstone Periapt","Mercury Hourglass","Tingsha","HoveringKite","Torii","Vajra","StoneCalendar","Question Card","Letter Opener"],"potions_floor_usage":[14,35,48,50],"damage_taken":[{"damage":0,"enemies":"2 Louse","floor":1,"turns":2},{"damage":1,"enemies":"Small Slimes","floor":2,"turns":2},{"damage":0,"enemies":"Jaw Worm","floor":4,"turns":4},{"damage":1,"enemies":"Lagavulin","floor":7,"turns":6},{"damage":2,"enemies":"3 Sentries","floor":10,"turns":5},{"damage":0,"enemies":"Lagavulin","floor":12,"turns":4},{"damage":0,"enemies":"Gremlin Nob","floor":14,"turns":3},{"damage":0,"enemies":"Slime Boss","floor":16,"turns":10},{"damage":0,"enemies":"2 Thieves","floor":18,"turns":3},{"damage":0,"enemies":"Chosen","floor":22,"turns":3},{"damage":6,"enemies":"Book of Stabbing","floor":28,"turns":5},{"damage":2,"enemies":"Slavers","floor":29,"turns":3},{"damage":0,"enemies":"Gremlin Leader","floor":31,"turns":4},{"damage":0,"enemies":"Automaton","floor":33,"turns":8},{"damage":0,"enemies":"Orb Walker","floor":35,"turns":2},{"damage":0,"enemies":"2 Orb Walkers","floor":38,"turns":5},{"damage":0,"enemies":"Giant Head","floor":42,"turns":5},{"damage":0,"enemies":"3 Darklings","floor":47,"turns":2},{"damage":0,"enemies":"Nemesis","floor":48,"turns":6},{"damage":1,"enemies":"Donu and Deca","floor":50,"turns":6}],"seed_played":"8395703785008640868","potions_obtained":[{"floor":1,"key":"Block Potion"},{"floor":2,"key":"GhostInAJar"},{"floor":10,"key":"Strength Potion"},{"floor":22,"key":"Dexterity Potion"},{"floor":29,"key":"GhostInAJar"},{"floor":35,"key":"Fruit Juice"},{"floor":48,"key":"Regen Potion"}],"is_trial":false,"path_per_floor":["M","M","$","M","?","R","E","R","T","E","R","E","R","E","R","B",null,"M","?","?","$","M","R","R","R","T","$","E","E","R","E","R","B",null,"M","?","?","?","$","R","R","E","T","R","R","$","M","E","R","B",null],"character_chosen":"THE_SILENT","items_purchased":["Dagger Throw","Backflip","PrismaticShard","Ninja Scroll","Well Laid Plans","Vajra"],"campfire_rested":0,"item_purchase_floors":[3,3,21,21,21,39],"current_hp_per_floor":[70,69,69,69,69,69,68,68,68,66,66,66,66,66,66,66,70,70,70,70,70,70,70,70,70,70,70,64,62,62,62,62,62,70,75,71,71,71,71,71,71,71,77,77,77,77,77,77,77,76],"gold":123,"neow_bonus":"","is_prod":false,"is_daily":true,"chose_seed":false,"campfire_upgraded":15,"win_rate":0,"timestamp":1563318344,"path_taken":["M","M","$","M","?","R","E","R","T","E","R","E","R","E","R","BOSS","M","?","?","$","?","R","R","R","T","$","E","E","R","E","R","BOSS","M","?","?","?","$","R","R","E","T","R","R","$","?","E","R","BOSS"],"build_version":"2019-07-05","purchased_purges":2,"victory":true,"max_hp_per_floor":[70,70,70,70,70,70,70,70,70,70,70,70,70,70,70,70,70,70,70,70,70,70,70,70,70,70,70,70,70,70,70,70,70,70,75,71,71,71,71,71,71,71,77,77,77,77,77,77,77,77],"card_choices":[{"not_picked":["PiercingWail","Expertise"],"picked":"Flying Knee","floor":1},{"not_picked":["Outmaneuver","Endless Agony","Escape Plan"],"picked":"SKIP","floor":2},{"not_picked":["Poisoned Stab","Glass Knife","Bane"],"picked":"SKIP","floor":4},{"not_picked":["Bullet Time","Unload"],"picked":"After Image","floor":7},{"not_picked":["Unload","A Thousand Cuts","Phantasmal Killer"],"picked":"SKIP","floor":10},{"not_picked":["Storm of Steel","A Thousand Cuts"],"picked":"After Image","floor":12},{"not_picked":["Unload","A Thousand Cuts"],"picked":"After Image","floor":14},{"not_picked":["A Thousand Cuts","Venomology"],"picked":"Adrenaline","floor":16},{"not_picked":["Blur","Poisoned Stab+1","Infinite Blades+1"],"picked":"SKIP","floor":18},{"not_picked":["Blade Dance","Battle Trance"],"picked":"Disarm+1","floor":22},{"not_picked":["Panache","Echo Form","All For One"],"picked":"SKIP","floor":28},{"not_picked":["Panache","Sadistic Nature","Creative AI"],"picked":"SKIP","floor":29},{"not_picked":["Bullet Time","Double Tap"],"picked":"Barricade","floor":31},{"not_picked":["Second Wind+1","Rupture","Battle Trance"],"picked":"SKIP","floor":35},{"not_picked":["A Thousand Cuts","Secret Weapon","Burst"],"picked":"SKIP","floor":42},{"not_picked":["Perfected Strike","Blizzard","Deadly Poison"],"picked":"Trip","floor":47},{"not_picked":["Transmutation","Chrysalis","Doppelganger"],"picked":"Demon Form","floor":48}],"player_experience":411152,"relics_obtained":[{"floor":7,"key":"Gambling Chip"},{"floor":9,"key":"Snake Skull"},{"floor":10,"key":"Dead Branch"},{"floor":12,"key":"Smiling Mask"},{"floor":14,"key":"Old Coin"},{"floor":26,"key":"Gremlin Horn"},{"floor":28,"key":"Darkstone Periapt"},{"floor":29,"key":"Mercury Hourglass"},{"floor":31,"key":"Tingsha"},{"floor":38,"key":"Torii"},{"floor":42,"key":"StoneCalendar"},{"floor":43,"key":"Question Card"},{"floor":48,"key":"Letter Opener"}],"event_choices":[{"damage_healed":0,"gold_gain":0,"player_choice":"Left Gold","damage_taken":0,"max_hp_gain":0,"max_hp_loss":0,"event_name":"World of Goop","floor":5,"gold_loss":39},{"damage_healed":0,"gold_gain":0,"player_choice":"Ignored","damage_taken":0,"max_hp_gain":0,"max_hp_loss":0,"event_name":"Vampires","floor":19,"gold_loss":0},{"damage_healed":0,"gold_gain":0,"player_choice":"Gave Potion","damage_taken":0,"relics_obtained":["Blue Candle"],"max_hp_gain":0,"max_hp_loss":0,"event_name":"WeMeetAgain","floor":20,"gold_loss":0},{"damage_healed":0,"gold_gain":0,"player_choice":"Max HP","damage_taken":0,"max_hp_gain":0,"max_hp_loss":4,"event_name":"Winding Halls","floor":36,"gold_loss":0},{"cards_removed":["Dagger Throw"],"damage_healed":0,"gold_gain":0,"player_choice":"Removed Attack","damage_taken":0,"max_hp_gain":0,"max_hp_loss":0,"event_name":"Falling","floor":37,"gold_loss":0},{"damage_healed":0,"gold_gain":0,"player_choice":"Fight","damage_taken":0,"max_hp_gain":0,"max_hp_loss":0,"event_name":"Mysterious Sphere","floor":38,"gold_loss":0}],"is_beta":false,"boss_relics":[{"not_picked":["Black Star","Empty Cage"],"picked":"Cursed Key"},{"not_picked":["Tiny House","Orrery"],"picked":"HoveringKite"}],"items_purged_floors":[27,46],"is_endless":false,"potions_floor_spawned":[1,2,10,12,22,29,35,48],"ascension_level":0}