{"gold_per_floor":[118,118,136,65,65,98,109,109,177,210,210,223,249,263,263,263],"floor_reached":16,"playtime":329,"items_purged":[],"score":120,"play_id":"6e772e8e-330a-48bc-9ac3-22b6a1dd036f","local_time":"20180703202913","is_ascension_mode":false,"campfire_choices":[{"data":"Catalyst","floor":8,"key":"SMITH"},{"data":"Noxious Fumes","floor":11,"key":"SMITH"},{"floor":15,"key":"REST"}],"neow_cost":"","seed_source_timestamp":76495223949066,"circlet_count":0,"master_deck":["Defend_G","Defend_G","Defend_G","Defend_G","Defend_G","Strike_G","Strike_G","Strike_G","Strike_G","Strike_G","Survivor","Neutralize","Deadly Poison","Noxious Fumes+1","Backflip","Bane","Catalyst+1","Bane","Dagger Spray","Skewer","All Out Attack"],"relics":["Ring of the Snake","Strawberry","Bag of Marbles","Letter Opener","Happy Flower","Tough Bandages"],"potions_floor_usage":[10,14],"damage_taken":[{"damage":0,"enemies":"2 Louse","floor":1,"turns":4},{"damage":5,"enemies":"Jaw Worm","floor":3,"turns":4},{"damage":20,"enemies":"Gremlin Nob","floor":6,"turns":4},{"damage":0,"enemies":"Small Slimes","floor":7,"turns":2},{"damage":2,"enemies":"3 Sentries","floor":10,"turns":5},{"damage":2,"enemies":"Looter","floor":12,"turns":3},{"damage":6,"enemies":"Gremlin Nob","floor":13,"turns":3},{"damage":10,"enemies":"Gremlin Gang","floor":14,"turns":4},{"damage":0,"enemies":"The Guardian","floor":16,"turns":1}],"seed_played":"4894662388215010201","potions_obtained":[{"floor":1,"key":"SteroidPotion"},{"floor":7,"key":"Energy Potion"},{"floor":13,"key":"Dexterity Potion"},{"floor":14,"key":"SmokeBomb"}],"is_trial":false,"path_per_floor":["M","?","M","$","?","E","M","R","T","E","R","M","E","M","R"],"character_chosen":"THE_SILENT","items_purchased":["Backflip","Bane"],"campfire_rested":1,"item_purchase_floors":[4,4],"current_hp_per_floor":[70,70,65,65,65,45,45,45,45,43,43,41,35,25,48,48],"gold":263,"neow_bonus":"","is_prod":false,"is_daily":false,"chose_seed":false,"campfire_upgraded":2,"win_rate":0,"timestamp":1530674953,"path_taken":["M","?","M","?","?","E","M","R","T","E","R","M","E","?","R","BOSS"],"build_version":"2018-07-02","purchased_purges":0,"victory":false,"max_hp_per_floor":[70,77,77,77,77,77,77,77,77,77,77,77,77,77,77,77],"card_choices":[{"not_picked":["Finisher","Poisoned Stab"],"picked":"Deadly Poison","floor":1},{"not_picked":["Riddle With Holes","Heel Hook"],"picked":"Noxious Fumes","floor":3},{"not_picked":["Flechettes","Tactician"],"picked":"Catalyst","floor":6},{"not_picked":["Prepared","Deadly Poison"],"picked":"Bane","floor":7},{"not_picked":["Dodge and Roll","Dagger Throw"],"picked":"Dagger Spray","floor":10},{"not_picked":["Accuracy","Prepared"],"picked":"Skewer","floor":12},{"not_picked":["Acrobatics","Slice"],"picked":"All Out Attack","floor":14}],"player_experience":479595,"relics_obtained":[{"floor":6,"key":"Bag of Marbles"},{"floor":9,"key":"Letter Opener"},{"floor":10,"key":"Happy Flower"},{"floor":13,"key":"Tough Bandages"}],"event_choices":[{"event_name":"Scrap Ooze","player_choice":"success","floor":2,"damage_taken":7},{"event_name":"Liars Game","player_choice":"disagreed","floor":5,"damage_taken":0}],"boss_relics":[],"items_purged_floors":[],"is_endless":false,"potions_floor_spawned":[1,7,13,14],"killed_by":"The Guardian","ascension_level":0}