{"gold_per_floor":[119,119,28,103,119,119,147,147,170,204,204,204,223,241,241,339,339,359,359,32,52,66,91,91,91],"floor_reached":25,"playtime":1104,"items_purged":[],"score":335,"play_id":"ef0521e9-daee-4bcd-a862-72ccca46ca62","local_time":"20190819222325","is_ascension_mode":true,"campfire_choices":[{"data":"Armaments","floor":6.0,"key":"SMITH"},{"data":"Berserk","floor":8.0,"key":"SMITH"},{"data":"Evolve","floor":11.0,"key":"SMITH"},{"data":"Body Slam","floor":15.0,"key":"SMITH"},{"data":"True Grit","floor":24,"key":"SMITH"}],"neow_cost":"NONE","seed_source_timestamp":203157751566300,"circlet_count":0,"master_deck":["Strike_R","Strike_R","Strike_R","Strike_R","Strike_R+1","Defend_R","Defend_R+1","Defend_R","Defend_R","Bash","Ghostly Armor","Armaments+1","Evolve+1","True Grit+1","Berserk+1","Entrench+1","Body Slam+1","Impervious+1","Secret Weapon+1","Disarm+1","True Grit+1","Sentinel+1"],"special_seed":0,"relics":["Burning Blood","NeowsBlessing","Regal Pillow","Toxic Egg 2","Sozu","Nloth\u0027s Gift","Anchor","Ginger"],"potions_floor_usage":[],"damage_taken":[{"damage":0.0,"enemies":"Jaw Worm","floor":1.0,"turns":1.0},{"damage":0.0,"enemies":"2 Louse","floor":5.0,"turns":1.0},{"damage":0.0,"enemies":"Gremlin Nob","floor":7.0,"turns":1.0},{"damage":21.0,"enemies":"Lagavulin","floor":10.0,"turns":8.0},{"damage":0.0,"enemies":"Small Slimes","floor":13.0,"turns":3.0},{"damage":2.0,"enemies":"Exordium Wildlife","floor":14.0,"turns":4.0},{"damage":28.0,"enemies":"Slime Boss","floor":16.0,"turns":9.0},{"damage":22.0,"enemies":"Shell Parasite","floor":18.0,"turns":10.0},{"damage":27.0,"enemies":"2 Thieves","floor":21.0,"turns":5.0},{"damage":17.0,"enemies":"Shelled Parasite and Fungi","floor":22.0,"turns":5.0},{"damage":4,"enemies":"Book of Stabbing","floor":23,"turns":4},{"damage":0,"enemies":"Gremlin Leader","floor":25,"turns":3}],"seed_played":"-173478116949634636","potions_obtained":[{"floor":1.0,"key":"SpeedPotion"},{"floor":5.0,"key":"Explosive Potion"}],"is_trial":false,"path_per_floor":["M","?","$","?","M","R","E","R","T","E","R","?","M","M","R","B",null,"M","?","$","M","M","E","R","E"],"character_chosen":"IRONCLAD","items_purchased":["Armaments","Evolve","Anchor","Secret Weapon+1"],"campfire_rested":0,"item_purchase_floors":[3,3,20,20],"current_hp_per_floor":[80,64,64,53,59,59,65,65,65,50,50,32,38,42,42,20,80,64,64,64,43,32,34,34,34],"gold":91,"neow_bonus":"THREE_ENEMY_KILL","is_prod":false,"is_daily":false,"chose_seed":false,"campfire_upgraded":5,"win_rate":0,"timestamp":1566271405,"path_taken":["M","?","$","?","M","R","E","R","T","E","R","?","M","?","R","BOSS","M","?","$","M","M","E","R","E"],"build_version":"2019-07-17","purchased_purges":0,"victory":false,"max_hp_per_floor":[80,80,80,80,80,80,80,80,80,80,80,80,80,80,80,80,80,80,80,80,80,80,80,80,80],"card_choices":[{"not_picked":["Intimidate","Uppercut"],"picked":"Ghostly Armor","floor":1.0},{"not_picked":["Power Through","Havoc"],"picked":"True Grit","floor":5.0},{"not_picked":["Uppercut","Havoc"],"picked":"Berserk","floor":7.0},{"not_picked":["Armaments","Warcry"],"picked":"Entrench","floor":10.0},{"not_picked":["Infernal Blade+1","Perfected Strike","Thunderclap"],"picked":"SKIP","floor":13.0},{"not_picked":["Reckless Charge","Blood for Blood"],"picked":"Body Slam","floor":14.0},{"not_picked":["Limit Break+1","Bludgeon"],"picked":"Impervious+1","floor":16.0},{"not_picked":["Anger+1","Twin Strike","Flex+1"],"picked":"SKIP","floor":18.0},{"not_picked":["Shockwave+1","Pommel Strike"],"picked":"Disarm+1","floor":21.0},{"not_picked":["Combust","Headbutt"],"picked":"True Grit+1","floor":22.0},{"not_picked":["Fiend Fire","Evolve"],"picked":"Sentinel+1","floor":23}],"player_experience":464372,"relics_obtained":[{"floor":7.0,"key":"Regal Pillow"},{"floor":10.0,"key":"Toxic Egg 2"},{"floor":23,"key":"Ginger"}],"event_choices":[{"damage_healed":0.0,"max_hp_gain":0.0,"max_hp_loss":0.0,"gold_gain":0.0,"event_name":"Shining Light","player_choice":"Entered Light","floor":2.0,"gold_loss":0.0,"damage_taken":16.0,"cards_upgraded":["Defend_R","Strike_R"]},{"damage_healed":0.0,"max_hp_gain":0.0,"max_hp_loss":0.0,"gold_gain":75.0,"event_name":"World of Goop","player_choice":"Gather Gold","floor":4.0,"gold_loss":0.0,"damage_taken":11.0},{"damage_healed":0.0,"max_hp_gain":0.0,"max_hp_loss":0.0,"gold_gain":0.0,"event_name":"Scrap Ooze","player_choice":"Success","floor":12.0,"gold_loss":0.0,"damage_taken":18.0,"relics_obtained":["Red Skull"]},{"damage_healed":0.0,"max_hp_gain":0.0,"max_hp_loss":0.0,"gold_gain":0.0,"event_name":"N\u0027loth","player_choice":"Traded Relic","floor":19.0,"relics_lost":["Red Skull"],"gold_loss":0.0,"damage_taken":0.0,"relics_obtained":["Nloth\u0027s Gift"]}],"is_beta":false,"boss_relics":[{"not_picked":["Cursed Key","Lizard Tail"],"picked":"Sozu"}],"items_purged_floors":[],"is_endless":false,"potions_floor_spawned":[1,5,18,23],"killed_by":"Gremlin Leader","ascension_level":4}