{"gold_per_floor":[113,113,130,130,130,164,164,225,302,302,302],"floor_reached":11,"playtime":196,"items_purged":[],"score":179,"play_id":"35efa8ac-2184-46f1-baaf-1a8057732da9","local_time":"20190822152618","is_ascension_mode":true,"campfire_choices":[{"data":"Dualcast","floor":7,"key":"SMITH"},{"floor":10,"key":"REST"}],"neow_cost":"NONE","seed_source_timestamp":184180022652800,"circlet_count":0,"master_deck":["AscendersBane","Strike_B","Strike_B","Strike_B","Strike_B","Defend_B","Defend_B","Defend_B","Defend_B","Zap+1","Dualcast+1","Capacitor","Beam Cell","Barrage"],"relics":["Cracked Core","NeowsBlessing","Singing Bowl","Frozen Egg 2","Dream Catcher","Tiny Chest"],"potions_floor_usage":[8,8],"damage_taken":[{"damage":0,"enemies":"2 Louse","floor":1,"turns":1},{"damage":0,"enemies":"Cultist","floor":3,"turns":1},{"damage":0,"enemies":"Gremlin Nob","floor":6,"turns":1},{"damage":63,"enemies":"Lagavulin Event","floor":8,"turns":7},{"damage":30,"enemies":"3 Sentries","floor":11,"turns":4}],"seed_played":"-1142505808020204192","potions_obtained":[{"floor":2,"key":"Ancient Potion"},{"floor":2,"key":"SkillPotion"},{"floor":8,"key":"Ancient Potion"}],"is_trial":false,"path_per_floor":["M","?","M","?","T","E","R","?","T","R","E"],"character_chosen":"DEFECT","items_purchased":[],"campfire_rested":1,"item_purchase_floors":[],"current_hp_per_floor":[64,64,64,64,64,64,64,3,3,26,0],"gold":302,"neow_bonus":"THREE_ENEMY_KILL","is_prod":false,"is_daily":false,"chose_seed":false,"campfire_upgraded":1,"win_rate":0,"timestamp":1566455178,"path_taken":["M","?","?","?","?","E","R","?","T","R","E"],"build_version":"2019-07-17","purchased_purges":0,"victory":false,"max_hp_per_floor":[71,71,71,71,71,71,71,73,73,75,75],"card_choices":[{"not_picked":["Rebound","Turbo"],"picked":"Capacitor","floor":1},{"not_picked":["Turbo","Blizzard"],"picked":"Beam Cell","floor":3},{"not_picked":["Rip and Tear","Turbo"],"picked":"Barrage","floor":6},{"not_picked":["Double Energy","Conserve Battery","Hologram"],"picked":"Singing Bowl","floor":8},{"not_picked":["Chaos","Hello World+1","BootSequence"],"picked":"Singing Bowl","floor":10}],"player_experience":221205,"relics_obtained":[{"floor":5,"key":"Singing Bowl"},{"floor":6,"key":"Frozen Egg 2"},{"floor":8,"key":"Dream Catcher"},{"floor":9,"key":"Tiny Chest"}],"event_choices":[{"damage_healed":0,"gold_gain":0,"player_choice":"Got Potions","damage_taken":0,"max_hp_gain":0,"max_hp_loss":0,"event_name":"Lab","floor":2,"gold_loss":0},{"damage_healed":0,"gold_gain":0,"player_choice":"Grow","damage_taken":0,"max_hp_gain":0,"max_hp_loss":0,"event_name":"Living Wall","floor":4,"gold_loss":0,"cards_upgraded":["Zap"]},{"damage_healed":0,"gold_gain":0,"player_choice":"Searched \u00272\u0027 times","damage_taken":0,"max_hp_gain":0,"max_hp_loss":0,"event_name":"Dead Adventurer","floor":8,"gold_loss":0}],"is_beta":false,"boss_relics":[],"items_purged_floors":[],"is_endless":false,"potions_floor_spawned":[6,8],"killed_by":"3 Sentries","ascension_level":18}