{"gold_per_floor":[113,113,127,52,52,79,93,156,156,181,256,256,275,291,291,389,389,399,417,166,265,283,283,297,297,369,294,304,304,100,117,117,117],"floor_reached":33,"playtime":1824,"items_purged":["Strike_B","Rainbow"],"score":257,"play_id":"333ce599-455d-4b5a-b9b1-a8bd8cbc3af6","local_time":"20190615182411","is_ascension_mode":false,"campfire_choices":[{"floor":12,"key":"REST"},{"data":"Defragment","floor":15,"key":"SMITH"},{"floor":23,"key":"RECALL"},{"floor":25,"key":"REST"},{"floor":29,"key":"REST"},{"data":"Storm","floor":32,"key":"SMITH"}],"neow_cost":"TEN_PERCENT_HP_LOSS","seed_source_timestamp":327293987007985,"circlet_count":0,"master_deck":["Defend_B","Defend_B","Defend_B","Zap","Dualcast","Streamline","Ball Lightning","Fusion","Defragment+1","Conserve Battery","Compile Driver","Capacitor","Leap","Electrodynamics","Ball Lightning","Machine Learning","Cold Snap","Storm+1","Amplify","Conserve Battery+1"],"relics":["FrozenCore","Bottled Tornado","Mercury Hourglass","Ancient Tea Set","Letter Opener","Lantern","Question Card","ClockworkSouvenir"],"potions_floor_usage":[8,22],"damage_taken":[{"damage":0,"enemies":"Small Slimes","floor":1,"turns":3},{"damage":0,"enemies":"Cultist","floor":3,"turns":3},{"damage":14,"enemies":"Gremlin Nob","floor":6,"turns":3},{"damage":2,"enemies":"2 Louse","floor":7,"turns":2},{"damage":10,"enemies":"3 Sentries","floor":8,"turns":4},{"damage":8,"enemies":"Lagavulin","floor":10,"turns":6},{"damage":0,"enemies":"Gremlin Gang","floor":13,"turns":3},{"damage":2,"enemies":"Exordium Thugs","floor":14,"turns":3},{"damage":11,"enemies":"Hexaghost","floor":16,"turns":6},{"damage":4,"enemies":"Spheric Guardian","floor":18,"turns":5},{"damage":24,"enemies":"2 Thieves","floor":19,"turns":3},{"damage":19,"enemies":"Shelled Parasite and Fungi","floor":22,"turns":5},{"damage":13,"enemies":"Snake Plant","floor":24,"turns":4},{"damage":0,"enemies":"Centurion and Healer","floor":28,"turns":5},{"damage":6,"enemies":"Cultist and Chosen","floor":31,"turns":4},{"damage":56,"enemies":"Champ","floor":33,"turns":8}],"seed_played":"-6467126572416841176","potions_obtained":[{"floor":1,"key":"Dexterity Potion"},{"floor":7,"key":"Fire Potion"},{"floor":13,"key":"Energy Potion"},{"floor":14,"key":"Strength Potion"},{"floor":24,"key":"Poison Potion"}],"is_trial":false,"path_per_floor":["M","?","M","$","T","E","M","?","T","E","?","R","M","M","R","B",null,"M","M","$","?","M","R","M","R","T","?","M","R","$","M","R","B"],"character_chosen":"DEFECT","items_purchased":["Lantern","ClockworkSouvenir"],"campfire_rested":3,"item_purchase_floors":[20,30],"current_hp_per_floor":[68,68,68,68,68,54,52,42,42,34,28,48,48,46,46,35,68,64,40,40,40,21,21,8,28,28,28,28,48,48,42,42,0],"gold":117,"neow_bonus":"TRANSFORM_TWO_CARDS","is_prod":false,"is_daily":false,"chose_seed":false,"campfire_upgraded":2,"win_rate":0,"timestamp":1560641051,"path_taken":["M","?","M","$","?","E","M","?","T","E","?","R","M","M","R","BOSS","M","?","$","?","M","R","M","R","T","?","M","R","$","M","R","BOSS"],"build_version":"2019-01-23","purchased_purges":2,"victory":false,"max_hp_per_floor":[68,68,68,68,68,68,68,68,68,68,68,68,68,68,68,68,68,68,68,68,68,68,68,68,68,68,68,68,68,68,68,68,68],"card_choices":[{"not_picked":["Self Repair","Steam"],"picked":"Ball Lightning","floor":1},{"not_picked":["Hologram","Blizzard"],"picked":"Defragment","floor":3},{"not_picked":["Reprogram","Steam","Hologram"],"picked":"SKIP","floor":6},{"not_picked":["Go for the Eyes","Redo","Compile Driver"],"picked":"SKIP","floor":7},{"not_picked":["Chill","Barrage"],"picked":"Conserve Battery","floor":8},{"not_picked":["Recycle","All For One"],"picked":"Compile Driver","floor":10},{"not_picked":["Conserve Battery","Stack"],"picked":"Capacitor","floor":13},{"not_picked":["Ball Lightning","Reprogram"],"picked":"Leap","floor":14},{"not_picked":["Meteor Strike","Hyperbeam"],"picked":"Electrodynamics","floor":16},{"not_picked":["Sweeping Beam","Steam+1"],"picked":"Ball Lightning","floor":18},{"not_picked":["Hologram","Redo+1"],"picked":"Machine Learning","floor":19},{"not_picked":["Rebound","Barrage"],"picked":"Cold Snap","floor":22},{"not_picked":["Go for the Eyes","Lockon"],"picked":"Storm","floor":24},{"not_picked":["Go for the Eyes","Genetic Algorithm+1","Blizzard"],"picked":"Amplify","floor":28},{"not_picked":["Ball Lightning","Streamline","Turbo+1"],"picked":"Conserve Battery+1","floor":31}],"player_experience":819855,"relics_obtained":[{"floor":5,"key":"Bottled Tornado"},{"floor":6,"key":"Mercury Hourglass"},{"floor":8,"key":"Ancient Tea Set"},{"floor":10,"key":"Letter Opener"},{"floor":26,"key":"Question Card"}],"event_choices":[{"damage_healed":0,"gold_gain":0,"cards_transformed":["Strike_B"],"player_choice":"Transformed","damage_taken":0,"max_hp_gain":0,"max_hp_loss":0,"event_name":"Transmorgrifier","floor":2,"gold_loss":0,"cards_obtained":["Fusion"]},{"damage_healed":0,"gold_gain":0,"player_choice":"Searched \u00271\u0027 times","damage_taken":0,"max_hp_gain":0,"max_hp_loss":0,"event_name":"Dead Adventurer","floor":8,"gold_loss":0},{"damage_healed":0,"gold_gain":75,"player_choice":"Touch","damage_taken":6,"max_hp_gain":0,"max_hp_loss":0,"event_name":"FaceTrader","floor":11,"gold_loss":0},{"damage_healed":0,"gold_gain":99,"player_choice":"Stole From Cult","damage_taken":0,"max_hp_gain":0,"max_hp_loss":0,"event_name":"Nest","floor":21,"gold_loss":0},{"cards_removed":["Defend_B"],"damage_healed":0,"gold_gain":0,"player_choice":"Gave Gold","damage_taken":0,"max_hp_gain":0,"max_hp_loss":0,"event_name":"Beggar","floor":27,"gold_loss":75}],"is_beta":false,"boss_relics":[{"not_picked":["Ectoplasm","Pandora\u0027s Box"],"picked":"FrozenCore"}],"items_purged_floors":[4,20],"is_endless":false,"potions_floor_spawned":[1,7,13,14,24,28,31],"killed_by":"Champ","ascension_level":0}