{"gold_per_floor":[114,21,21,21,35,35,48,48,74,104,118,183,183,198,198,276,276,286,15,15,65,82,82,92,92,117,117,143,156,156,182,182,182],"floor_reached":33,"playtime":997,"items_purged":["Strike_G"],"score":478,"play_id":"0f6871f7-feed-40e2-9468-430b407d18a8","local_time":"20180801154603","is_ascension_mode":true,"campfire_choices":[{"data":"Neutralize","floor":6,"key":"SMITH"},{"data":"Blade Dance","floor":8,"key":"SMITH"},{"data":"Sucker Punch","floor":15,"key":"SMITH"},{"data":"Night Terror","floor":23,"key":"SMITH"},{"data":"Accuracy","floor":25,"key":"SMITH"},{"data":"Dash","floor":27,"key":"SMITH"},{"floor":30,"key":"REST"},{"data":"Finisher","floor":32,"key":"SMITH"}],"neow_cost":"TEN_PERCENT_HP_LOSS","seed_source_timestamp":487116796585892,"circlet_count":0,"master_deck":["Defend_G","Defend_G","Defend_G","Defend_G","Defend_G","Strike_G","Strike_G","Strike_G","Survivor","Neutralize+1","AscendersBane","Infinite Blades","Cloak And Dagger+1","Endless Agony","Blade Dance+1","Sucker Punch+1","Dagger Throw","Backflip","Accuracy+1","Dagger Spray","Night Terror+1","Terror","Dash+1","Accuracy","Dodge and Roll","Endless Agony","Cloak And Dagger+1","Leg Sweep","Finisher+1"],"relics":["Ring of the Snake","Nunchaku","Blood Vial","Centennial Puzzle","Tiny Chest","Bag of Marbles","WristBlade","Orichalcum","Juzu Bracelet","Bag of Preparation"],"potions_floor_usage":[10,10,24],"damage_taken":[{"damage":0,"enemies":"2 Louse","floor":1,"turns":4},{"damage":1,"enemies":"Jaw Worm","floor":5,"turns":3},{"damage":0,"enemies":"Small Slimes","floor":7,"turns":3},{"damage":25,"enemies":"Lagavulin","floor":10,"turns":9},{"damage":0,"enemies":"Blue Slaver","floor":11,"turns":3},{"damage":4,"enemies":"3 Sentries","floor":12,"turns":6},{"damage":1,"enemies":"Exordium Thugs","floor":14,"turns":3},{"damage":2,"enemies":"Slime Boss","floor":16,"turns":7},{"damage":1,"enemies":"Chosen","floor":18,"turns":4},{"damage":0,"enemies":"Spheric Guardian","floor":22,"turns":3},{"damage":7,"enemies":"Cultist and Chosen","floor":24,"turns":4},{"damage":19,"enemies":"Slavers","floor":28,"turns":5},{"damage":8,"enemies":"Snake Plant","floor":29,"turns":4},{"damage":53,"enemies":"Champ","floor":33,"turns":6}],"seed_played":"1689327424705947550","potions_obtained":[{"floor":1,"key":"Block Potion"},{"floor":5,"key":"SpeedPotion"},{"floor":11,"key":"Dexterity Potion"},{"floor":24,"key":"Ancient Potion"}],"is_trial":false,"path_per_floor":["M","$","?","?","M","R","M","R","T","E","M","E","T","M","R","B",null,"M","$","?","?","M","R","M","R","T","R","E","M","R","T","R"],"character_chosen":"THE_SILENT","items_purchased":["Cloak And Dagger","Endless Agony","Dash","Accuracy","Dodge and Roll"],"campfire_rested":1,"item_purchase_floors":[2,2,19,19,19],"current_hp_per_floor":[59,59,59,59,58,58,58,58,58,35,37,35,35,36,36,36,54,55,55,55,55,57,57,52,52,52,52,35,29,47,47,47,0],"gold":182,"neow_bonus":"ONE_RARE_RELIC","is_prod":false,"is_daily":false,"chose_seed":false,"campfire_upgraded":7,"win_rate":0,"timestamp":1533163563,"path_taken":["M","$","?","?","M","R","M","R","T","E","M","E","?","?","R","BOSS","M","$","?","?","M","R","M","R","T","R","E","M","R","?","R","BOSS"],"build_version":"2018-07-31","purchased_purges":1,"victory":false,"max_hp_per_floor":[60,60,60,60,60,60,60,60,60,60,60,60,60,60,60,60,60,60,60,60,60,60,60,60,60,60,60,60,60,60,60,60,60],"card_choices":[{"not_picked":["Expertise","Concentrate"],"picked":"Infinite Blades","floor":1},{"not_picked":["Tactician","Dagger Spray"],"picked":"Blade Dance","floor":5},{"not_picked":["Reflex","Heel Hook"],"picked":"Sucker Punch","floor":7},{"not_picked":["Bouncing Flask","Calculated Gamble"],"picked":"Dagger Throw","floor":10},{"not_picked":["Endless Agony","Outmaneuver"],"picked":"Backflip","floor":11},{"not_picked":["Riddle With Holes","Outmaneuver"],"picked":"Accuracy","floor":12},{"not_picked":["Sucker Punch","Caltrops"],"picked":"Dagger Spray","floor":14},{"not_picked":["Bullet Time","Wraith Form v2"],"picked":"Night Terror","floor":16},{"not_picked":["Blade Dance","Bouncing Flask"],"picked":"Terror","floor":18},{"not_picked":["Calculated Gamble","Deadly Poison"],"picked":"Cloak And Dagger+1","floor":24},{"not_picked":["PiercingWail","Finisher"],"picked":"Leg Sweep","floor":28},{"not_picked":["Bane","Caltrops"],"picked":"Finisher","floor":29}],"player_experience":705545,"relics_obtained":[{"floor":9,"key":"Blood Vial"},{"floor":10,"key":"Centennial Puzzle"},{"floor":12,"key":"Tiny Chest"},{"floor":13,"key":"Bag of Marbles"},{"floor":26,"key":"Orichalcum"},{"floor":28,"key":"Juzu Bracelet"},{"floor":31,"key":"Bag of Preparation"}],"event_choices":[{"event_name":"Living Wall","player_choice":"Grow","floor":3,"damage_taken":0},{"event_name":"Liars Game","player_choice":"disagreed","floor":4,"damage_taken":0},{"event_name":"Transmorgrifier","player_choice":"Transform","floor":20,"damage_taken":0},{"event_name":"Golden Shrine","player_choice":"Pray","floor":21,"damage_taken":0}],"is_beta":true,"boss_relics":[{"not_picked":["Philosopher\u0027s Stone","Ectoplasm"],"picked":"WristBlade"}],"items_purged_floors":[19],"is_endless":false,"potions_floor_spawned":[1,5,7,11,24],"killed_by":"Champ","ascension_level":15}