{"gold_per_floor":[110,124,84,9,9,9,41,41,41,70,70,86,113,0,0,95,95,113,113,13,29,43,78,78,92,92,92,92,11,38,49,49,146,146,161,0,17,33,33,33,33,133,214,214,225,225,225,239,239,239],"floor_reached":51,"playtime":6184,"items_purged":["Strike_R","Strike_R"],"score":811,"play_id":"3e374aa9-4ec6-4ab2-81c6-8595a8270546","local_time":"20181018003719","is_ascension_mode":true,"campfire_choices":[{"data":"Bash","floor":6,"key":"SMITH"},{"data":"Intimidate","floor":8,"key":"SMITH"},{"floor":11,"key":"REST"},{"data":"Spot Weakness","floor":15,"key":"SMITH"},{"data":"Brutality","floor":24,"key":"SMITH"},{"data":"Heavy Blade","floor":27,"key":"SMITH"},{"data":"Inflame","floor":32,"key":"SMITH"},{"data":"Limit Break","floor":40,"key":"SMITH"},{"data":"Warcry","floor":41,"key":"SMITH"},{"data":"Evolve","floor":44,"key":"SMITH"},{"data":"Offering","floor":46,"key":"SMITH"},{"data":"Pommel Strike","floor":49,"key":"SMITH"}],"neow_cost":"PERCENT_DAMAGE","seed_source_timestamp":616600098442081,"circlet_count":0,"master_deck":["Strike_R","Strike_R","Strike_R","Defend_R","Defend_R","Defend_R","Defend_R","Bash+1","Pommel Strike+1","Headbutt","Intimidate+1","Offering+1","Iron Wave","Spot Weakness+1","Shrug It Off","Brutality+1","Dropkick+1","Cleave","Inflame+1","Heavy Blade+1","Iron Wave+1","Evolve+1","Blood for Blood+1","Warcry+1","Limit Break+1","Flex+1","Armaments+1","Feel No Pain+1","Shrug It Off+1"],"relics":["Burning Blood","Magic Flower","Dodecahedron","Mercury Hourglass","Anchor","Meat on the Bone","Mark of Pain","Gambling Chip","Charon\u0027s Ashes","Blood Vial","WingedGreaves","Coffee Dripper","Red Mask","Frozen Egg 2","Du-Vu Doll"],"potions_floor_usage":[7,10,13,23,25,31,48,50],"damage_taken":[{"damage":11,"enemies":"Small Slimes","floor":1,"turns":4},{"damage":1,"enemies":"Cultist","floor":2,"turns":3},{"damage":37,"enemies":"Lagavulin","floor":7,"turns":7},{"damage":20,"enemies":"3 Sentries","floor":10,"turns":7},{"damage":0,"enemies":"2 Louse","floor":12,"turns":2},{"damage":13,"enemies":"Gremlin Nob","floor":13,"turns":3},{"damage":34,"enemies":"Hexaghost","floor":16,"turns":8},{"damage":15,"enemies":"3 Byrds","floor":18,"turns":4},{"damage":14,"enemies":"Spheric Guardian","floor":21,"turns":3},{"damage":22,"enemies":"Snecko","floor":22,"turns":4},{"damage":12,"enemies":"Slavers","floor":23,"turns":4},{"damage":8,"enemies":"Snake Plant","floor":25,"turns":3},{"damage":10,"enemies":"Colosseum Slavers","floor":28,"turns":3},{"damage":26,"enemies":"Book of Stabbing","floor":30,"turns":4},{"damage":8,"enemies":"Chosen and Byrds","floor":31,"turns":3},{"damage":26,"enemies":"Champ","floor":33,"turns":6},{"damage":11,"enemies":"3 Shapes","floor":35,"turns":3},{"damage":13,"enemies":"3 Darklings","floor":37,"turns":3},{"damage":10,"enemies":"Transient","floor":38,"turns":5},{"damage":24,"enemies":"4 Shapes","floor":45,"turns":3},{"damage":7,"enemies":"Mind Bloom Boss Battle","floor":47,"turns":2},{"damage":14,"enemies":"Spire Growth","floor":48,"turns":3},{"damage":46,"enemies":"Awakened One","floor":50,"turns":6}],"seed_played":"8457221982751435295","potions_obtained":[{"floor":3,"key":"EntropicBrew"},{"floor":3,"key":"Swift Potion"},{"floor":3,"key":"SkillPotion"},{"floor":7,"key":"BloodPotion"},{"floor":10,"key":"LiquidBronze"},{"floor":12,"key":"FearPotion"},{"floor":21,"key":"Energy Potion"},{"floor":23,"key":"Poison Potion"},{"floor":25,"key":"Ancient Potion"},{"floor":38,"key":"Swift Potion"},{"floor":45,"key":"GamblersBrew"}],"is_trial":false,"path_per_floor":["M","M","?","$","?","R","E","R","T","E","R","M","E","$","R","B",null,"M","?","$","M","M","E","R","M","T","R","?","$","E","M","R","B",null,"M","?","M","M","?","R","R","?","T","R","M","R","?","M","R","B"],"character_chosen":"IRONCLAD","items_purchased":["Spot Weakness","Shrug It Off","Evolve"],"campfire_rested":1,"item_purchase_floors":[14,14,29],"current_hp_per_floor":[54,62,62,62,67,67,39,39,39,28,53,62,58,58,58,51,85,79,79,79,74,61,58,58,59,59,59,61,61,65,69,69,55,85,83,83,81,83,81,81,81,81,81,81,66,66,71,69,69,65],"gold":239,"neow_bonus":"ONE_RARE_RELIC","is_prod":false,"is_daily":false,"chose_seed":false,"campfire_upgraded":11,"win_rate":0,"timestamp":1539815839,"path_taken":["M","M","?","?","?","R","E","R","T","E","R","M","E","$","R","BOSS","M","?","?","M","M","E","R","?","T","R","?","$","E","?","R","BOSS","M","?","?","M","?","R","R","?","T","R","M","R","?","M","R","BOSS"],"build_version":"2018-10-11","purchased_purges":2,"victory":true,"max_hp_per_floor":[80,80,80,80,85,85,85,85,85,85,85,85,85,85,85,85,85,85,85,85,85,85,85,85,85,85,85,85,85,85,85,85,85,85,85,85,85,85,81,81,81,81,81,81,81,81,81,81,81,81],"card_choices":[{"not_picked":["Headbutt","Sword Boomerang"],"picked":"Pommel Strike","floor":1},{"not_picked":["Anger","Havoc"],"picked":"Headbutt","floor":2},{"not_picked":["Metallicize","Havoc"],"picked":"Intimidate","floor":7},{"not_picked":["Rupture","Headbutt","Battle Trance"],"picked":"SKIP","floor":10},{"not_picked":["Wild Strike","Flex"],"picked":"Offering","floor":12},{"not_picked":["Sentinel","Fire Breathing"],"picked":"Iron Wave","floor":13},{"not_picked":["Immolate","Berserk"],"picked":"Brutality","floor":16},{"not_picked":["Battle Trance","Uppercut+1"],"picked":"Dropkick+1","floor":18},{"not_picked":["Sever Soul+1","Heavy Blade"],"picked":"Cleave","floor":21},{"not_picked":["Thunderclap","Wild Strike"],"picked":"Inflame","floor":22},{"not_picked":["Clothesline","Feel No Pain"],"picked":"Heavy Blade","floor":23},{"not_picked":["Pummel","Whirlwind"],"picked":"Iron Wave+1","floor":25},{"not_picked":["Pommel Strike+1","Armaments"],"picked":"Blood for Blood+1","floor":30},{"not_picked":["Power Through","Pommel Strike"],"picked":"Warcry","floor":31},{"not_picked":["Dark Embrace","Barricade"],"picked":"Limit Break","floor":33},{"not_picked":["Wild Strike+1","Combust+1"],"picked":"Flex+1","floor":35},{"not_picked":["Body Slam+1","Blood for Blood+1"],"picked":"Armaments+1","floor":37},{"not_picked":["Flex","Wild Strike"],"picked":"Feel No Pain+1","floor":38},{"not_picked":["Pommel Strike","Whirlwind+1"],"picked":"Shrug It Off+1","floor":45},{"not_picked":["Battle Trance","Heavy Blade+1","Perfected Strike+1"],"picked":"SKIP","floor":48}],"player_experience":279411,"relics_obtained":[{"floor":7,"key":"Dodecahedron"},{"floor":9,"key":"Mercury Hourglass"},{"floor":10,"key":"Anchor"},{"floor":13,"key":"Meat on the Bone"},{"floor":23,"key":"Charon\u0027s Ashes"},{"floor":26,"key":"Blood Vial"},{"floor":30,"key":"WingedGreaves"},{"floor":43,"key":"Frozen Egg 2"},{"floor":47,"key":"Du-Vu Doll"}],"event_choices":[{"event_name":"The Woman in Blue","player_choice":"Bought 3 Potions","floor":3,"damage_taken":0},{"event_name":"Big Fish","player_choice":"Donut","floor":5,"damage_taken":0},{"event_name":"WeMeetAgain","player_choice":"Potion","floor":19,"damage_taken":0},{"event_name":"Colosseum","player_choice":"Fight","floor":28,"damage_taken":0},{"event_name":"Colosseum","player_choice":"Fled From Nobs","floor":28,"damage_taken":0},{"event_name":"Tomb of Lord Red Mask","player_choice":"Paid","floor":36,"damage_taken":0},{"event_name":"Winding Halls","player_choice":"Max HP","floor":39,"damage_taken":0},{"event_name":"Golden Shrine","player_choice":"Pray","floor":42,"damage_taken":0},{"event_name":"MindBloom","player_choice":"Fight","floor":47,"damage_taken":0}],"is_beta":false,"boss_relics":[{"not_picked":["Philosopher\u0027s Stone","Calling Bell"],"picked":"Mark of Pain"},{"not_picked":["Astrolabe","Fusion Hammer"],"picked":"Coffee Dripper"}],"items_purged_floors":[4,20],"is_endless":false,"potions_floor_spawned":[7,10,12,21,23,25,28,38,45,47],"ascension_level":4}