{"gold_per_floor":[114,114,128,59,59,91,91,121,148,168,168,181,181,181,181,277,277,298,332,357,357,357],"floor_reached":22,"playtime":557,"items_purged":[],"score":380,"play_id":"d8b46d9b-9ed3-4947-a51a-e4b92598f433","local_time":"20180703152400","is_ascension_mode":true,"campfire_choices":[{"data":"Searing Blow","floor":7,"key":"SMITH"},{"data":"Searing Blow+1","floor":11,"key":"SMITH"},{"data":"Searing Blow+2","floor":13,"key":"SMITH"},{"data":"Searing Blow+3","floor":15,"key":"SMITH"}],"neow_cost":"NONE","seed_source_timestamp":64306671698040,"circlet_count":0,"master_deck":["Strike_R","Strike_R","Strike_R","Strike_R","Strike_R","Defend_R","Defend_R","Defend_R","Bash","AscendersBane","Spot Weakness","Searing Blow+4","Rage","Shrug It Off","Thunderclap","Demon Form","Flame Barrier","True Grit"],"relics":["Burning Blood","NeowsBlessing","Vajra","Singing Bowl","Dream Catcher","Golden Idol","Snecko Eye","Red Mask","Enchiridion"],"potions_floor_usage":[20,22],"damage_taken":[{"damage":0,"enemies":"Cultist","floor":1,"turns":1},{"damage":0,"enemies":"Jaw Worm","floor":3,"turns":1},{"damage":0,"enemies":"Lagavulin","floor":6,"turns":1},{"damage":23,"enemies":"3 Sentries","floor":8,"turns":8},{"damage":0,"enemies":"2 Louse","floor":10,"turns":2},{"damage":15,"enemies":"Blue Slaver","floor":12,"turns":3},{"damage":56,"enemies":"Hexaghost","floor":16,"turns":9},{"damage":9,"enemies":"3 Byrds","floor":18,"turns":4},{"damage":26,"floor":19,"turns":4},{"damage":21,"enemies":"2 Thieves","floor":20,"turns":4},{"damage":10,"enemies":"Sentry and Sphere","floor":22,"turns":3}],"seed_played":"-183139156081380907","potions_obtained":[{"floor":3,"key":"SpeedPotion"},{"floor":6,"key":"SpeedPotion"},{"floor":12,"key":"BloodPotion"}],"is_trial":false,"path_per_floor":["M","?","M","$","?","E","R","E","T","M","R","M","R","?","R","B",null,"M","?","M","?"],"character_chosen":"IRONCLAD","items_purchased":["Searing Blow"],"campfire_rested":0,"item_purchase_floors":[4],"current_hp_per_floor":[74,74,75,75,80,80,80,65,65,71,71,62,62,62,62,12,59,56,36,23,2,0],"gold":357,"neow_bonus":"THREE_ENEMY_KILL","is_prod":false,"is_daily":false,"chose_seed":false,"campfire_upgraded":4,"win_rate":0,"timestamp":1530656640,"path_taken":["M","?","M","$","?","E","R","E","T","M","R","M","R","?","R","BOSS","M","?","M","?","M"],"build_version":"2018-07-02","purchased_purges":0,"victory":false,"max_hp_per_floor":[75,75,75,75,80,80,80,82,82,82,82,82,82,74,74,74,74,74,74,76,76,76],"card_choices":[{"not_picked":["Flex","Cleave"],"picked":"Spot Weakness","floor":1},{"not_picked":["Twin Strike","Sever Soul"],"picked":"Rage","floor":6},{"not_picked":["Berserk","Bloodletting","Inflame"],"picked":"Singing Bowl","floor":8},{"not_picked":["Heavy Blade","True Grit"],"picked":"Shrug It Off","floor":10},{"not_picked":["Twin Strike","Entrench"],"picked":"Thunderclap","floor":12},{"not_picked":["Brutality","Barricade"],"picked":"Demon Form","floor":16},{"not_picked":["Dual Wield","Pommel Strike"],"picked":"Flame Barrier","floor":18},{"not_picked":["Wild Strike","Anger"],"picked":"True Grit","floor":19},{"not_picked":["Clash","Anger","Iron Wave"],"picked":"Singing Bowl","floor":20}],"player_experience":470378,"relics_obtained":[{"floor":6,"key":"Vajra"},{"floor":8,"key":"Singing Bowl"},{"floor":9,"key":"Dream Catcher"},{"floor":19,"key":"Red Mask"},{"floor":21,"key":"Enchiridion"}],"event_choices":[{"event_name":"Bonfire Elementals","player_choice":"BASIC","floor":2,"damage_taken":0},{"event_name":"Big Fish","player_choice":"Donut","floor":5,"damage_taken":0},{"event_name":"Golden Idol","player_choice":"Lose Max HP","floor":14,"damage_taken":0},{"event_name":"Masked Bandits","player_choice":"Fought over 298 gold","floor":19,"damage_taken":0},{"event_name":"Cursed Tome","player_choice":"Obtained Book","floor":21,"damage_taken":0}],"boss_relics":[{"not_picked":["Sozu","Calling Bell"],"picked":"Snecko Eye"}],"items_purged_floors":[],"is_endless":false,"potions_floor_spawned":[3,6,12,18],"killed_by":"Sentry and Sphere","ascension_level":15}