{"gold_per_floor":[116,116,116,136,16,16,55,76,147,187,211,249,264,364,364,364],"floor_reached":16,"playtime":374,"items_purged":[],"score":254,"play_id":"5be7948b-0034-4e5f-b4d2-ce74e257eb1b","local_time":"20180709084643","is_ascension_mode":true,"campfire_choices":[{"data":"True Grit","floor":6,"key":"SMITH"},{"data":"True Grit","floor":15,"key":"SMITH"}],"neow_cost":"NONE","seed_source_timestamp":98847031021198,"circlet_count":0,"master_deck":["Strike_R","Strike_R","Strike_R","Strike_R","Strike_R","Defend_R","Defend_R","Defend_R","Defend_R","Bash","AscendersBane","Perfected Strike+1","Pommel Strike","Metallicize","True Grit+1","Thunderclap","Bloodletting","Immolate","Headbutt","Pommel Strike","True Grit+1"],"relics":["Burning Blood","NeowsBlessing","Golden Idol","Ancient Tea Set","Gremlin Horn","Anchor","Question Card"],"potions_floor_usage":[10,12,12],"damage_taken":[{"damage":0,"enemies":"2 Louse","floor":1,"turns":1},{"damage":0,"enemies":"Jaw Worm","floor":4,"turns":1},{"damage":0,"enemies":"Gremlin Nob","floor":7,"turns":1},{"damage":0,"enemies":"Cultist","floor":8,"turns":2},{"damage":11,"enemies":"3 Sentries","floor":10,"turns":6},{"damage":3,"enemies":"Exordium Thugs","floor":11,"turns":2},{"damage":14,"enemies":"Lagavulin","floor":12,"turns":7},{"damage":0,"enemies":"Lots of Slimes","floor":13,"turns":2},{"damage":66,"enemies":"Hexaghost","floor":16,"turns":9}],"seed_played":"4635780162040736957","potions_obtained":[{"floor":4,"key":"Weak Potion"},{"floor":8,"key":"Explosive Potion"},{"floor":11,"key":"FearPotion"}],"is_trial":false,"path_per_floor":["M","?","?","M","$","R","E","M","T","E","M","E","M","?","R"],"character_chosen":"IRONCLAD","items_purchased":["Metallicize","True Grit"],"campfire_rested":0,"item_purchase_floors":[5,5],"current_hp_per_floor":[74,68,68,68,68,68,68,68,68,63,66,58,64,64,64,0],"gold":364,"neow_bonus":"THREE_ENEMY_KILL","is_prod":false,"is_daily":false,"chose_seed":false,"campfire_upgraded":2,"win_rate":0,"timestamp":1531151203,"path_taken":["M","?","?","M","$","R","E","M","T","E","?","E","M","?","R","BOSS"],"build_version":"2018-07-05","purchased_purges":0,"victory":false,"max_hp_per_floor":[75,68,68,68,68,68,68,68,68,68,68,68,68,68,68,68],"card_choices":[{"not_picked":["Combust","Armaments"],"picked":"Perfected Strike","floor":1},{"not_picked":["Blood for Blood","Havoc"],"picked":"Pommel Strike","floor":4},{"not_picked":["Infernal Blade","Headbutt"],"picked":"Thunderclap","floor":7},{"not_picked":["Whirlwind","Combust"],"picked":"Bloodletting","floor":8},{"not_picked":["Battle Trance","Warcry"],"picked":"Immolate","floor":10},{"not_picked":["Armaments","Sword Boomerang"],"picked":"Headbutt","floor":11},{"not_picked":["Inflame","Clash"],"picked":"Pommel Strike","floor":12},{"not_picked":["Warcry","Reckless Charge","Rupture"],"picked":"True Grit","floor":13}],"player_experience":534623,"relics_obtained":[{"floor":7,"key":"Ancient Tea Set"},{"floor":9,"key":"Gremlin Horn"},{"floor":10,"key":"Anchor"},{"floor":12,"key":"Question Card"}],"event_choices":[{"event_name":"Golden Idol","player_choice":"Lose Max HP","floor":2,"damage_taken":0},{"event_name":"Living Wall","player_choice":"Grow","floor":3,"damage_taken":0},{"event_name":"Wheel of Change","player_choice":"Gold","floor":14,"damage_taken":0}],"boss_relics":[],"items_purged_floors":[],"is_endless":false,"potions_floor_spawned":[4,8,11],"killed_by":"Hexaghost","ascension_level":15}