{"gold_per_floor":[116,135,145,145,164,164,499,499,499,531,551,200,200,275,275,377,377,396,408,114,114,129,129,146,174,237,249,65,65,91,105,105,207,207,223,276,0,10,28,28,57,57,135,150,178,191,41,41,41,41,41,41,6,36,36],"floor_reached":55,"playtime":3209,"items_purged":["Regret","Strike_R","Strike_R","Strike_R"],"score":800,"play_id":"d8885624-2ffb-4742-8f13-195658c8936d","local_time":"20190611221759","is_ascension_mode":false,"campfire_choices":[{"data":"Feed","floor":6,"key":"SMITH"},{"floor":8,"key":"REST"},{"floor":13,"key":"RECALL"},{"data":"Bash","floor":15,"key":"SMITH"},{"data":"Heavy Blade","floor":23,"key":"SMITH"},{"data":"Heavy Blade","floor":27,"key":"SMITH"},{"floor":32,"key":"REST"},{"data":"Shrug It Off","floor":40,"key":"SMITH"},{"data":"Uppercut","floor":49,"key":"SMITH"},{"data":"Shrug It Off","floor":52,"key":"SMITH"}],"neow_cost":"TEN_PERCENT_HP_LOSS","seed_source_timestamp":2029887526702649,"circlet_count":0,"master_deck":["Strike_R","Defend_R","Defend_R","Defend_R","Defend_R+1","Bash+1","Feed+1","Pommel Strike","Cleave","Spot Weakness","Clothesline","Sword Boomerang","Offering","Heavy Blade+1","Heavy Blade+1","Shockwave","Bludgeon","Iron Wave+1","Iron Wave","Uppercut+1","Reaper","Armaments+1","Panacea+1","Shrug It Off+1","Metallicize+1","Shrug It Off+1","Pummel","Ghostly Armor+1"],"relics":["Burning Blood","Mercury Hourglass","Old Coin","Red Skull","Brimstone","Velvet Choker","Bag of Marbles","MawBank","Happy Flower","ClockworkSouvenir","Question Card","Lizard Tail","Thread and Needle","War Paint","Singing Bowl","FossilizedHelix","Blood Vial"],"potions_floor_usage":[7,16,16,25,25,30,36,54,55,55],"damage_taken":[{"damage":5,"enemies":"Small Slimes","floor":1,"turns":3},{"damage":4,"enemies":"2 Louse","floor":2,"turns":4},{"damage":6,"enemies":"Jaw Worm","floor":3,"turns":2},{"damage":5,"enemies":"Lots of Slimes","floor":5,"turns":2},{"damage":39,"enemies":"Lagavulin","floor":7,"turns":5},{"damage":24,"enemies":"3 Sentries","floor":10,"turns":4},{"damage":13,"enemies":"Red Slaver","floor":11,"turns":3},{"damage":40,"enemies":"The Guardian","floor":16,"turns":5},{"damage":20,"enemies":"3 Byrds","floor":18,"turns":4},{"damage":6,"enemies":"Chosen","floor":19,"turns":3},{"damage":12,"enemies":"Sentry and Sphere","floor":22,"turns":3},{"damage":6,"enemies":"Shelled Parasite and Fungi","floor":24,"turns":2},{"damage":7,"enemies":"Gremlin Leader","floor":25,"turns":3},{"damage":20,"enemies":"Slavers","floor":30,"turns":2},{"damage":14,"enemies":"Snake Plant","floor":31,"turns":2},{"damage":44,"enemies":"Collector","floor":33,"turns":4},{"damage":9,"enemies":"3 Shapes","floor":35,"turns":2},{"damage":38,"enemies":"2 Orb Walkers","floor":36,"turns":3},{"damage":6,"enemies":"Orb Walker","floor":38,"turns":2},{"damage":3,"enemies":"Sphere and 2 Shapes","floor":39,"turns":3},{"damage":28,"enemies":"Nemesis","floor":41,"turns":7},{"damage":7,"enemies":"Transient","floor":44,"turns":5},{"damage":27,"enemies":"Reptomancer","floor":45,"turns":4},{"damage":0,"enemies":"Maw","floor":46,"turns":4},{"damage":80,"enemies":"Awakened One","floor":50,"turns":8},{"damage":62,"enemies":"Shield and Spear","floor":54,"turns":5},{"damage":128,"enemies":"The Heart","floor":55,"turns":6}],"seed_played":"-7830501578242049519","potions_obtained":[{"floor":2,"key":"AttackPotion"},{"floor":10,"key":"Weak Potion"},{"floor":11,"key":"BloodPotion"},{"floor":16,"key":"SteroidPotion"},{"floor":19,"key":"Dexterity Potion"},{"floor":22,"key":"Weak Potion"},{"floor":33,"key":"Regen Potion"},{"floor":36,"key":"PowerPotion"},{"floor":38,"key":"BloodPotion"},{"floor":39,"key":"EssenceOfSteel"}],"is_trial":false,"path_per_floor":["M","M","M","?","M","R","E","R","T","E","M","$","R","?","R","B",null,"M","M","$","?","M","R","M","E","T","R","$","?","E","M","R","B",null,"M","?","$","M","M","R","E","?","T","M","E","M","$","$","R","B",null,"R","$","E","B"],"character_chosen":"IRONCLAD","items_purchased":["Offering","Brimstone","Heavy Blade","Bag of Marbles","ClockworkSouvenir","Panacea","Shrug It Off","Pummel"],"campfire_rested":2,"item_purchase_floors":[12,12,20,20,28,37,37,53],"current_hp_per_floor":[75,78,81,81,81,81,48,72,72,58,51,51,51,40,40,14,85,71,75,75,75,73,73,77,76,76,76,76,76,62,54,83,49,101,98,92,92,92,95,95,73,73,73,99,84,92,92,92,92,36,107,107,107,61,0],"gold":36,"neow_bonus":"THREE_RARE_CARDS","is_prod":false,"is_daily":false,"chose_seed":false,"campfire_upgraded":7,"win_rate":0,"timestamp":1560309479,"path_taken":["M","M","M","?","M","R","E","R","T","E","M","$","R","?","R","BOSS","M","M","$","?","?","R","M","E","T","R","?","?","E","M","R","BOSS","M","?","$","M","M","R","E","?","T","?","E","M","?","$","R","BOSS","R","$","E","BOSS"],"build_version":"2019-01-23","purchased_purges":4,"victory":false,"max_hp_per_floor":[75,78,81,81,81,81,81,81,81,85,85,85,85,85,85,85,85,85,89,89,89,93,93,97,97,97,97,97,97,97,97,97,101,101,101,101,101,101,101,101,101,101,101,103,105,107,107,107,107,107,107,107,107,107,107],"card_choices":[{"not_picked":["Double Tap","Demon Form"],"picked":"Feed","floor":0},{"not_picked":["Twin Strike","Blood for Blood"],"picked":"Pommel Strike","floor":1},{"not_picked":["Pommel Strike","Twin Strike"],"picked":"Cleave","floor":2},{"not_picked":["Dual Wield","Dropkick","Thunderclap"],"picked":"SKIP","floor":3},{"not_picked":["Flex","Heavy Blade","Bloodletting"],"picked":"SKIP","floor":5},{"not_picked":["Reckless Charge","Headbutt"],"picked":"Spot Weakness","floor":7},{"not_picked":["Blood for Blood","Bludgeon"],"picked":"Clothesline","floor":10},{"not_picked":["Clash","Burning Pact"],"picked":"Sword Boomerang","floor":11},{"not_picked":["Bloodletting","Seeing Red+1"],"picked":"Heavy Blade","floor":18},{"not_picked":["Infernal Blade+1","Pommel Strike","Thunderclap"],"picked":"SKIP","floor":19},{"not_picked":["Entrench+1","Clothesline"],"picked":"Shockwave","floor":22},{"not_picked":["Headbutt","Flex"],"picked":"Bludgeon","floor":24},{"not_picked":["Warcry+1","Clothesline"],"picked":"Iron Wave+1","floor":25},{"not_picked":["Clothesline","Reckless Charge"],"picked":"Uppercut","floor":30},{"not_picked":["Feel No Pain","Dual Wield","Heavy Blade","Perfected Strike"],"picked":"SKIP","floor":31},{"not_picked":["Immolate","Berserk","Brutality"],"picked":"Reaper","floor":33},{"not_picked":["Thunderclap+1","Cleave+1","Flex"],"picked":"Armaments+1","floor":35},{"not_picked":["Corruption+1","Clothesline+1","Perfected Strike+1"],"picked":"Metallicize+1","floor":38},{"not_picked":["Battle Trance+1","Disarm+1","Corruption"],"picked":"Shrug It Off","floor":39},{"not_picked":["Demon Form","Combust","Cleave","Clash+1"],"picked":"SKIP","floor":41},{"not_picked":["Warcry+1","Heavy Blade","Twin Strike","Sword Boomerang+1"],"picked":"Singing Bowl","floor":44},{"not_picked":["Sever Soul","Rage","Fire Breathing","Shockwave"],"picked":"Singing Bowl","floor":45},{"not_picked":["Sever Soul","Heavy Blade","Sword Boomerang","Corruption"],"picked":"Singing Bowl","floor":46},{"not_picked":["Wild Strike","Rage","Sword Boomerang+1"],"picked":"Ghostly Armor+1","floor":54}],"player_experience":771913,"relics_obtained":[{"floor":7,"key":"Old Coin"},{"floor":10,"key":"Red Skull"},{"floor":25,"key":"MawBank"},{"floor":26,"key":"Happy Flower"},{"floor":30,"key":"Question Card"},{"floor":36,"key":"Thread and Needle"},{"floor":41,"key":"War Paint"},{"floor":43,"key":"Singing Bowl"},{"floor":45,"key":"FossilizedHelix"},{"floor":54,"key":"Blood Vial"}],"event_choices":[{"damage_healed":0,"gold_gain":0,"player_choice":"Box","damage_taken":0,"relics_obtained":["Mercury Hourglass"],"max_hp_gain":0,"max_hp_loss":0,"event_name":"Big Fish","floor":4,"gold_loss":0,"cards_obtained":["Regret"]},{"damage_healed":0,"gold_gain":75,"player_choice":"Gather Gold","damage_taken":11,"max_hp_gain":0,"max_hp_loss":0,"event_name":"World of Goop","floor":14,"gold_loss":0},{"cards_removed":["Strike_R"],"damage_healed":0,"gold_gain":0,"player_choice":"Offered Basic","damage_taken":0,"max_hp_gain":0,"max_hp_loss":0,"event_name":"Bonfire Elementals","floor":21,"gold_loss":0},{"damage_healed":0,"gold_gain":0,"player_choice":"Read","damage_taken":0,"max_hp_gain":0,"max_hp_loss":0,"event_name":"The Library","floor":29,"gold_loss":0,"cards_obtained":["Iron Wave"]},{"damage_healed":0,"gold_gain":0,"player_choice":"Fight","damage_taken":0,"max_hp_gain":0,"max_hp_loss":0,"event_name":"Mysterious Sphere","floor":36,"gold_loss":0},{"damage_healed":0,"gold_gain":0,"player_choice":"Ignored","damage_taken":0,"max_hp_gain":0,"max_hp_loss":0,"event_name":"SecretPortal","floor":42,"gold_loss":0}],"is_beta":false,"boss_relics":[{"not_picked":["Calling Bell","White Beast Statue"],"picked":"Velvet Choker"},{"not_picked":["Fusion Hammer","Runic Dome"],"picked":"Lizard Tail"}],"items_purged_floors":[12,20,37,47],"is_endless":false,"potions_floor_spawned":[2,10,11,16,19,22,33,36,38,39],"killed_by":"The Heart","ascension_level":0}