{"path_per_floor":["M","?","M","M","M","R","M","R","T","R","M","E","M","E","R","B",null,"M","?","M","$","M","R","M","M","T","M","?","?","R","M","R"],"character_chosen":"IRONCLAD","items_purchased":["Question Card"],"gold_per_floor":[14,14,28,40,59,59,70,70,70,70,89,114,128,158,158,263,263,277,277,297,40,55,55,68,87,132,146,176,176,176,195,195,195],"floor_reached":33,"campfire_rested":2,"playtime":2517,"item_purchase_floors":[21],"current_hp_per_floor":[80,77,78,77,80,80,77,77,77,77,77,74,80,73,73,48,80,52,52,40,40,36,60,55,44,44,45,51,51,51,51,75,0],"items_purged":[],"gold":195,"score":263,"play_id":"b7482174-012f-4440-b847-5be64ddeaf20","local_time":"20180605114438","is_prod":false,"is_daily":false,"chose_seed":false,"is_ascension_mode":false,"campfire_upgraded":5,"win_rate":0,"timestamp":1528213478,"campfire_choices":[{"data":"Bludgeon","floor":6,"key":"SMITH"},{"data":"Clash","floor":8,"key":"SMITH"},{"data":"Clash","floor":10,"key":"SMITH"},{"data":"Cleave","floor":15,"key":"SMITH"},{"floor":23,"key":"REST"},{"data":"Flex","floor":30,"key":"SMITH"},{"floor":32,"key":"REST"}],"path_taken":["M","?","M","M","M","R","M","R","T","R","M","E","M","E","R","BOSS","M","?","M","$","M","R","M","M","T","?","?","?","R","M","R","BOSS"],"build_version":"2018-05-31","seed_source_timestamp":4428524703426,"purchased_purges":0,"victory":false,"master_deck":["Strike_R","Strike_R","Strike_R+1","Strike_R","Strike_R","Bash","Bludgeon+1","Flex+1","Clash+1","Inflame","Clash+1","Cleave+1","Anger","Sever Soul","Headbutt","Anger","Reaper+1","Corruption+1","Iron Wave+1","Spot Weakness+1","Headbutt","Brutality","Finesse","Whirlwind+1","Dual Wield+1","Iron Wave+1","Clash+1","Dual Wield","Anger+1","Impervious","Shrug It Off+1"],"max_hp_per_floor":[80,80,80,80,80,80,80,80,80,80,80,80,80,80,80,80,80,80,80,80,80,80,80,80,80,80,80,80,80,80,80,80,80],"relics":["Burning Blood","Matryoshka","Omamori","Prayer Wheel","Darkstone Periapt","Pen Nib","Astrolabe","Question Card","Dodecahedron","Whetstone","Red Mask"],"card_choices":[{"not_picked":["Impervious","Fiend Fire"],"picked":"Bludgeon","floor":0},{"not_picked":["Shrug It Off","Twin Strike"],"picked":"Flex","floor":1},{"not_picked":["Ghostly Armor","Body Slam","Clothesline"],"picked":"SKIP","floor":3},{"not_picked":["Pummel","Clothesline"],"picked":"Clash","floor":4},{"not_picked":["Pommel Strike","Thunderclap"],"picked":"Inflame","floor":5},{"not_picked":["Barricade","Perfected Strike"],"picked":"Clash","floor":7},{"not_picked":["Twin Strike","Anger"],"picked":"Cleave","floor":11},{"not_picked":["Perfected Strike","Iron Wave"],"picked":"Anger","floor":11},{"not_picked":["Flex","Pommel Strike"],"picked":"Sever Soul","floor":12},{"not_picked":["Battle Trance","Whirlwind"],"picked":"Headbutt","floor":13},{"not_picked":["Rampage","Second Wind","Whirlwind"],"picked":"SKIP","floor":13},{"not_picked":["Flame Barrier","Limit Break"],"picked":"Anger","floor":14},{"not_picked":["Limit Break","Feed"],"picked":"Reaper","floor":16},{"not_picked":["Combust","Warcry"],"picked":"Headbutt","floor":18},{"not_picked":["Reckless Charge","Dropkick","Burning Pact+1"],"picked":"SKIP","floor":18},{"not_picked":["Clothesline","Sword Boomerang"],"picked":"Whirlwind+1","floor":20},{"not_picked":["Pommel Strike","Spot Weakness","Hemokinesis+1"],"picked":"SKIP","floor":20},{"not_picked":["Clothesline","Sword Boomerang+1","Anger"],"picked":"Dual Wield+1","floor":22},{"not_picked":["Burning Pact+1","Sever Soul","Power Through"],"picked":"Iron Wave+1","floor":22},{"not_picked":["Perfected Strike","Ghostly Armor","Anger","Pommel Strike+1"],"picked":"SKIP","floor":24},{"not_picked":["Intimidate","Iron Wave","Combust","Reckless Charge"],"picked":"SKIP","floor":24},{"not_picked":["Flex","Second Wind","Sever Soul"],"picked":"Clash+1","floor":25},{"not_picked":["Metallicize","Flame Barrier","Feel No Pain+1"],"picked":"Dual Wield","floor":25},{"not_picked":["Uppercut","Perfected Strike","Pommel Strike"],"picked":"Anger+1","floor":27},{"not_picked":["Shockwave","Warcry","Power Through","Thunderclap+1"],"picked":"SKIP","floor":27},{"not_picked":["Fire Breathing","Pommel Strike","Dual Wield"],"picked":"Impervious","floor":28},{"not_picked":["Seeing Red","Armaments","Clothesline"],"picked":"Shrug It Off+1","floor":31},{"not_picked":["Heavy Blade","Uppercut","True Grit","Power Through"],"picked":"SKIP","floor":31}],"player_experience":48452,"potions_floor_usage":[12,14,14,20,22,27,27,28,33],"damage_taken":[{"damage":0,"enemies":"Cultist","floor":1,"turns":2},{"damage":5,"enemies":"Small Slimes","floor":3,"turns":2},{"damage":7,"enemies":"2 Louse","floor":4,"turns":3},{"damage":0,"enemies":"Large Slime","floor":5,"turns":4},{"damage":9,"enemies":"Lots of Slimes","floor":7,"turns":5},{"damage":6,"enemies":"Exordium Thugs","floor":11,"turns":4},{"damage":9,"enemies":"3 Sentries","floor":12,"turns":4},{"damage":0,"enemies":"2 Fungi Beasts","floor":13,"turns":2},{"damage":13,"enemies":"Lagavulin","floor":14,"turns":3},{"damage":31,"enemies":"Slime Boss","floor":16,"turns":7},{"damage":34,"enemies":"2 Thieves","floor":18,"turns":4},{"damage":32,"enemies":"3 Byrds","floor":20,"turns":5},{"damage":10,"enemies":"Cultist and Chosen","floor":22,"turns":3},{"damage":11,"enemies":"Sentry and Sphere","floor":24,"turns":3},{"damage":23,"enemies":"Snecko","floor":25,"turns":4},{"damage":5,"enemies":"Centurion and Healer","floor":27,"turns":3},{"damage":0,"enemies":"Masked Bandits","floor":28,"turns":2},{"damage":6,"enemies":"Cultist and Chosen","floor":31,"turns":4},{"damage":78,"enemies":"Automaton","floor":33,"turns":6}],"relics_obtained":[{"floor":9,"key":"Omamori"},{"floor":9,"key":"Prayer Wheel"},{"floor":12,"key":"Darkstone Periapt"},{"floor":14,"key":"Pen Nib"},{"floor":26,"key":"Dodecahedron"},{"floor":26,"key":"Whetstone"},{"floor":28,"key":"Red Mask"}],"event_choices":[{"event_name":"Scrap Ooze","player_choice":"success","floor":2,"damage_taken":3},{"event_name":"Match and Keep!","player_choice":"2 cards matched","floor":19,"damage_taken":0},{"event_name":"Masked Bandits","player_choice":"Fought over 146 gold","floor":28,"damage_taken":0},{"event_name":"Purifier","player_choice":"One Purge","floor":29,"damage_taken":0}],"boss_relics":[{"not_picked":["Runic Cube","Velvet Choker"],"picked":"Astrolabe"}],"items_purged_floors":[],"potions_floor_spawned":[1,4,7,13,14,18,24,25,27,31],"seed_played":"5476931099380485169","killed_by":"Automaton","ascension_level":0,"potions_obtained":[{"floor":1,"key":"Weak Potion"},{"floor":4,"key":"PowerPotion"},{"floor":7,"key":"Weak Potion"},{"floor":13,"key":"FearPotion"},{"floor":14,"key":"Ancient Potion"},{"floor":18,"key":"AttackPotion"},{"floor":24,"key":"FearPotion"},{"floor":25,"key":"AttackPotion"},{"floor":27,"key":"Fire Potion"},{"floor":31,"key":"SkillPotion"}],"is_trial":false}