{"gold_per_floor":[110,110,110,385,399,442,442,476,476,476,501,501,84,105,105,198,198,219,75,95,95,95,95,129,140,140,153,153,187,49,61,61,135,135,149,149,165,185,200,200,229,229,305,305,12,22,50,64,64,64,64],"floor_reached":52,"playtime":2295,"items_purged":["Regret","Strike_G","Doubt"],"score":2020,"play_id":"7a426c59-c3f3-49c0-8e41-d4b47ab0e798","local_time":"20190129004932","is_ascension_mode":true,"campfire_choices":[{"data":"Neutralize","floor":7,"key":"SMITH"},{"data":"Cloak And Dagger","floor":10,"key":"SMITH"},{"data":"All Out Attack","floor":12,"key":"SMITH"},{"data":"Sucker Punch","floor":15,"key":"SMITH"},{"data":"Trip","floor":23,"key":"SMITH"},{"floor":28,"key":"REST"},{"data":"Cloak And Dagger","floor":32,"key":"SMITH"},{"data":"Skewer","floor":40,"key":"SMITH"},{"data":"Cloak And Dagger","floor":42,"key":"SMITH"},{"floor":44,"key":"REST"},{"data":"Crippling Poison","floor":49,"key":"SMITH"}],"neow_cost":"NONE","seed_source_timestamp":705370379836,"circlet_count":0,"master_deck":["AscendersBane","Defend_G","Defend_G","Defend_G","Defend_G","Defend_G","Strike_G","Strike_G","Strike_G","Survivor","Neutralize+1","Cloak And Dagger+1","All Out Attack+1","Dagger Spray","Dash","Well Laid Plans+1","Trip+1","Sucker Punch+1","Corpse Explosion","Crippling Poison+1","Noxious Fumes+1","Dagger Throw","Cloak And Dagger+1","Dash","After Image+1","Skewer+1","Cloak And Dagger+1","Noxious Fumes+1","Backstab","Dodge and Roll","Dash","Backflip+1","Backstab"],"relics":["Ring of the Snake","NeowsBlessing","Bloody Idol","Letter Opener","Vajra","Pantograph","Frozen Egg 2","Oddly Smooth Stone","Sozu","Paper Crane","Kunai","Strawberry","Pear","Cursed Key","Bag of Marbles","Darkstone Periapt","PreservedInsect"],"potions_floor_usage":[8,16,29],"damage_taken":[{"damage":0,"enemies":"Small Slimes","floor":1,"turns":1},{"damage":0,"enemies":"Jaw Worm","floor":5,"turns":1},{"damage":0,"enemies":"3 Sentries","floor":6,"turns":1},{"damage":23,"enemies":"Gremlin Nob","floor":8,"turns":4},{"damage":0,"enemies":"2 Louse","floor":11,"turns":3},{"damage":8,"enemies":"Red Slaver","floor":14,"turns":2},{"damage":5,"enemies":"The Guardian","floor":16,"turns":11},{"damage":5,"enemies":"Shell Parasite","floor":18,"turns":5},{"damage":5,"enemies":"Chosen","floor":20,"turns":4},{"damage":16,"enemies":"Book of Stabbing","floor":24,"turns":5},{"damage":3,"enemies":"Centurion and Healer","floor":25,"turns":4},{"damage":10,"enemies":"Snake Plant","floor":27,"turns":5},{"damage":0,"enemies":"Gremlin Leader","floor":29,"turns":4},{"damage":0,"enemies":"Sentry and Sphere","floor":31,"turns":3},{"damage":10,"enemies":"Champ","floor":33,"turns":15},{"damage":13,"enemies":"3 Darklings","floor":35,"turns":3},{"damage":0,"enemies":"3 Shapes","floor":37,"turns":4},{"damage":1,"enemies":"Sphere and 2 Shapes","floor":38,"turns":5},{"damage":7,"enemies":"Spire Growth","floor":39,"turns":6},{"damage":35,"enemies":"Nemesis","floor":41,"turns":11},{"damage":0,"enemies":"4 Shapes","floor":46,"turns":2},{"damage":3,"enemies":"Giant Head","floor":47,"turns":9},{"damage":0,"enemies":"Writhing Mass","floor":48,"turns":7},{"damage":30,"enemies":"Donu and Deca","floor":50,"turns":8},{"damage":40,"enemies":"Time Eater","floor":51,"turns":15}],"seed_played":"4260975463176080550","potions_obtained":[{"floor":5,"key":"GamblersBrew"},{"floor":11,"key":"AttackPotion"},{"floor":16,"key":"Fire Potion"}],"is_trial":false,"path_per_floor":["M","?","T","?","M","E","R","E","T","R","M","R","$","M","R","B",null,"M","$","M","?","?","R","E","M","T","M","R","E","?","M","R","B",null,"M","T","M","M","M","R","E","R","T","R","$","M","E","M","R","B","B",null],"character_chosen":"THE_SILENT","items_purchased":["Oddly Smooth Stone","Well Laid Plans+1","Trip","Noxious Fumes+1","Noxious Fumes+1","Backstab","Dodge and Roll"],"campfire_rested":2,"item_purchase_floors":[13,13,13,19,45,45,45],"current_hp_per_floor":[59,59,59,59,59,59,59,36,36,36,36,36,36,28,28,48,57,52,52,47,47,47,47,36,38,38,33,51,63,73,77,77,72,76,68,68,73,77,75,75,45,45,50,73,73,77,77,77,77,47,32],"gold":64,"neow_bonus":"THREE_ENEMY_KILL","is_prod":false,"is_daily":false,"chose_seed":false,"campfire_upgraded":9,"win_rate":0,"timestamp":1548751772,"path_taken":["M","?","?","?","M","E","R","E","T","R","M","R","$","M","R","BOSS","M","$","M","?","?","R","E","?","T","M","R","E","?","M","R","BOSS","M","?","M","?","?","R","E","R","T","R","$","M","E","M","R","BOSS","BOSS"],"build_version":"2019-01-23","purchased_purges":3,"victory":true,"max_hp_per_floor":[66,60,60,60,60,60,60,60,60,60,60,60,60,60,60,60,60,60,60,60,60,60,60,60,60,60,60,60,67,77,77,77,77,77,77,77,77,77,77,77,77,77,77,77,77,77,77,77,77,77,77],"card_choices":[{"not_picked":["Underhanded Strike","Bouncing Flask"],"picked":"Cloak And Dagger","floor":1},{"not_picked":["Sucker Punch","Riddle With Holes"],"picked":"All Out Attack","floor":5},{"not_picked":["Blade Dance","Riddle With Holes"],"picked":"Dagger Spray","floor":6},{"not_picked":["Well Laid Plans","Bullet Time"],"picked":"Dash","floor":8},{"not_picked":["Eviscerate","Dagger Spray"],"picked":"Sucker Punch","floor":14},{"not_picked":["Doppelganger","Adrenaline"],"picked":"Corpse Explosion","floor":16},{"not_picked":["Poisoned Stab","Catalyst"],"picked":"Crippling Poison","floor":18},{"not_picked":["Bane","Deadly Poison"],"picked":"Dagger Throw","floor":27},{"not_picked":["Flechettes+1","Setup"],"picked":"Cloak And Dagger","floor":29},{"not_picked":["Riddle With Holes","Distraction+1"],"picked":"Dash","floor":31},{"not_picked":["Corpse Explosion","Phantasmal Killer"],"picked":"After Image+1","floor":33},{"not_picked":["Slice","All Out Attack","Underhanded Strike"],"picked":"SKIP","floor":35},{"not_picked":["Distraction+1","Caltrops+1"],"picked":"Skewer","floor":38},{"not_picked":["Dash","Blade Dance"],"picked":"Cloak And Dagger","floor":41},{"not_picked":["Deadly Poison","Prepared+1"],"picked":"Dash","floor":46},{"not_picked":["Dagger Spray","Dagger Throw"],"picked":"Backflip+1","floor":47},{"not_picked":["Bane","Prepared+1"],"picked":"Backstab","floor":48}],"player_experience":1064068,"relics_obtained":[{"floor":3,"key":"Letter Opener"},{"floor":6,"key":"Vajra"},{"floor":8,"key":"Pantograph"},{"floor":9,"key":"Frozen Egg 2"},{"floor":24,"key":"Paper Crane"},{"floor":26,"key":"Kunai"},{"floor":29,"key":"Strawberry"},{"floor":41,"key":"Bag of Marbles"},{"floor":43,"key":"Darkstone Periapt"},{"floor":47,"key":"PreservedInsect"}],"event_choices":[{"damage_healed":0,"gold_gain":0,"player_choice":"Lose Max HP","damage_taken":0,"relics_obtained":["Golden Idol"],"max_hp_gain":0,"max_hp_loss":6,"event_name":"Golden Idol","floor":2,"gold_loss":0},{"damage_healed":0,"gold_gain":275,"player_choice":"Desecrate","damage_taken":0,"max_hp_gain":0,"max_hp_loss":0,"event_name":"Golden Shrine","floor":4,"gold_loss":0,"cards_obtained":["Regret"]},{"damage_healed":0,"gold_gain":0,"player_choice":"Gave Idol","damage_taken":0,"relics_obtained":["Bloody Idol"],"max_hp_gain":0,"max_hp_loss":0,"event_name":"Forgotten Altar","floor":21,"relics_lost":["Golden Idol"],"gold_loss":0},{"cards_removed":["Strike_G"],"damage_healed":0,"gold_gain":0,"player_choice":"Offered Basic","damage_taken":0,"max_hp_gain":0,"max_hp_loss":0,"event_name":"Bonfire Elementals","floor":22,"gold_loss":0},{"damage_healed":0,"gold_gain":0,"player_choice":"Paid Gold","damage_taken":0,"relics_obtained":["Pear"],"max_hp_gain":0,"max_hp_loss":0,"event_name":"WeMeetAgain","floor":30,"gold_loss":138}],"is_beta":true,"boss_relics":[{"not_picked":["Lizard Tail","Eternal Feather"],"picked":"Sozu"},{"not_picked":["Velvet Choker","Ring of the Serpent"],"picked":"Cursed Key"}],"items_purged_floors":[13,19,45],"is_endless":false,"potions_floor_spawned":[5,11,16,25,29,31,33,38,39,41,46],"ascension_level":20}