{"gold_per_floor":[114,189,189,53,73,73,73,73,146,175,175,185,185,199,199,272,272,286,315,315,33,52,52,86,86,86,86,1,28,42,42,42,116,116,135,135,135,60,60,60,60,60,60,93,93,124,137,359,359,359,359],"floor_reached":52,"playtime":2498,"items_purged":["Clumsy"],"score":1876,"play_id":"bad04a85-3b1a-4ed5-9cdb-6caf68b6a497","local_time":"20181205181042","is_ascension_mode":true,"campfire_choices":[{"data":"Cloak And Dagger","floor":6.0,"key":"SMITH"},{"data":"Neutralize","floor":8.0,"key":"SMITH"},{"data":"Finisher","floor":13.0,"key":"SMITH"},{"data":"Glass Knife","floor":15.0,"key":"SMITH"},{"data":"Blade Dance","floor":23.0,"key":"SMITH"},{"floor":25.0,"key":"REST"},{"floor":27.0,"key":"REST"},{"data":"Burst","floor":32.0,"key":"SMITH"},{"floor":40.0,"key":"REST"},{"data":"Blur","floor":42.0,"key":"SMITH"},{"floor":49,"key":"REST"}],"neow_cost":"TEN_PERCENT_HP_LOSS","seed_source_timestamp":4997520758026,"circlet_count":0,"master_deck":["AscendersBane","Defend_G+1","Defend_G+1","Defend_G+1","Defend_G+1","Strike_G+1","Strike_G+1","Strike_G+1","Survivor","Neutralize+1","Finisher+1","Blur+1","Blade Dance+1","Cloak And Dagger+1","Well Laid Plans","Dagger Spray","Glass Knife+1","Backstab","Burst+1","Blade Dance+1","Predator","Terror","Finisher","Backflip","PiercingWail+1","A Thousand Cuts+1","Blur+1","Flash of Steel","Normality","Acrobatics+1","Cloak And Dagger"],"special_seed":0,"relics":["Ring of the Serpent","Question Card","Pantograph","Ninja Scroll","Cursed Key","Red Mask","Kunai","Calipers","Bottled Lightning","Frozen Egg 2","Mercury Hourglass","Anchor","Bag of Preparation","Shuriken"],"potions_floor_usage":[46,50],"damage_taken":[{"damage":1.0,"enemies":"Small Slimes","floor":1.0,"turns":4.0},{"damage":0.0,"enemies":"2 Louse","floor":5.0,"turns":3.0},{"damage":8.0,"enemies":"3 Sentries","floor":10.0,"turns":7.0},{"damage":0.0,"enemies":"Jaw Worm","floor":12.0,"turns":1.0},{"damage":0.0,"enemies":"Large Slime","floor":14.0,"turns":1.0},{"damage":12.0,"enemies":"The Guardian","floor":16.0,"turns":6.0},{"damage":0.0,"enemies":"Chosen","floor":18.0,"turns":2.0},{"damage":22.0,"enemies":"Masked Bandits","floor":19.0,"turns":5.0},{"damage":0.0,"enemies":"Spheric Guardian","floor":22.0,"turns":1.0},{"damage":18.0,"enemies":"Slavers","floor":24.0,"turns":6.0},{"damage":0.0,"enemies":"Gremlin Leader","floor":29.0,"turns":1.0},{"damage":0.0,"enemies":"Centurion and Healer","floor":30.0,"turns":4.0},{"damage":33.0,"enemies":"Automaton","floor":33.0,"turns":9.0},{"damage":9.0,"enemies":"3 Darklings","floor":35.0,"turns":3.0},{"damage":11.0,"enemies":"Reptomancer","floor":44.0,"turns":6.0},{"damage":26,"enemies":"Giant Head","floor":46,"turns":6},{"damage":0,"enemies":"3 Shapes","floor":47,"turns":2},{"damage":12,"enemies":"Awakened One","floor":50,"turns":11},{"damage":15,"enemies":"Donu and Deca","floor":51,"turns":7}],"seed_played":"1344053433735929927","potions_obtained":[{"floor":5.0,"key":"Weak Potion"},{"floor":10.0,"key":"Swift Potion"},{"floor":12.0,"key":"LiquidBronze"},{"floor":22.0,"key":"Swift Potion"},{"floor":24.0,"key":"LiquidBronze"},{"floor":47,"key":"Poison Potion"}],"is_trial":false,"path_per_floor":["M","?","?","$","M","R","?","R","T","E","T","M","R","M","R","B",null,"M","?","?","$","M","R","E","R","T","R","?","E","M","?","R","B",null,"M","?","?","$","?","R","$","R","T","E","$","E","M","?","R","B","B",null],"character_chosen":"THE_SILENT","items_purchased":["Cloak And Dagger","Caltrops","Kunai"],"campfire_rested":4,"item_purchase_floors":[4,4,21],"current_hp_per_floor":[58,47,40,40,40,40,40,40,40,32,32,32,32,32,32,45,56,56,34,34,34,34,34,16,34,34,52,52,52,52,52,52,27,52,43,43,43,43,43,60,60,60,60,49,49,23,23,23,41,48,45],"gold":359,"neow_bonus":"TRANSFORM_TWO_CARDS","is_prod":false,"is_daily":false,"chose_seed":false,"campfire_upgraded":7,"win_rate":0,"timestamp":1544062242,"path_taken":["M","?","?","$","M","R","?","R","T","E","?","M","R","M","R","BOSS","M","?","?","$","M","R","E","R","T","R","?","E","M","?","R","BOSS","M","?","?","$","?","R","?","R","T","E","$","E","?","?","R","BOSS","BOSS"],"build_version":"2018-12-05","purchased_purges":1,"victory":true,"max_hp_per_floor":[60,60,60,60,60,60,60,60,60,60,60,60,60,60,60,60,60,60,60,60,60,60,60,60,60,60,60,60,60,60,60,60,60,60,60,60,60,60,60,60,60,60,60,60,60,60,60,60,60,60,60],"card_choices":[{"not_picked":["Slice","Bane"],"picked":"Blade Dance","floor":1.0},{"not_picked":["Outmaneuver","Sucker Punch"],"picked":"Well Laid Plans","floor":5.0},{"not_picked":["Quick Slash","Deadly Poison","Sucker Punch"],"picked":"Dagger Spray","floor":10.0},{"not_picked":["Sucker Punch","Bane","Dagger Spray"],"picked":"Glass Knife","floor":12.0},{"not_picked":["Bouncing Flask","Sucker Punch","Dagger Throw"],"picked":"Backstab","floor":14.0},{"not_picked":["Envenom","Die Die Die","Unload"],"picked":"Burst","floor":16.0},{"not_picked":["Caltrops","PiercingWail","Calculated Gamble"],"picked":"Blade Dance","floor":18.0},{"not_picked":["Quick Slash","Distraction","Setup"],"picked":"Predator","floor":19.0},{"not_picked":["Slice","Deflect+1","Flying Knee"],"picked":"Terror","floor":22.0},{"not_picked":["Burst","Well Laid Plans","Slice"],"picked":"Finisher","floor":24.0},{"not_picked":["Underhanded Strike","Escape Plan+1","Well Laid Plans+1"],"picked":"Backflip","floor":29.0},{"not_picked":["Underhanded Strike","Acrobatics","Flying Knee"],"picked":"PiercingWail+1","floor":30.0},{"not_picked":["Burst","Envenom+1","Phantasmal Killer"],"picked":"A Thousand Cuts+1","floor":33.0},{"not_picked":["Reflex","PiercingWail","Cloak And Dagger"],"picked":"Blur+1","floor":35.0},{"not_picked":["Deep Breath","Violence","HandOfGreed"],"picked":"Flash of Steel","floor":37.0},{"not_picked":["Terror","Distraction","Prepared"],"picked":"Acrobatics+1","floor":44.0},{"not_picked":["Quick Slash","Calculated Gamble","Heel Hook+1"],"picked":"Cloak And Dagger","floor":46}],"player_experience":960966,"relics_obtained":[{"floor":9.0,"key":"Question Card"},{"floor":10.0,"key":"Pantograph"},{"floor":11.0,"key":"Ninja Scroll"},{"floor":19.0,"key":"Red Mask"},{"floor":24.0,"key":"Calipers"},{"floor":26.0,"key":"Bottled Lightning"},{"floor":29.0,"key":"Mercury Hourglass"},{"floor":43.0,"key":"Anchor"},{"floor":44.0,"key":"Bag of Preparation"},{"floor":46,"key":"Shuriken"}],"event_choices":[{"damage_healed":0.0,"max_hp_gain":0.0,"max_hp_loss":0.0,"gold_gain":75.0,"event_name":"World of Goop","player_choice":"Gather Gold","floor":2.0,"gold_loss":0.0,"damage_taken":11.0},{"cards_removed":["Defend_G"],"damage_healed":0.0,"max_hp_gain":0.0,"max_hp_loss":0.0,"gold_gain":0.0,"event_name":"Golden Wing","player_choice":"Card Removal","floor":3.0,"gold_loss":0.0,"damage_taken":7.0},{"damage_healed":0.0,"max_hp_gain":0.0,"max_hp_loss":0.0,"gold_gain":0.0,"event_name":"Living Wall","player_choice":"Grow","floor":7.0,"gold_loss":0.0,"damage_taken":0.0,"cards_upgraded":["Blade Dance"]},{"damage_healed":0.0,"max_hp_gain":0.0,"max_hp_loss":0.0,"gold_gain":0.0,"event_name":"Masked Bandits","player_choice":"Fought Bandits","floor":19.0,"gold_loss":0.0,"damage_taken":0.0},{"damage_healed":0.0,"max_hp_gain":0.0,"max_hp_loss":0.0,"gold_gain":0.0,"event_name":"Vampires","player_choice":"Ignored","floor":20.0,"gold_loss":0.0,"damage_taken":0.0},{"damage_healed":0.0,"max_hp_gain":0.0,"max_hp_loss":0.0,"gold_gain":0.0,"event_name":"Addict","player_choice":"Obtained Relic","floor":28.0,"gold_loss":85.0,"damage_taken":0.0,"relics_obtained":["Frozen Egg 2"]},{"damage_healed":0.0,"max_hp_gain":0.0,"max_hp_loss":0.0,"gold_gain":0.0,"event_name":"Back to Basics","player_choice":"Simplicity","floor":31.0,"gold_loss":0.0,"damage_taken":0.0,"cards_upgraded":["Defend_G","Defend_G","Defend_G","Defend_G","Strike_G","Strike_G","Strike_G"]},{"cards_removed":["Caltrops"],"damage_healed":0.0,"max_hp_gain":0.0,"max_hp_loss":0.0,"gold_gain":0.0,"event_name":"Falling","player_choice":"Removed Power","floor":36.0,"gold_loss":0.0,"damage_taken":0.0},{"damage_healed":0.0,"max_hp_gain":0.0,"max_hp_loss":0.0,"gold_gain":0.0,"event_name":"SensoryStone","player_choice":"Memory 1","floor":37.0,"gold_loss":0.0,"damage_taken":0.0},{"damage_healed":0.0,"max_hp_gain":0.0,"max_hp_loss":0.0,"gold_gain":0.0,"event_name":"Mysterious Sphere","player_choice":"Ignored","floor":39.0,"gold_loss":0.0,"damage_taken":0.0},{"damage_healed":0,"gold_gain":222,"player_choice":"Wore Mask","damage_taken":0,"max_hp_gain":0,"max_hp_loss":0,"event_name":"Tomb of Lord Red Mask","floor":48,"gold_loss":0}],"is_beta":true,"boss_relics":[{"not_picked":["HoveringKite","Orrery"],"picked":"Cursed Key"},{"not_picked":["Lizard Tail","Snecko Eye"],"picked":"Ring of the Serpent"}],"items_purged_floors":[38],"is_endless":false,"potions_floor_spawned":[5,10,12,22,24,47],"ascension_level":20}