{"gold_per_floor":[119,13,13,32,32,32,64,77,100,175,175,207,278,289,289,289],"floor_reached":16,"playtime":317,"items_purged":[],"score":266,"play_id":"cb091dcc-9afa-45ea-9ad5-904c0919aa0d","local_time":"20190317001431","is_ascension_mode":true,"campfire_choices":[{"data":"Zap","floor":6,"key":"SMITH"},{"data":"Hologram","floor":15,"key":"SMITH"}],"neow_cost":"NONE","seed_source_timestamp":9912848340185,"circlet_count":0,"master_deck":["AscendersBane","Strike_B","Strike_B","Strike_B","Defend_B","Defend_B","Defend_B","Defend_B","Zap+1","Dualcast","Doom and Gloom","Hologram+1","Go for the Eyes","Hologram","Self Repair","Conserve Battery","Hologram","Cold Snap"],"relics":["Cracked Core","NeowsBlessing","Vajra","Sundial","Orichalcum","Omamori","Gremlin Horn"],"potions_floor_usage":[12,12],"damage_taken":[{"damage":0,"enemies":"Cultist","floor":1,"turns":1},{"damage":0,"enemies":"2 Louse","floor":4,"turns":1},{"damage":0,"enemies":"Lagavulin","floor":7,"turns":1},{"damage":0,"enemies":"Jaw Worm","floor":8,"turns":3},{"damage":18,"enemies":"3 Sentries","floor":12,"turns":7},{"damage":3,"enemies":"Blue Slaver","floor":14,"turns":5},{"damage":20,"enemies":"Hexaghost","floor":16,"turns":9}],"seed_played":"4295898232941811054","potions_obtained":[{"floor":1,"key":"Strength Potion"},{"floor":4,"key":"Strength Potion"},{"floor":14,"key":"Explosive Potion"}],"is_trial":false,"path_per_floor":["M","$","?","M","?","R","E","M","T","?","?","E","T","M","R","B"],"character_chosen":"DEFECT","items_purchased":["Hologram","Go for the Eyes"],"campfire_rested":0,"item_purchase_floors":[2,2],"current_hp_per_floor":[64,64,38,38,38,38,38,45,45,34,34,16,16,20,20,0],"gold":289,"neow_bonus":"THREE_ENEMY_KILL","is_prod":false,"is_daily":false,"chose_seed":false,"campfire_upgraded":2,"win_rate":0,"timestamp":1552806871,"path_taken":["M","$","?","M","?","R","E","?","T","?","?","E","?","M","R","BOSS"],"build_version":"2019-03-15","purchased_purges":0,"victory":false,"max_hp_per_floor":[71,71,71,71,71,71,71,71,71,71,71,71,71,71,71,71],"card_choices":[{"not_picked":["Sweeping Beam","Capacitor"],"picked":"Doom and Gloom","floor":1},{"not_picked":["Go for the Eyes","Capacitor"],"picked":"Hologram","floor":4},{"not_picked":["Buffer","Rebound"],"picked":"Self Repair","floor":7},{"not_picked":["Doom and Gloom","Sweeping Beam"],"picked":"Conserve Battery","floor":8},{"not_picked":["Ball Lightning","Beam Cell"],"picked":"Hologram","floor":12},{"not_picked":["Genetic Algorithm","Steam Power"],"picked":"Cold Snap","floor":14}],"player_experience":1309200,"relics_obtained":[{"floor":7,"key":"Sundial"},{"floor":9,"key":"Orichalcum"},{"floor":12,"key":"Omamori"},{"floor":13,"key":"Gremlin Horn"}],"event_choices":[{"damage_healed":0,"gold_gain":0,"player_choice":"Success","damage_taken":26,"relics_obtained":["Vajra"],"max_hp_gain":0,"max_hp_loss":0,"event_name":"Scrap Ooze","floor":3,"gold_loss":0},{"cards_removed":["Strike_B"],"damage_healed":0,"gold_gain":0,"player_choice":"Purged","damage_taken":0,"max_hp_gain":0,"max_hp_loss":0,"event_name":"Purifier","floor":5,"gold_loss":0},{"damage_healed":0,"gold_gain":75,"player_choice":"Gather Gold","damage_taken":11,"max_hp_gain":0,"max_hp_loss":0,"event_name":"World of Goop","floor":10,"gold_loss":0},{"damage_healed":0,"gold_gain":0,"player_choice":"Ignored","damage_taken":0,"max_hp_gain":0,"max_hp_loss":0,"event_name":"Liars Game","floor":11,"gold_loss":0}],"is_beta":true,"boss_relics":[],"items_purged_floors":[],"is_endless":false,"potions_floor_spawned":[1,4,14],"killed_by":"Hexaghost","ascension_level":20}