{"gold_per_floor":[109,109,109,120,135,135,165,165,165,165,179,199,199,219,219,291,291],"floor_reached":17,"playtime":301,"items_purged":[],"score":314,"play_id":"30f6a482-00d3-493d-b3fe-40c9d7b77525","local_time":"20190116003229","is_ascension_mode":true,"campfire_choices":[{"data":"Streamline","floor":6.0,"key":"SMITH"},{"floor":10.0,"key":"REST"},{"data":"Sunder","floor":13.0,"key":"SMITH"},{"data":"Go for the Eyes","floor":15.0,"key":"SMITH"}],"neow_cost":"NONE","seed_source_timestamp":1375739900086,"circlet_count":0,"master_deck":["AscendersBane","Strike_B+1","Strike_B","Strike_B","Strike_B","Defend_B+1","Defend_B","Defend_B","Defend_B","Zap","Dualcast","Ball Lightning","Go for the Eyes+1","Streamline+1","Reinforced Body","Doom and Gloom","Sunder+1","BootSequence","Echo Form"],"special_seed":0,"relics":["Velvet Choker","Bird Faced Urn","StoneCalendar","Runic Dome"],"potions_floor_usage":[16,16],"damage_taken":[{"damage":7.0,"enemies":"Jaw Worm","floor":1.0,"turns":3.0},{"damage":7.0,"enemies":"Small Slimes","floor":4.0,"turns":2.0},{"damage":0.0,"enemies":"Cultist","floor":5.0,"turns":3.0},{"damage":24.0,"enemies":"Gremlin Nob","floor":7.0,"turns":4.0},{"damage":9.0,"enemies":"Red Slaver","floor":11.0,"turns":3.0},{"damage":10.0,"enemies":"Lots of Slimes","floor":12.0,"turns":3.0},{"damage":0.0,"enemies":"3 Louse","floor":14.0,"turns":3.0},{"damage":10,"enemies":"Slime Boss","floor":16,"turns":6}],"seed_played":"-4062047211535132282","potions_obtained":[{"floor":5.0,"key":"Strength Potion"},{"floor":12.0,"key":"FearPotion"},{"floor":14.0,"key":"FearPotion"},{"floor":16,"key":"LiquidBronze"}],"is_trial":false,"path_per_floor":["M","?","?","M","M","R","E","?","T","R","M","M","R","M","R","B",null],"character_chosen":"DEFECT","items_purchased":[],"campfire_rested":1,"item_purchase_floors":[],"current_hp_per_floor":[57,62,39,32,32,32,8,8,8,30,21,11,11,11,11,1,57],"gold":291,"neow_bonus":"BOSS_RELIC","is_prod":false,"is_daily":false,"chose_seed":false,"campfire_upgraded":3,"win_rate":0,"timestamp":1547627549,"path_taken":["M","?","?","M","M","R","E","?","T","R","?","M","R","M","R","BOSS"],"build_version":"2019-01-14v2","purchased_purges":0,"victory":false,"max_hp_per_floor":[71,76,76,76,76,76,76,76,76,76,76,76,76,76,76,76,76],"card_choices":[{"not_picked":["Redo","Compile Driver"],"picked":"Ball Lightning","floor":1.0},{"not_picked":["Machine Learning","Turbo"],"picked":"Go for the Eyes","floor":4.0},{"not_picked":["Double Energy","Turbo"],"picked":"Streamline","floor":5.0},{"not_picked":["Aggregate","Gash"],"picked":"Reinforced Body","floor":7.0},{"not_picked":["Consume","Lockon"],"picked":"Doom and Gloom","floor":11.0},{"not_picked":["Steam Power","Blizzard"],"picked":"Sunder","floor":12.0},{"not_picked":["Barrage","Rebound"],"picked":"BootSequence","floor":14.0},{"not_picked":["Meteor Strike","Core Surge"],"picked":"Echo Form","floor":16}],"player_experience":1023356,"relics_obtained":[{"floor":7.0,"key":"Bird Faced Urn"},{"floor":9.0,"key":"StoneCalendar"}],"event_choices":[{"damage_healed":0.0,"max_hp_gain":5.0,"max_hp_loss":0.0,"gold_gain":0.0,"event_name":"Big Fish","player_choice":"Donut","floor":2.0,"gold_loss":0.0,"damage_taken":0.0},{"damage_healed":0.0,"max_hp_gain":0.0,"max_hp_loss":0.0,"gold_gain":0.0,"event_name":"Shining Light","player_choice":"Entered Light","floor":3.0,"gold_loss":0.0,"damage_taken":23.0,"cards_upgraded":["Defend_B","Strike_B"]},{"damage_healed":0.0,"max_hp_gain":0.0,"max_hp_loss":0.0,"gold_gain":0.0,"event_name":"Match and Keep!","player_choice":"0 cards matched","floor":8.0,"gold_loss":0.0,"damage_taken":0.0,"cards_obtained":[]}],"is_beta":true,"boss_relics":[{"not_picked":["Coffee Dripper","Lizard Tail"],"picked":"Runic Dome"}],"items_purged_floors":[],"is_endless":false,"potions_floor_spawned":[5,12,14,16],"ascension_level":20}