{"path_per_floor":["M","T","M","?","$","E","M","?","T","M","M","R","E","T","R","B",null,"M","?","$","?","?","E","R","E","T","R","E","R","M","M","R","B",null,"M","?","$","?","M","E","M","M","T","$","T","R","M","M","R"],"character_chosen":"DEFECT","items_purchased":["Hologram+1","Chaos+1","Self Repair","Gremlin Horn","Defragment","Lantern","Doom and Gloom","Transmutation+1","Gash","Doom and Gloom"],"gold_per_floor":[117,188,208,383,140,174,190,252,252,264,274,274,307,307,307,411,441,460,460,47,147,147,175,175,209,209,209,236,236,254,266,266,364,364,382,382,4,4,21,50,61,73,175,37,37,37,50,60,60,60],"floor_reached":50,"campfire_rested":6,"playtime":5469,"item_purchase_floors":[5,5,5,20,20,37,37,37,44,44],"current_hp_per_floor":[75,75,75,75,75,75,75,60,60,36,43,43,39,39,61,47,80,80,80,80,80,80,62,80,70,70,70,38,62,59,62,80,49,80,80,70,70,70,65,53,16,13,13,13,13,37,37,43,67,0],"items_purged":["Doubt","Strike_B","Defend_B"],"gold":60,"score":638,"play_id":"9770b4bf-315e-4634-b80b-475b64b2f276","local_time":"20180605155922","is_prod":false,"is_daily":false,"chose_seed":false,"is_ascension_mode":false,"campfire_upgraded":2,"win_rate":0,"timestamp":1528228762,"campfire_choices":[{"data":"Dualcast","floor":12,"key":"SMITH"},{"floor":15,"key":"REST"},{"floor":24,"key":"REST"},{"data":"Defragment","floor":27,"key":"SMITH"},{"floor":29,"key":"REST"},{"floor":32,"key":"REST"},{"floor":46,"key":"REST"},{"floor":49,"key":"REST"}],"path_taken":["M","?","M","?","?","E","M","?","T","M","M","R","E","?","R","BOSS","M","?","$","?","?","E","R","E","T","R","E","R","M","M","R","BOSS","M","?","$","?","M","E","M","?","T","$","?","R","M","?","R","BOSS"],"build_version":"2018-05-31","seed_source_timestamp":16796442519166,"purchased_purges":3,"victory":false,"master_deck":["Strike_B","Strike_B","Strike_B","Defend_B","Defend_B","Defend_B+1","Zap","Dualcast+1","Tempest","Rebound","Hologram+1","Chaos+1","Self Repair","Glacier+1","Consume+1","Loop","Reprogram+1","Melter","Electrodynamics","Creative AI+1","Gash","Conserve Battery+1","Defragment+1","Chaos+1","FTL","Beam Cell+1","Double Energy+1","Amplify+1","Turbo+1","Madness+1","Madness+1","Doom and Gloom","Transmutation+1","FTL+1","Redo+1","Fusion+1","Gash","Doom and Gloom","Streamline+1","Turbo+1"],"max_hp_per_floor":[75,75,75,75,75,75,75,75,75,75,75,75,75,75,75,75,80,80,80,80,80,80,80,80,80,80,80,80,80,80,80,80,80,80,80,80,80,80,80,80,80,80,80,80,80,80,80,80,80,80],"relics":["Cracked Core","NeowsBlessing","Toxic Egg 2","Ornamental Fan","Happy Flower","Mummified Hand","Omamori","Dodecahedron","Tiny House","Gremlin Horn","Unceasing Top","Du-Vu Doll","Ginger","Calipers","Nuclear Battery","Lantern","Matryoshka","Tiny Chest","Smiling Mask","Anchor","Pen Nib"],"card_choices":[{"not_picked":["Reprogram","Coolheaded"],"picked":"Tempest","floor":1},{"not_picked":["Go for the Eyes","Streamline"],"picked":"Rebound","floor":3},{"not_picked":["Barrage","Consume+1"],"picked":"Glacier+1","floor":6},{"not_picked":["Compile Driver","Gash"],"picked":"Consume+1","floor":7},{"not_picked":["Compile Driver","Sweeping Beam"],"picked":"Loop","floor":8},{"not_picked":["Steam Power+1","Barrage"],"picked":"Reprogram+1","floor":10},{"not_picked":["Go for the Eyes","Rebound"],"picked":"Melter","floor":11},{"not_picked":["Loop","BootSequence+1"],"picked":"Electrodynamics","floor":13},{"not_picked":["Multi-Cast+1","Meteor Strike"],"picked":"Creative AI","floor":16},{"not_picked":["Lockon","Go for the Eyes"],"picked":"Gash","floor":17},{"not_picked":["Hologram+1","Beam Cell"],"picked":"Conserve Battery+1","floor":18},{"not_picked":["Creative AI","Fusion+1"],"picked":"Chaos+1","floor":23},{"not_picked":["Sweeping Beam","Stack+1"],"picked":"FTL","floor":25},{"not_picked":["Barrage","Cold Snap","Rebound+1"],"picked":"SKIP","floor":28},{"not_picked":["Steam+1","Go for the Eyes+1"],"picked":"Beam Cell+1","floor":30},{"not_picked":["Ball Lightning+1","Beam Cell"],"picked":"Double Energy+1","floor":31},{"not_picked":["Rainbow+1","Seek+1"],"picked":"Amplify+1","floor":33},{"not_picked":["Gash+1","Ball Lightning+1"],"picked":"Turbo+1","floor":35},{"not_picked":["Steam+1","Ball Lightning"],"picked":"FTL+1","floor":39},{"not_picked":["Melter+1","Hologram+1"],"picked":"Redo+1","floor":40},{"not_picked":["Barrage","Melter+1","Coolheaded+1"],"picked":"SKIP","floor":41},{"not_picked":["Sweeping Beam","Coolheaded+1"],"picked":"Fusion+1","floor":42},{"not_picked":["Cold Snap","Beam Cell"],"picked":"Streamline+1","floor":47},{"not_picked":["Gash","Ball Lightning"],"picked":"Turbo+1","floor":48}],"player_experience":59188,"potions_floor_usage":[11,13,13,23,28,35,35,41,41,47,50],"damage_taken":[{"damage":0,"enemies":"Cultist","floor":1,"turns":1},{"damage":0,"enemies":"Jaw Worm","floor":3,"turns":1},{"damage":0,"enemies":"Gremlin Nob","floor":6,"turns":1},{"damage":7,"enemies":"2 Louse","floor":7,"turns":3},{"damage":22,"enemies":"Gremlin Nob","floor":8,"turns":4},{"damage":31,"enemies":"Exordium Thugs","floor":10,"turns":5},{"damage":0,"enemies":"Exordium Wildlife","floor":11,"turns":3},{"damage":25,"enemies":"3 Sentries","floor":13,"turns":5},{"damage":21,"enemies":"The Guardian","floor":16,"turns":10},{"damage":0,"enemies":"Spheric Guardian","floor":18,"turns":5},{"damage":25,"enemies":"Slavers","floor":23,"turns":3},{"damage":17,"enemies":"Gremlin Leader","floor":25,"turns":7},{"damage":32,"enemies":"Slavers","floor":28,"turns":5},{"damage":10,"enemies":"3 Byrds","floor":30,"turns":4},{"damage":4,"enemies":"Snake Plant","floor":31,"turns":5},{"damage":38,"enemies":"Collector","floor":33,"turns":6},{"damage":11,"enemies":"3 Darklings","floor":35,"turns":3},{"damage":5,"enemies":"3 Shapes","floor":39,"turns":3},{"damage":12,"enemies":"2 Orb Walkers","floor":40,"turns":2},{"damage":44,"enemies":"3 Darklings","floor":41,"turns":6},{"damage":10,"enemies":"Maw","floor":42,"turns":8},{"damage":0,"enemies":"4 Shapes","floor":47,"turns":3},{"damage":0,"enemies":"Sphere and 2 Shapes","floor":48,"turns":2},{"damage":74,"enemies":"Time Eater","floor":50,"turns":6}],"relics_obtained":[{"floor":2,"key":"Toxic Egg 2"},{"floor":6,"key":"Ornamental Fan"},{"floor":9,"key":"Mummified Hand"},{"floor":13,"key":"Omamori"},{"floor":14,"key":"Dodecahedron"},{"floor":23,"key":"Unceasing Top"},{"floor":25,"key":"Du-Vu Doll"},{"floor":26,"key":"Ginger"},{"floor":28,"key":"Calipers"},{"floor":40,"key":"Matryoshka"},{"floor":43,"key":"Tiny Chest"},{"floor":43,"key":"Smiling Mask"},{"floor":45,"key":"Anchor"},{"floor":45,"key":"Pen Nib"}],"event_choices":[{"event_name":"Liars Game","player_choice":"agreed","floor":4,"damage_taken":0},{"event_name":"Dead Adventurer","player_choice":"Searched \u00273\u0027 times","floor":8,"damage_taken":0},{"event_name":"Upgrade Shrine","player_choice":"Upgraded","floor":19,"damage_taken":0},{"event_name":"Golden Shrine","player_choice":"Pray","floor":21,"damage_taken":0},{"event_name":"Accursed Blacksmith","player_choice":"Ignore","floor":22,"damage_taken":0},{"event_name":"Winding Halls","player_choice":"Embrace Madness","floor":36,"damage_taken":0},{"event_name":"SecretPortal","player_choice":"Rejected Portal.","floor":38,"damage_taken":0}],"boss_relics":[{"not_picked":["Velvet Choker","Runic Dome"],"picked":"Tiny House"},{"not_picked":["Black Star","Astrolabe"],"picked":"Nuclear Battery"}],"items_purged_floors":[5,20,44],"potions_floor_spawned":[1,8,10,13,25,28,30,33,39,40,47],"seed_played":"-4621213253447848836","killed_by":"Time Eater","ascension_level":0,"potions_obtained":[{"floor":1,"key":"Regen Potion"},{"floor":8,"key":"Energy Potion"},{"floor":10,"key":"Explosive Potion"},{"floor":13,"key":"SteroidPotion"},{"floor":17,"key":"Explosive Potion"},{"floor":25,"key":"Block Potion"},{"floor":28,"key":"SteroidPotion"},{"floor":30,"key":"Strength Potion"},{"floor":33,"key":"FocusPotion"},{"floor":39,"key":"Strength Potion"},{"floor":40,"key":"Poison Potion"},{"floor":47,"key":"Strength Potion"}],"is_trial":false}