{"gold_per_floor":[12,12,12,25,25,59,59,94,174,174,190,202,230,230,230,331,331,351,351,366,382,411,440,460,460,460,492,382,407,407,506,506,604,604,620,670,670,685,253,285,303,403,403,434,444,470,470,501,501,501,501,501,11,45,45],"floor_reached":56,"playtime":5600,"items_purged":["Strike_R"],"score":1470,"play_id":"ce8ca432-01d5-4912-853b-bce3104af6dc","local_time":"20190703205330","is_ascension_mode":true,"campfire_choices":[{"data":"Armaments","floor":7.0,"key":"SMITH"},{"data":"Strike_R","floor":10.0,"key":"PURGE"},{"data":"Defend_R","floor":15.0,"key":"PURGE"},{"data":"Limit Break","floor":30,"key":"SMITH"},{"floor":32,"key":"REST"},{"data":"Heavy Blade","floor":47,"key":"SMITH"},{"floor":49,"key":"RECALL"},{"data":"Double Tap","floor":52,"key":"SMITH"}],"neow_cost":"NO_GOLD","seed_source_timestamp":0,"circlet_count":0,"master_deck":["Strike_R+1","Defend_R","Bash","Shrug It Off","Cleave+1","Armaments+1","Double Tap+1","Seeing Red","Limit Break+1","Impervious","Shrug It Off","J.A.X.","Shockwave","Body Slam","Thunderclap","Rupture","Evolve","Secret Technique","Cleave+1","Reaper","Impervious","Ghostly Armor+1","Shrug It Off","Heavy Blade+1","Master of Strategy","Inflame"],"special_seed":0,"relics":["Burning Blood","Bronze Scales","Peace Pipe","Champion Belt","Dodecahedron","Meat on the Bone","Blue Candle","Mark of Pain","Red Mask","Art of War","Whetstone","Singing Bowl","Sozu","FossilizedHelix","Red Skull","Bottled Lightning","Thread and Needle","Question Card","Blood Vial","Bag of Marbles","Ginger","Shuriken","Boot"],"potions_floor_usage":[50,55],"damage_taken":[{"damage":0.0,"enemies":"Small Slimes","floor":1.0,"turns":4.0},{"damage":0.0,"enemies":"2 Louse","floor":4.0,"turns":3.0},{"damage":33.0,"enemies":"Lagavulin","floor":6.0,"turns":7.0},{"damage":24.0,"enemies":"3 Sentries","floor":8.0,"turns":8.0},{"damage":0.0,"enemies":"Cultist","floor":11.0,"turns":3.0},{"damage":6.0,"enemies":"Exordium Thugs","floor":12.0,"turns":5.0},{"damage":1.0,"enemies":"Lagavulin","floor":13.0,"turns":6.0},{"damage":18.0,"enemies":"Hexaghost","floor":16.0,"turns":9.0},{"damage":4.0,"enemies":"3 Byrds","floor":18.0,"turns":4.0},{"damage":6.0,"enemies":"2 Thieves","floor":20.0,"turns":4.0},{"damage":14.0,"enemies":"Shelled Parasite and Fungi","floor":21.0,"turns":4.0},{"damage":34.0,"enemies":"Masked Bandits","floor":22.0,"turns":5.0},{"damage":44.0,"enemies":"Gremlin Leader","floor":23.0,"turns":8.0},{"damage":12.0,"enemies":"Snecko","floor":24.0,"turns":6.0},{"damage":43,"enemies":"Book of Stabbing","floor":27,"turns":6},{"damage":25,"enemies":"Gremlin Leader","floor":29,"turns":5},{"damage":30,"enemies":"Automaton","floor":33,"turns":9},{"damage":36,"enemies":"3 Shapes","floor":35,"turns":3},{"damage":30,"enemies":"2 Orb Walkers","floor":36,"turns":4},{"damage":27,"enemies":"Orb Walker","floor":38,"turns":4},{"damage":7,"enemies":"Nemesis","floor":40,"turns":5},{"damage":32,"enemies":"Spire Growth","floor":41,"turns":7},{"damage":22,"enemies":"Mind Bloom Boss Battle","floor":42,"turns":8},{"damage":3,"enemies":"Giant Head","floor":44,"turns":7},{"damage":20,"enemies":"3 Darklings","floor":45,"turns":4},{"damage":33,"enemies":"Nemesis","floor":46,"turns":9},{"damage":23,"enemies":"Reptomancer","floor":48,"turns":6},{"damage":65,"enemies":"Time Eater","floor":50,"turns":10},{"damage":16,"enemies":"Shield and Spear","floor":54,"turns":5},{"damage":75,"enemies":"The Heart","floor":55,"turns":6}],"seed_played":"161896134405359532","potions_obtained":[{"floor":1.0,"key":"LiquidBronze"},{"floor":4.0,"key":"EssenceOfSteel"},{"floor":8.0,"key":"SpeedPotion"},{"floor":18.0,"key":"BloodPotion"},{"floor":20.0,"key":"Fire Potion"},{"floor":23.0,"key":"SmokeBomb"},{"floor":33,"key":"Energy Potion"}],"is_trial":false,"path_per_floor":["M","?","?","M","$","E","R","E","T","R","M","M","E","T","R","B",null,"M","?","M","M","?","E","M","?","T","E","$","E","R","?","R","B",null,"M","?","?","M","$","E","M","?","T","E","M","E","R","E","R","B",null,"R","$","E","B",null],"character_chosen":"IRONCLAD","items_purchased":["Rupture","Reaper","Red Skull","Impervious","Master of Strategy","Shuriken","Inflame"],"campfire_rested":1,"item_purchase_floors":[28,39,39,39,53,53,53],"current_hp_per_floor":[80,80,80,80,80,53,53,35,35,35,41,41,46,46,46,46,80,80,80,80,72,56,30,56,56,56,31,31,26,26,26,50,40,84,54,44,38,29,29,59,62,73,73,89,84,59,59,60,60,40,98,98,98,90,35],"gold":45,"neow_bonus":"REMOVE_TWO","is_prod":false,"is_daily":false,"chose_seed":false,"campfire_upgraded":4,"win_rate":0,"timestamp":1562205210,"path_taken":["M","?","?","M","$","E","R","E","T","R","?","M","E","?","R","BOSS","M","?","M","M","?","E","M","?","T","E","$","E","R","?","R","BOSS","M","?","?","M","$","E","M","?","T","E","M","E","R","E","R","BOSS","R","$","E","BOSS"],"build_version":"2019-07-01","purchased_purges":1,"victory":true,"max_hp_per_floor":[80,80,80,80,80,80,80,80,80,80,80,80,80,80,80,80,80,80,80,80,80,80,80,80,80,80,80,80,82,82,82,82,84,84,84,86,90,90,90,90,90,92,92,94,96,96,96,98,98,98,98,98,98,100,100],"card_choices":[{"not_picked":["Reckless Charge","Clothesline"],"picked":"Shrug It Off","floor":1.0},{"not_picked":["Rampage","Dual Wield"],"picked":"Cleave","floor":4.0},{"not_picked":["Hemokinesis","Anger"],"picked":"Armaments","floor":6.0},{"not_picked":["Clash","Havoc"],"picked":"Double Tap","floor":8.0},{"not_picked":["Wild Strike","Clothesline"],"picked":"Seeing Red","floor":11.0},{"not_picked":["Perfected Strike","Iron Wave","Pommel Strike"],"picked":"SKIP","floor":12.0},{"not_picked":["Corruption","Heavy Blade"],"picked":"Limit Break","floor":13.0},{"not_picked":["Double Tap","Immolate"],"picked":"Impervious","floor":16.0},{"not_picked":["Iron Wave","Clothesline"],"picked":"Shrug It Off","floor":18.0},{"not_picked":["Corruption","Sword Boomerang+1"],"picked":"Shockwave","floor":20.0},{"not_picked":["Flex","Sword Boomerang"],"picked":"Body Slam","floor":21.0},{"not_picked":["Havoc","Feed"],"picked":"Thunderclap","floor":22.0},{"not_picked":["Warcry","Thunderclap","Sword Boomerang"],"picked":"SKIP","floor":23.0},{"not_picked":["Rage","Pummel","Sword Boomerang"],"picked":"SKIP","floor":24},{"not_picked":["Exhume","Wild Strike+1","Iron Wave"],"picked":"SKIP","floor":27},{"not_picked":["Blood for Blood","Havoc+1","Uppercut"],"picked":"Singing Bowl","floor":29},{"not_picked":["Immolate","Demon Form","Fiend Fire"],"picked":"Singing Bowl","floor":33},{"not_picked":["Sword Boomerang","Thunderclap"],"picked":"Evolve","floor":35},{"not_picked":["Iron Wave+1","Twin Strike+1","Anger"],"picked":"Singing Bowl","floor":36},{"not_picked":["Jack Of All Trades","Panacea","Purity"],"picked":"Singing Bowl","floor":37},{"not_picked":["Mind Blast","Chrysalis"],"picked":"Secret Technique","floor":37},{"not_picked":["Violence","Deep Breath","Dark Shackles"],"picked":"Singing Bowl","floor":37},{"not_picked":["Headbutt+1","Anger+1"],"picked":"Cleave+1","floor":38},{"not_picked":["True Grit","Iron Wave+1"],"picked":"Ghostly Armor+1","floor":40},{"not_picked":["Perfected Strike+1","Clash"],"picked":"Shrug It Off","floor":41},{"not_picked":["True Grit+1","Rampage+1","Power Through"],"picked":"Singing Bowl","floor":42},{"not_picked":["Rupture","Entrench+1","Cleave+1","Shockwave"],"picked":"Singing Bowl","floor":44},{"not_picked":["Wild Strike","Exhume","True Grit","Bloodletting+1"],"picked":"Singing Bowl","floor":45},{"not_picked":["Havoc+1","Whirlwind+1","Entrench+1"],"picked":"Heavy Blade","floor":46},{"not_picked":["Warcry","Headbutt+1","Corruption","Sword Boomerang+1"],"picked":"Singing Bowl","floor":48},{"not_picked":["Headbutt","Rampage","Demon Form","Wild Strike"],"picked":"Singing Bowl","floor":54}],"player_experience":350773,"relics_obtained":[{"floor":6.0,"key":"Peace Pipe"},{"floor":8.0,"key":"Champion Belt"},{"floor":9.0,"key":"Dodecahedron"},{"floor":13.0,"key":"Meat on the Bone"},{"floor":14.0,"key":"Blue Candle"},{"floor":22.0,"key":"Red Mask"},{"floor":23.0,"key":"Art of War"},{"floor":27,"key":"Whetstone"},{"floor":29,"key":"Singing Bowl"},{"floor":36,"key":"FossilizedHelix"},{"floor":40,"key":"Bottled Lightning"},{"floor":42,"key":"Thread and Needle"},{"floor":43,"key":"Question Card"},{"floor":44,"key":"Blood Vial"},{"floor":46,"key":"Bag of Marbles"},{"floor":48,"key":"Ginger"},{"floor":54,"key":"Boot"}],"event_choices":[{"cards_removed":["Strike_R"],"damage_healed":0.0,"max_hp_gain":0.0,"max_hp_loss":0.0,"gold_gain":0.0,"event_name":"Living Wall","player_choice":"Forget","floor":2.0,"gold_loss":0.0,"damage_taken":0.0},{"damage_healed":0.0,"max_hp_gain":0.0,"max_hp_loss":0.0,"gold_gain":0.0,"event_name":"WeMeetAgain","player_choice":"Gave Potion","floor":3.0,"gold_loss":0.0,"damage_taken":0.0,"relics_obtained":["Bronze Scales"]},{"damage_healed":0.0,"max_hp_gain":0.0,"max_hp_loss":0.0,"gold_gain":0.0,"event_name":"Drug Dealer","player_choice":"Obtain J.A.X.","floor":19.0,"gold_loss":0.0,"damage_taken":0.0,"cards_obtained":["J.A.X."]},{"damage_healed":0.0,"max_hp_gain":0.0,"max_hp_loss":0.0,"gold_gain":0.0,"event_name":"Masked Bandits","player_choice":"Fought Bandits","floor":22.0,"gold_loss":0.0,"damage_taken":0.0},{"cards_removed":["Defend_R"],"damage_healed":0,"gold_gain":0,"player_choice":"Elegance","damage_taken":0,"max_hp_gain":0,"max_hp_loss":0,"event_name":"Back to Basics","floor":25,"gold_loss":0},{"damage_healed":0,"gold_gain":99,"player_choice":"Stole From Cult","damage_taken":0,"max_hp_gain":0,"max_hp_loss":0,"event_name":"Nest","floor":31,"gold_loss":0},{"damage_healed":0,"gold_gain":0,"player_choice":"Fight","damage_taken":0,"max_hp_gain":0,"max_hp_loss":0,"event_name":"Mysterious Sphere","floor":36,"gold_loss":0},{"damage_healed":0,"gold_gain":0,"player_choice":"Memory 3","damage_taken":10,"max_hp_gain":0,"max_hp_loss":0,"event_name":"SensoryStone","floor":37,"gold_loss":0},{"damage_healed":0,"gold_gain":0,"player_choice":"Fight","damage_taken":0,"max_hp_gain":0,"max_hp_loss":0,"event_name":"MindBloom","floor":42,"gold_loss":0}],"is_beta":false,"boss_relics":[{"not_picked":["Empty Cage","Lizard Tail"],"picked":"Mark of Pain"},{"not_picked":["Busted Crown","Philosopher\u0027s Stone"],"picked":"Sozu"}],"items_purged_floors":[28],"is_endless":false,"potions_floor_spawned":[1,4,8,18,20,23,33,40,41,42,44,45,46],"ascension_level":2}