{"gold_per_floor":[118,135,135,152,164,164,191,191,191,191,208,225,241,258,258,360,360,376,387,84,104,104,104,119,19,19,19,45,45,62,75,75,178,178,190,112,0,0,15,15,43,43,96,96,116,136,156,156,156,156],"floor_reached":51,"playtime":6652,"items_purged":["Strike_R","Defend_R"],"score":712,"play_id":"55677759-4a01-4037-b4ea-1aa7cf08388e","local_time":"20180901155123","is_ascension_mode":true,"campfire_choices":[{"data":"True Grit","floor":6,"key":"SMITH"},{"data":"Bash","floor":8,"key":"SMITH"},{"data":"Iron Wave","floor":10,"key":"SMITH"},{"data":"Iron Wave","floor":15,"key":"SMITH"},{"data":"Limit Break","floor":23,"key":"SMITH"},{"data":"Battle Trance","floor":27,"key":"SMITH"},{"data":"Disarm","floor":29,"key":"SMITH"},{"data":"Spot Weakness","floor":32,"key":"SMITH"},{"data":"Demon Form","floor":40,"key":"SMITH"},{"data":"Cleave","floor":42,"key":"SMITH"},{"data":"Defend_R","floor":44,"key":"SMITH"},{"data":"Defend_R","floor":49,"key":"SMITH"}],"neow_cost":"TEN_PERCENT_HP_LOSS","seed_source_timestamp":1479902927244928,"circlet_count":0,"master_deck":["Strike_R","Strike_R+1","Strike_R+1","Defend_R+1","Defend_R+1","Defend_R+1","Bash+1","Spot Weakness+1","True Grit+1","Iron Wave+1","Iron Wave+1","Pommel Strike+1","Limit Break+1","Battle Trance+1","Cleave+1","Disarm+1","Demon Form+1"],"relics":["Black Blood","Gambling Chip","Bag of Marbles","Potion Belt","Vajra","Darkstone Periapt","Paper Frog","Coffee Dripper","Frozen Egg 2","Red Mask","Red Skull","Whetstone"],"potions_floor_usage":[5,14,16,16,18,24,33,33,35,46],"damage_taken":[{"damage":7,"enemies":"2 Louse","floor":1,"turns":4},{"damage":5,"enemies":"Small Slimes","floor":2,"turns":3},{"damage":2,"enemies":"Cultist","floor":4,"turns":4},{"damage":11,"enemies":"Lots of Slimes","floor":5,"turns":4},{"damage":33,"enemies":"3 Sentries","floor":7,"turns":10},{"damage":0,"enemies":"Blue Slaver","floor":11,"turns":4},{"damage":1,"enemies":"Red Slaver","floor":12,"turns":3},{"damage":6,"enemies":"Exordium Wildlife","floor":13,"turns":4},{"damage":0,"enemies":"Large Slime","floor":14,"turns":2},{"damage":35,"enemies":"Hexaghost","floor":16,"turns":11},{"damage":17,"enemies":"2 Thieves","floor":18,"turns":5},{"damage":23,"enemies":"Spheric Guardian","floor":19,"turns":5},{"damage":19,"enemies":"Snake Plant","floor":21,"turns":5},{"damage":2,"enemies":"Cultist and Chosen","floor":24,"turns":4},{"damage":8,"enemies":"Gremlin Leader","floor":28,"turns":4},{"damage":2,"enemies":"Centurion and Healer","floor":30,"turns":5},{"damage":0,"enemies":"Snecko","floor":31,"turns":4},{"damage":25,"enemies":"Champ","floor":33,"turns":7},{"damage":19,"enemies":"3 Darklings","floor":35,"turns":5},{"damage":0,"enemies":"3 Shapes","floor":39,"turns":3},{"damage":36,"enemies":"2 Orb Walkers","floor":41,"turns":5},{"damage":6,"enemies":"Transient","floor":45,"turns":5},{"damage":0,"enemies":"3 Darklings","floor":46,"turns":3},{"damage":3,"enemies":"Sphere and 2 Shapes","floor":47,"turns":3},{"damage":55,"enemies":"Time Eater","floor":50,"turns":7}],"seed_played":"7678495520826124027","potions_obtained":[{"floor":1,"key":"Strength Potion"},{"floor":5,"key":"AttackPotion"},{"floor":7,"key":"SteroidPotion"},{"floor":13,"key":"Energy Potion"},{"floor":16,"key":"Swift Potion"},{"floor":21,"key":"AttackPotion"},{"floor":28,"key":"FearPotion"},{"floor":30,"key":"Regen Potion"},{"floor":31,"key":"Swift Potion"},{"floor":45,"key":"Fire Potion"},{"floor":47,"key":"Explosive Potion"}],"is_trial":false,"path_per_floor":["M","M","?","M","M","R","E","R","T","R","M","M","M","M","R","B",null,"M","M","$","M","?","R","M","$","T","R","E","R","M","M","R","B",null,"M","?","?","?","M","R","E","R","T","R","M","M","M","?","R","B"],"character_chosen":"IRONCLAD","items_purchased":["Battle Trance","Vajra"],"campfire_rested":0,"item_purchase_floors":[20,20],"current_hp_per_floor":[71,72,58,62,57,57,30,30,30,30,36,41,41,47,47,18,72,65,52,52,43,43,43,51,51,51,51,53,53,61,71,71,69,72,63,63,63,63,68,68,42,42,42,42,46,56,63,63,63,18],"gold":156,"neow_bonus":"ONE_RARE_RELIC","is_prod":false,"is_daily":false,"chose_seed":false,"campfire_upgraded":12,"win_rate":0,"timestamp":1535809883,"path_taken":["M","M","?","M","M","R","E","R","T","R","M","M","M","M","R","BOSS","M","M","$","M","?","R","?","$","T","R","E","R","M","M","R","BOSS","M","?","?","?","M","R","E","R","T","R","?","M","M","?","R","BOSS"],"build_version":"2018-08-30","purchased_purges":2,"victory":true,"max_hp_per_floor":[72,72,72,72,72,72,72,72,72,72,72,72,72,72,72,72,72,72,72,72,72,72,72,72,72,72,72,72,72,72,72,72,72,72,72,72,72,68,68,68,68,68,68,68,68,68,68,68,68,68],"card_choices":[{"not_picked":["Pommel Strike","Wild Strike"],"picked":"Spot Weakness","floor":1},{"not_picked":["Armaments","Anger"],"picked":"True Grit","floor":2},{"not_picked":["Flex","Dual Wield"],"picked":"Iron Wave","floor":4},{"not_picked":["Sword Boomerang","Warcry","Feel No Pain"],"picked":"SKIP","floor":5},{"not_picked":["True Grit","Bloodletting"],"picked":"Iron Wave","floor":7},{"not_picked":["Flame Barrier","Warcry"],"picked":"Pommel Strike","floor":11},{"not_picked":["Dropkick","Exhume","Anger"],"picked":"SKIP","floor":12},{"not_picked":["Havoc","Headbutt","Rampage"],"picked":"SKIP","floor":13},{"not_picked":["Sever Soul","Pommel Strike","Armaments"],"picked":"SKIP","floor":14},{"not_picked":["Double Tap","Brutality"],"picked":"Limit Break","floor":16},{"not_picked":["Clothesline","Flex+1","True Grit"],"picked":"SKIP","floor":18},{"not_picked":["Headbutt+1","Pommel Strike","Flame Barrier"],"picked":"SKIP","floor":19},{"not_picked":["Fiend Fire","Reckless Charge+1"],"picked":"Cleave","floor":21},{"not_picked":["Sword Boomerang+1","Clash+1","Second Wind"],"picked":"SKIP","floor":24},{"not_picked":["Rupture","Anger"],"picked":"Disarm","floor":28},{"not_picked":["Armaments","Headbutt","Flex"],"picked":"SKIP","floor":30},{"not_picked":["Flex","Fire Breathing","Shrug It Off"],"picked":"SKIP","floor":31},{"not_picked":["Reaper","Exhume"],"picked":"Demon Form","floor":33},{"not_picked":["Havoc+1","Cleave","Second Wind"],"picked":"SKIP","floor":35},{"not_picked":["Clothesline+1","Spot Weakness+1","Clash+1"],"picked":"SKIP","floor":39},{"not_picked":["Clothesline+1","Spot Weakness+1","Clash+1"],"picked":"SKIP","floor":39},{"not_picked":["Disarm","Reckless Charge","Cleave+1"],"picked":"SKIP","floor":41},{"not_picked":["Iron Wave+1","Seeing Red","Second Wind+1"],"picked":"SKIP","floor":45},{"not_picked":["Flex","Shrug It Off","Heavy Blade+1"],"picked":"SKIP","floor":46},{"not_picked":["Shrug It Off","Rupture+1","Pommel Strike+1"],"picked":"SKIP","floor":47}],"player_experience":242308,"relics_obtained":[{"floor":7,"key":"Bag of Marbles"},{"floor":9,"key":"Potion Belt"},{"floor":26,"key":"Darkstone Periapt"},{"floor":28,"key":"Paper Frog"},{"floor":41,"key":"Red Skull"},{"floor":43,"key":"Whetstone"}],"event_choices":[{"event_name":"Shining Light","player_choice":"Entered Light","floor":3,"damage_taken":0},{"event_name":"Back to Basics","player_choice":"Elegance","floor":22,"damage_taken":0},{"event_name":"WeMeetAgain","player_choice":"Gold","floor":36,"damage_taken":0},{"event_name":"Tomb of Lord Red Mask","player_choice":"Paid","floor":37,"damage_taken":0},{"event_name":"Winding Halls","player_choice":"Max HP","floor":38,"damage_taken":0},{"event_name":"SensoryStone","player_choice":"Memory 1","floor":48,"damage_taken":0}],"is_beta":false,"boss_relics":[{"not_picked":["Tiny House","Snecko Eye"],"picked":"Black Blood"},{"not_picked":["Fusion Hammer","Runic Pyramid"],"picked":"Coffee Dripper"}],"items_purged_floors":[20,25],"is_endless":false,"potions_floor_spawned":[1,5,7,13,16,21,28,30,31,45,47],"ascension_level":1}