{"path_per_floor":["M","M","M","?","M","R","?","R","T","E","M","R","E","?","R","B",null,"M","$","M","M","?","R","E","R","T","?","R","M","M","M","R","B",null,"M","$","?","M","$","E","R","M","T","T","R","M","R","M","R"],"character_chosen":"THE_SILENT","items_purchased":["Ice Cream"],"gold_per_floor":[111,129,148,148,160,160,160,160,160,193,209,209,239,239,239,338,338,348,48,60,71,71,71,99,99,99,14,14,28,48,58,58,160,190,209,134,134,152,52,84,84,95,95,121,121,134,134,153,153,153],"floor_reached":50,"campfire_rested":5,"playtime":8236,"current_hp_per_floor":[65,65,65,58,60,60,60,60,60,45,47,47,35,35,35,32,76,78,78,62,30,14,37,30,30,30,30,56,52,51,52,79,45,100,60,60,86,79,79,64,64,64,64,64,64,44,75,75,107,0],"items_purged":["Strike_G","Writhe"],"gold":153,"score":602,"play_id":"b0cc62f7-306a-40de-a704-9869254e4d30","local_time":"20180513013226","is_prod":false,"is_daily":false,"chose_seed":false,"is_ascension_mode":true,"campfire_upgraded":4,"timestamp":1526167946,"path_taken":["M","M","?","?","M","R","?","R","T","E","M","R","E","?","R","BOSS","M","$","M","?","?","R","E","R","T","?","R","M","?","M","R","BOSS","M","?","?","M","$","E","R","M","T","?","R","M","R","M","R","BOSS"],"build_version":"2018-05-10","seed_source_timestamp":306661003330048,"purchased_purges":2,"victory":false,"master_deck":["Defend_G","Defend_G","Defend_G","Defend_G","Defend_G","Strike_G","Strike_G","Strike_G+1","Survivor+1","Neutralize+1","Malaise+1","Endless Agony","Dagger Spray","Deflect+1","Skewer+1","Glass Knife","Flying Knee","Flying Knee","Predator","Terror","All Out Attack","PiercingWail+1","Adrenaline+1","Deflect+1","Backflip+1"],"max_hp_per_floor":[70,70,70,70,72,72,72,72,72,72,74,74,74,74,74,74,76,78,78,78,78,78,78,87,87,87,87,87,89,91,93,93,93,100,102,102,102,102,102,104,104,104,104,104,104,106,106,108,108,108],"relics":["Ring of the Snake","Singing Bowl","Mercury Hourglass","Girya","Unceasing Top","Orrery","Ice Cream","Nilry\u0027s Codex","Strawberry","War Paint","Meat on the Bone","Tiny House","Snake Skull","Paper Crane","Oddly Smooth Stone"],"card_choices":[{"not_picked":["Dash","Dagger Throw"],"picked":"Malaise","floor":1},{"not_picked":["Catalyst","Cloak And Dagger"],"picked":"Endless Agony","floor":2},{"not_picked":["Acrobatics","Slice"],"picked":"Dagger Spray","floor":3},{"not_picked":["Prepared","Flechettes"],"picked":"Deflect","floor":10},{"not_picked":["Quick Slash","Caltrops"],"picked":"Skewer","floor":13},{"not_picked":["Unload","A Thousand Cuts"],"picked":"Glass Knife","floor":16},{"not_picked":["Noxious Fumes","Acrobatics"],"picked":"Flying Knee","floor":17},{"not_picked":["Sucker Punch","Dodge and Roll"],"picked":"Flying Knee","floor":17},{"not_picked":["Leg Sweep","Prepared"],"picked":"Predator","floor":17},{"not_picked":["Outmaneuver","Flying Knee"],"picked":"Terror","floor":17},{"not_picked":["Slice","Dodge and Roll"],"picked":"All Out Attack","floor":20},{"not_picked":["Calculated Gamble","Reflex"],"picked":"PiercingWail","floor":21},{"not_picked":["Venomology","Bullet Time"],"picked":"Adrenaline","floor":33},{"not_picked":["Blade Dance","Blur"],"picked":"Deflect","floor":38},{"not_picked":["Outmaneuver","Poisoned Stab"],"picked":"Backflip","floor":42}],"player_experience":144723,"potions_floor_usage":[5,16,20,31,33,33,40,50,50],"damage_taken":[{"damage":5,"enemies":"Cultist","floor":1,"turns":4},{"damage":0,"enemies":"Jaw Worm","floor":2,"turns":6},{"damage":0,"enemies":"Small Slimes","floor":3,"turns":5},{"damage":0,"enemies":"2 Fungi Beasts","floor":5,"turns":2},{"damage":15,"enemies":"Gremlin Nob","floor":10,"turns":6},{"damage":0,"enemies":"3 Louse","floor":11,"turns":3},{"damage":12,"enemies":"Lagavulin","floor":13,"turns":9},{"damage":3,"enemies":"Slime Boss","floor":16,"turns":11},{"damage":0,"enemies":"3 Byrds","floor":18,"turns":4},{"damage":16,"enemies":"Spheric Guardian","floor":20,"turns":4},{"damage":32,"enemies":"Slaver and Parasite","floor":21,"turns":6},{"damage":16,"enemies":"Slavers","floor":24,"turns":5},{"damage":6,"enemies":"Centurion and Healer","floor":29,"turns":5},{"damage":15,"enemies":"Snake Plant","floor":30,"turns":3},{"damage":1,"enemies":"Chosen and Byrds","floor":31,"turns":6},{"damage":61,"enemies":"Collector","floor":33,"turns":10},{"damage":42,"enemies":"3 Shapes","floor":35,"turns":5},{"damage":7,"enemies":"Orb Walker","floor":38,"turns":3},{"damage":17,"enemies":"Nemesis","floor":40,"turns":7},{"damage":12,"enemies":"3 Darklings","floor":42,"turns":3},{"damage":34,"enemies":"Sphere and 2 Shapes","floor":46,"turns":5},{"damage":2,"enemies":"Maw","floor":48,"turns":7},{"damage":108,"enemies":"Awakened One","floor":50,"turns":23}],"event_choices":[{"event_name":"Golden Wing","player_choice":"Card Removal","floor":4,"damage_taken":0},{"event_name":"Liars Game","player_choice":"disagreed","floor":7,"damage_taken":0},{"event_name":"Scrap Ooze","player_choice":"unsuccessful","floor":14,"damage_taken":0},{"event_name":"Cursed Tome","player_choice":"Obtained Book","floor":22,"damage_taken":0},{"event_name":"Addict","player_choice":"Obtained Relic","floor":27,"damage_taken":0},{"event_name":"Winding Halls","player_choice":"Writhe","floor":37,"damage_taken":0}],"boss_relics":[{"not_picked":["Ectoplasm","Velvet Choker"],"picked":"Orrery"},{"not_picked":["Calling Bell","Philosopher\u0027s Stone"],"picked":"Tiny House"}],"potions_floor_spawned":[1,10,13,24,30,31,33,40,42],"seed_played":"3924488618717402818","killed_by":"Awakened One","ascension_level":2,"is_trial":false}