{"gold_per_floor":[110,110,110,110,121,121,101,133,133,152,168,200,214,240,240,315,315,332,15,45,45,59,86,98,137,202,245,274,286,328,392,404,494,506,534,601,633,656,49,83,305,335,358,358,358,358,41,53,53,53],"floor_reached":51,"playtime":2460,"items_purged":["Doubt","Normality"],"score":1498,"play_id":"ce9b6ca3-e156-4991-896c-7670e94f327e","local_time":"20190818174446","is_ascension_mode":true,"campfire_choices":[{"data":"Zap","floor":6,"key":"SMITH"},{"data":"Defragment","floor":15,"key":"SMITH"},{"data":"Seek","floor":24,"key":"SMITH"},{"data":"Defragment","floor":29,"key":"SMITH"},{"data":"Creative AI","floor":32,"key":"SMITH"},{"data":"Defragment","floor":44,"key":"SMITH"},{"data":"Seek","floor":49,"key":"SMITH"}],"neow_cost":"NONE","seed_source_timestamp":245556797602300,"circlet_count":0,"master_deck":["AscendersBane","Strike_B","Strike_B","Defend_B","Defend_B","Defend_B","Defend_B","Zap+1","Dualcast","Cold Snap","Cold Snap","Steam","Genetic Algorithm","Ball Lightning","Coolheaded","Defragment+1","Compile Driver","Machine Learning","Conserve Battery","Defragment+1","Self Repair","Seek+1","Leap","Conserve Battery","Creative AI+1","Electrodynamics","Shame","Glacier+1","Cold Snap+1","Undo+1","Seek+1","Seek","Dark Shackles","Defragment+1","Secret Technique","Madness","Madness","Ball Lightning","Ball Lightning"],"relics":["Cracked Core","WingedGreaves","Meat on the Bone","Dodecahedron","StoneCalendar","Symbiotic Virus","Boot","Cursed Key","Darkstone Periapt","Red Mask","MawBank","Shuriken","Potion Belt","Lantern","The Courier","Juzu Bracelet","Astrolabe","Bird Faced Urn","Oddly Smooth Stone","Bag of Marbles","Orichalcum","Torii","Frozen Egg 2","Strawberry","Blood Vial"],"potions_floor_usage":[5,12,14,23,25,33,40,50,50,50,50],"damage_taken":[{"damage":1,"enemies":"2 Louse","floor":1,"turns":2},{"damage":2,"enemies":"Jaw Worm","floor":5,"turns":3},{"damage":25,"enemies":"3 Sentries","floor":8,"turns":9},{"damage":0,"enemies":"Cultist","floor":10,"turns":3},{"damage":26,"enemies":"Gremlin Gang","floor":11,"turns":6},{"damage":13,"enemies":"Lagavulin","floor":12,"turns":7},{"damage":1,"enemies":"2 Fungi Beasts","floor":13,"turns":3},{"damage":17,"enemies":"Gremlin Nob","floor":14,"turns":4},{"damage":22,"enemies":"The Guardian","floor":16,"turns":11},{"damage":1,"enemies":"Spheric Guardian","floor":18,"turns":4},{"damage":23,"enemies":"Masked Bandits","floor":20,"turns":4},{"damage":0,"enemies":"Chosen","floor":22,"turns":4},{"damage":12,"enemies":"Slavers","floor":23,"turns":6},{"damage":14,"enemies":"Book of Stabbing","floor":25,"turns":6},{"damage":33,"enemies":"Gremlin Leader","floor":27,"turns":7},{"damage":0,"enemies":"Centurion and Healer","floor":28,"turns":6},{"damage":13,"enemies":"Slavers","floor":30,"turns":7},{"damage":30,"enemies":"Collector","floor":33,"turns":9},{"damage":9,"enemies":"3 Shapes","floor":35,"turns":3},{"damage":28,"enemies":"2 Orb Walkers","floor":36,"turns":3},{"damage":13,"enemies":"3 Darklings","floor":37,"turns":5},{"damage":8,"enemies":"Transient","floor":38,"turns":5},{"damage":27,"enemies":"Giant Head","floor":40,"turns":13},{"damage":1,"enemies":"Reptomancer","floor":42,"turns":7},{"damage":2,"enemies":"Sphere and 2 Shapes","floor":48,"turns":7},{"damage":69,"enemies":"Donu and Deca","floor":50,"turns":9}],"seed_played":"-4219936832096726082","potions_obtained":[{"floor":5,"key":"Fruit Juice"},{"floor":7,"key":"SpeedPotion"},{"floor":8,"key":"SpeedPotion"},{"floor":13,"key":"Strength Potion"},{"floor":16,"key":"Dexterity Potion"},{"floor":18,"key":"Swift Potion"},{"floor":27,"key":"Energy Potion"},{"floor":30,"key":"LiquidBronze"},{"floor":35,"key":"PowerPotion"},{"floor":36,"key":"Explosive Potion"}],"is_trial":false,"path_per_floor":["M","?","?","T","M","R","?","E","T","M","M","E","M","E","R","B",null,"M","$","?","?","M","E","R","E","T","E","M","R","E","T","R","B",null,"M","?","M","M","$","E","?","E","T","R","?","?","$","M","R","B",null],"character_chosen":"DEFECT","items_purchased":["Darkstone Periapt","Defragment","Oddly Smooth Stone","Seek","Bag of Marbles","Orichalcum","Dark Shackles","FearPotion","AttackPotion","Ball Lightning","Blood Vial"],"campfire_rested":0,"item_purchase_floors":[19,19,39,39,39,39,39,47,47,47,47],"current_hp_per_floor":[70,63,63,63,66,66,66,53,53,53,39,38,49,44,44,34,71,70,70,47,47,54,49,49,54,60,46,53,53,52,58,58,47,93,84,56,70,83,83,86,86,95,108,108,108,93,93,116,116,60],"gold":53,"neow_bonus":"TEN_PERCENT_HP_BONUS","is_prod":false,"is_daily":false,"chose_seed":false,"campfire_upgraded":7,"win_rate":0,"timestamp":1566117886,"path_taken":["M","?","?","?","M","R","?","E","T","M","?","E","?","E","R","BOSS","M","$","?","?","?","E","R","E","T","E","M","R","E","?","R","BOSS","M","?","M","M","$","E","?","E","T","R","?","?","?","M","R","BOSS"],"build_version":"2019-07-17","purchased_purges":2,"victory":true,"max_hp_per_floor":[78,78,78,78,83,83,83,83,83,83,83,83,83,83,83,83,83,83,83,83,83,83,83,83,83,89,89,89,89,89,95,95,95,104,104,104,104,104,104,104,104,104,117,117,117,117,117,117,117,117],"card_choices":[{"not_picked":["Beam Cell","Chaos"],"picked":"Cold Snap","floor":1},{"not_picked":["Darkness","Force Field"],"picked":"Cold Snap","floor":5},{"not_picked":["Loop","Barrage"],"picked":"Steam","floor":8},{"not_picked":["Double Energy","Stack"],"picked":"Genetic Algorithm","floor":10},{"not_picked":["Meteor Strike","Stack"],"picked":"Ball Lightning","floor":11},{"not_picked":["Stack","Hello World"],"picked":"Coolheaded","floor":12},{"not_picked":["Sweeping Beam","Reinforced Body"],"picked":"Defragment","floor":13},{"not_picked":["Fusion","Stack"],"picked":"Compile Driver","floor":14},{"not_picked":["Multi-Cast","Thunder Strike"],"picked":"Machine Learning","floor":16},{"not_picked":["Genetic Algorithm","Rebound"],"picked":"Conserve Battery","floor":18},{"not_picked":["Skim","Beam Cell"],"picked":"Self Repair","floor":20},{"not_picked":["Streamline","Gash","Steam"],"picked":"SKIP","floor":22},{"not_picked":["Heatsinks","Steam"],"picked":"Seek","floor":23},{"not_picked":["Sweeping Beam","Blizzard","Rebound+1"],"picked":"SKIP","floor":25},{"not_picked":["Sunder","Steam"],"picked":"Leap","floor":27},{"not_picked":["Hello World","Redo"],"picked":"Conserve Battery","floor":28},{"not_picked":["Ball Lightning","Redo"],"picked":"Creative AI","floor":30},{"not_picked":["Buffer","Meteor Strike"],"picked":"Electrodynamics","floor":33},{"not_picked":["Leap","Static Discharge"],"picked":"Cold Snap+1","floor":35},{"not_picked":["Beam Cell","Conserve Battery"],"picked":"Undo+1","floor":36},{"not_picked":["Recycle","Ball Lightning"],"picked":"Seek","floor":37},{"not_picked":["Beam Cell","Leap","Doom and Gloom+1"],"picked":"SKIP","floor":38},{"not_picked":["Skim","Loop"],"picked":"Defragment","floor":40},{"not_picked":["Melter","Gash","Steam"],"picked":"SKIP","floor":42},{"not_picked":["Finesse","Magnetism+1"],"picked":"Secret Technique","floor":45},{"not_picked":["Compile Driver","Conserve Battery"],"picked":"Ball Lightning","floor":48}],"player_experience":192188,"relics_obtained":[{"floor":4,"key":"Meat on the Bone"},{"floor":8,"key":"Dodecahedron"},{"floor":9,"key":"StoneCalendar"},{"floor":12,"key":"Symbiotic Virus"},{"floor":14,"key":"Boot"},{"floor":20,"key":"Red Mask"},{"floor":23,"key":"MawBank"},{"floor":25,"key":"Shuriken"},{"floor":26,"key":"Potion Belt"},{"floor":27,"key":"Lantern"},{"floor":30,"key":"The Courier"},{"floor":31,"key":"Juzu Bracelet"},{"floor":36,"key":"Bird Faced Urn"},{"floor":40,"key":"Torii"},{"floor":42,"key":"Frozen Egg 2"},{"floor":43,"key":"Strawberry"}],"event_choices":[{"cards_removed":["Strike_B"],"damage_healed":0,"gold_gain":0,"player_choice":"Card Removal","damage_taken":7,"max_hp_gain":0,"max_hp_loss":0,"event_name":"Golden Wing","floor":2,"gold_loss":0},{"damage_healed":0,"gold_gain":0,"player_choice":"Box","damage_taken":0,"relics_obtained":["WingedGreaves"],"max_hp_gain":0,"max_hp_loss":0,"event_name":"Big Fish","floor":3,"gold_loss":0,"cards_obtained":["Regret"]},{"damage_healed":0,"gold_gain":0,"player_choice":"Bought 1 Potion","damage_taken":0,"max_hp_gain":0,"max_hp_loss":0,"event_name":"The Woman in Blue","floor":7,"gold_loss":0},{"damage_healed":0,"gold_gain":0,"player_choice":"Fought Bandits","damage_taken":0,"max_hp_gain":0,"max_hp_loss":0,"event_name":"Masked Bandits","floor":20,"gold_loss":0},{"cards_removed":["Regret"],"damage_healed":0,"gold_gain":0,"player_choice":"Purged","damage_taken":0,"max_hp_gain":0,"max_hp_loss":0,"event_name":"Purifier","floor":21,"gold_loss":0},{"damage_healed":0,"gold_gain":0,"player_choice":"Fight","damage_taken":0,"max_hp_gain":0,"max_hp_loss":0,"event_name":"Mysterious Sphere","floor":36,"gold_loss":0},{"damage_healed":0,"gold_gain":222,"player_choice":"Wore Mask","damage_taken":0,"max_hp_gain":0,"max_hp_loss":0,"event_name":"Tomb of Lord Red Mask","floor":41,"gold_loss":0},{"damage_healed":0,"gold_gain":0,"player_choice":"Memory 1","damage_taken":0,"max_hp_gain":0,"max_hp_loss":0,"event_name":"SensoryStone","floor":45,"gold_loss":0},{"damage_healed":0,"gold_gain":0,"player_choice":"Embrace Madness","damage_taken":15,"max_hp_gain":0,"max_hp_loss":0,"event_name":"Winding Halls","floor":46,"gold_loss":0,"cards_obtained":["Madness","Madness"]}],"is_beta":false,"boss_relics":[{"not_picked":["Eternal Feather","Fusion Hammer"],"picked":"Cursed Key"},{"not_picked":["Velvet Choker","Tiny House"],"picked":"Astrolabe"}],"items_purged_floors":[39,47],"is_endless":false,"potions_floor_spawned":[5,8,13,16,18,22,27,30,35,36,48],"ascension_level":14}