{"gold_per_floor":[109,109,133,83,97,97,97,97,97,131,131,149,165,180,180,180],"floor_reached":16,"playtime":656,"items_purged":[],"score":102,"play_id":"d9727467-7b76-4aa0-8738-04a16ba7efb2","local_time":"20190705132851","is_ascension_mode":false,"campfire_choices":[{"data":"Chaos","floor":6,"key":"SMITH"},{"data":"Sweeping Beam","floor":8,"key":"SMITH"},{"data":"Multi-Cast","floor":11,"key":"SMITH"},{"floor":15,"key":"REST"}],"neow_cost":"PERCENT_DAMAGE","seed_source_timestamp":346355686914461,"circlet_count":0,"master_deck":["Strike_B","Strike_B","Defend_B","Defend_B","Defend_B","Defend_B","Zap","Dualcast","Sweeping Beam+1","Force Field","Chaos+1","Multi-Cast+1","Redo","Capacitor","Leap"],"relics":["Cracked Core","Golden Idol","Potion Belt","Kunai"],"potions_floor_usage":[16],"damage_taken":[{"damage":10,"enemies":"Small Slimes","floor":1,"turns":3},{"damage":0,"enemies":"2 Louse","floor":3,"turns":1},{"damage":1,"enemies":"Cultist","floor":5,"turns":3},{"damage":15,"enemies":"Lagavulin","floor":10,"turns":8},{"damage":0,"enemies":"Lots of Slimes","floor":12,"turns":2},{"damage":2,"enemies":"3 Louse","floor":13,"turns":3},{"damage":21,"enemies":"Exordium Thugs","floor":14,"turns":5},{"damage":51,"enemies":"Slime Boss","floor":16,"turns":5}],"seed_played":"-616899362742658172","potions_obtained":[{"floor":10,"key":"Strength Potion"},{"floor":13,"key":"Strength Potion"},{"floor":14,"key":"Ancient Potion"}],"is_trial":false,"path_per_floor":["M","?","M","?","M","R","?","R","T","E","R","M","M","M","R","B"],"character_chosen":"DEFECT","items_purchased":[],"campfire_rested":1,"item_purchase_floors":[],"current_hp_per_floor":[58,58,58,58,57,57,57,57,57,42,42,42,40,19,43,0],"gold":180,"neow_bonus":"TWENTY_PERCENT_HP_BONUS","is_prod":false,"is_daily":false,"chose_seed":false,"campfire_upgraded":3,"win_rate":0.0,"timestamp":1562300931,"path_taken":["M","?","M","?","M","R","?","R","T","E","R","M","?","M","R","BOSS"],"build_version":"2019-07-01","purchased_purges":0,"victory":false,"max_hp_per_floor":[89,82,82,82,82,82,82,82,82,82,82,82,82,82,82,82],"card_choices":[{"not_picked":["Hologram","Streamline"],"picked":"Sweeping Beam","floor":1},{"not_picked":["Hologram","Streamline"],"picked":"Force Field","floor":3},{"not_picked":["Cold Snap","Scrape"],"picked":"Chaos","floor":5},{"not_picked":["Beam Cell","Auto Shields"],"picked":"Multi-Cast","floor":10},{"not_picked":["Hologram","Stack"],"picked":"Redo","floor":12},{"not_picked":["Sweeping Beam","Gash"],"picked":"Capacitor","floor":13},{"not_picked":["Skim","Beam Cell"],"picked":"Leap","floor":14}],"player_experience":23436,"relics_obtained":[{"floor":9,"key":"Potion Belt"},{"floor":10,"key":"Kunai"}],"event_choices":[{"damage_healed":0,"gold_gain":0,"player_choice":"Lose Max HP","damage_taken":0,"relics_obtained":["Golden Idol"],"max_hp_gain":0,"max_hp_loss":7,"event_name":"Golden Idol","floor":2,"gold_loss":0},{"cards_removed":["Strike_B"],"damage_healed":0,"gold_gain":0,"player_choice":"Card Removal","damage_taken":0,"max_hp_gain":0,"max_hp_loss":0,"event_name":"The Cleric","floor":4,"gold_loss":50},{"cards_removed":["Strike_B"],"damage_healed":0,"gold_gain":0,"player_choice":"Purged","damage_taken":0,"max_hp_gain":0,"max_hp_loss":0,"event_name":"Purifier","floor":7,"gold_loss":0}],"is_beta":false,"boss_relics":[],"items_purged_floors":[],"is_endless":false,"potions_floor_spawned":[10,13,14],"killed_by":"Slime Boss","ascension_level":0}