{"gold_per_floor":[160,180,190,203,203,203,232,275,321,321,321],"floor_reached":11,"playtime":263,"items_purged":[],"score":146,"play_id":"045c2114-d4aa-4ec8-bbb6-6fe22760f0cb","local_time":"20190202224724","is_ascension_mode":true,"campfire_choices":[{"data":"Armaments","floor":6.0,"key":"SMITH"},{"data":"Uppercut","floor":10,"key":"SMITH"}],"neow_cost":"NONE","seed_source_timestamp":73170289091778,"circlet_count":0,"master_deck":["AscendersBane","Strike_R","Strike_R","Strike_R","Strike_R+1","Strike_R","Defend_R","Defend_R","Defend_R","Defend_R","Bash","Uppercut+1","Shrug It Off","Armaments+1","Pommel Strike","Clothesline","Iron Wave","Ghostly Armor"],"special_seed":0,"relics":["Tiny House","Golden Idol","Odd Mushroom","Juzu Bracelet"],"potions_floor_usage":[],"damage_taken":[{"damage":6.0,"enemies":"Cultist","floor":1.0,"turns":3.0},{"damage":0.0,"enemies":"2 Louse","floor":2.0,"turns":2.0},{"damage":13.0,"enemies":"Small Slimes","floor":3.0,"turns":3.0},{"damage":4.0,"enemies":"2 Fungi Beasts","floor":4.0,"turns":4.0},{"damage":21.0,"enemies":"The Mushroom Lair","floor":7.0,"turns":4.0},{"damage":16.0,"enemies":"Gremlin Nob","floor":8.0,"turns":4.0},{"damage":13,"enemies":"Gremlin Gang","floor":11,"turns":3}],"seed_played":"-1254942034021492354","potions_obtained":[{"floor":0.0,"key":"FairyPotion"},{"floor":1.0,"key":"Fire Potion"},{"floor":2.0,"key":"Dexterity Potion"}],"is_trial":false,"path_per_floor":["M","M","M","M","?","R","?","E","T","R","M"],"character_chosen":"IRONCLAD","items_purchased":[],"campfire_rested":0,"item_purchase_floors":[],"current_hp_per_floor":[67,67,54,50,50,50,29,13,13,13,7],"gold":321,"neow_bonus":"BOSS_RELIC","is_prod":false,"is_daily":false,"chose_seed":false,"campfire_upgraded":2,"win_rate":0,"timestamp":1549176444,"path_taken":["M","?","M","?","?","R","?","E","T","R","M"],"build_version":"2019-01-23","purchased_purges":0,"victory":false,"max_hp_per_floor":[80,80,80,80,72,72,72,72,72,72,72],"card_choices":[{"not_picked":["Cleave","Inflame"],"picked":"Uppercut","floor":0.0},{"not_picked":["Clash","Sword Boomerang"],"picked":"Shrug It Off","floor":1.0},{"not_picked":["Whirlwind","Perfected Strike"],"picked":"Armaments","floor":2.0},{"not_picked":["Armaments","Demon Form"],"picked":"Pommel Strike","floor":3.0},{"not_picked":["Heavy Blade","Cleave"],"picked":"Clothesline","floor":4.0},{"not_picked":["Clash","Shockwave"],"picked":"Iron Wave","floor":7.0},{"not_picked":["Feel No Pain","Spot Weakness"],"picked":"Ghostly Armor","floor":8}],"player_experience":1113566,"relics_obtained":[{"floor":7.0,"key":"Odd Mushroom"},{"floor":9,"key":"Juzu Bracelet"}],"event_choices":[{"damage_healed":0.0,"max_hp_gain":0.0,"max_hp_loss":8.0,"gold_gain":0.0,"event_name":"Golden Idol","player_choice":"Lose Max HP","floor":5.0,"gold_loss":0.0,"damage_taken":0.0,"relics_obtained":["Golden Idol"]},{"damage_healed":0.0,"max_hp_gain":0.0,"max_hp_loss":0.0,"gold_gain":0.0,"event_name":"Mushrooms","player_choice":"Fought Mushrooms","floor":7.0,"gold_loss":0.0,"damage_taken":0.0}],"is_beta":true,"boss_relics":[],"items_purged_floors":[],"is_endless":false,"potions_floor_spawned":[1,2,8],"killed_by":"Gremlin Gang","ascension_level":20}