{"gold_per_floor":[13,31,31,55,55,55,55,68,147,210,42,42,56,70,70,168,168,191,191,102,115,65,65,103,103,156,156,180,214,233,257,257,347,347,361,361,361,27,27,27,62,62,62,62,80,80,30,49,49,49,49],"floor_reached":52,"playtime":4318,"items_purged":["Strike_B","Strike_B","Defend_B"],"score":1928,"play_id":"9624e279-5678-47c2-9c77-050747223f6b","local_time":"20190828112452","is_ascension_mode":true,"campfire_choices":[{"data":"Zap","floor":6.0,"key":"SMITH"},{"data":"Defragment","floor":12.0,"key":"SMITH"},{"data":"Go for the Eyes","floor":15.0,"key":"SMITH"},{"data":"Ghostly","floor":23.0,"key":"SMITH"},{"data":"Ghostly","floor":25.0,"key":"SMITH"},{"data":"Ghostly","floor":27.0,"key":"SMITH"},{"floor":32.0,"key":"REST"},{"data":"Panacea","floor":40.0,"key":"SMITH"},{"data":"Capacitor","floor":42.0,"key":"SMITH"},{"data":"Consume","floor":46.0,"key":"SMITH"},{"data":"Static Discharge","floor":49.0,"key":"SMITH"}],"neow_cost":"NO_GOLD","seed_source_timestamp":913657209364100,"circlet_count":0,"master_deck":["AscendersBane","Defend_B","Defend_B","Defend_B+1","Zap+1","Dualcast","Genetic Algorithm","Cold Snap+1","Glacier+1","Capacitor+1","Defragment+1","Panacea+1","Electrodynamics","Go for the Eyes+1","Biased Cognition","Ghostly+1","Ghostly+1","Ghostly+1","Static Discharge+1","Compile Driver+1","Barrage+1","Core Surge","Cold Snap","Consume+1","Coolheaded+1"],"special_seed":0,"relics":["Cracked Core","Torii","Golden Idol","Smiling Mask","Mercury Hourglass","Tiny Chest","Velvet Choker","Du-Vu Doll","Lantern","Ancient Tea Set","War Paint","Eternal Feather","Incense Burner","Whetstone","Blood Vial","Toxic Egg 2","Ornamental Fan"],"potions_floor_usage":[51],"damage_taken":[{"damage":9.0,"enemies":"2 Louse","floor":1.0,"turns":3.0},{"damage":7.0,"enemies":"Jaw Worm","floor":2.0,"turns":4.0},{"damage":2.0,"enemies":"Small Slimes","floor":8.0,"turns":3.0},{"damage":8.0,"enemies":"Lagavulin","floor":10.0,"turns":9.0},{"damage":3.0,"enemies":"Exordium Wildlife","floor":13.0,"turns":5.0},{"damage":0.0,"enemies":"Gremlin Gang","floor":14.0,"turns":1.0},{"damage":0.0,"enemies":"Slime Boss","floor":16.0,"turns":6.0},{"damage":8.0,"enemies":"Chosen","floor":18.0,"turns":4.0},{"damage":1.0,"enemies":"Shell Parasite","floor":21.0,"turns":6.0},{"damage":3.0,"enemies":"Slavers","floor":24.0,"turns":3.0},{"damage":18.0,"enemies":"Book of Stabbing","floor":29.0,"turns":4.0},{"damage":0.0,"enemies":"Centurion and Healer","floor":30.0,"turns":11.0},{"damage":0.0,"enemies":"Cultist and Chosen","floor":31.0,"turns":3.0},{"damage":11.0,"enemies":"Automaton","floor":33.0,"turns":12.0},{"damage":17.0,"enemies":"3 Darklings","floor":35.0,"turns":3.0},{"damage":14.0,"enemies":"Reptomancer","floor":41.0,"turns":7.0},{"damage":1.0,"enemies":"Orb Walker","floor":45.0,"turns":4.0},{"damage":1.0,"enemies":"Spire Growth","floor":48.0,"turns":5.0},{"damage":0.0,"enemies":"Donu and Deca","floor":50.0,"turns":13.0},{"damage":5,"enemies":"Awakened One","floor":51,"turns":17}],"seed_played":"-7211497387954967100","potions_obtained":[{"floor":8.0,"key":"SkillPotion"},{"floor":13.0,"key":"Fire Potion"},{"floor":14.0,"key":"Explosive Potion"},{"floor":24.0,"key":"Energy Potion"},{"floor":29.0,"key":"SteroidPotion"},{"floor":41.0,"key":"Block Potion"},{"floor":48.0,"key":"Strength Potion"}],"is_trial":false,"path_per_floor":["M","M","?","T","?","R","?","M","T","E","$","R","M","M","R","B",null,"M","?","$","M","$","R","E","R","T","R","T","E","M","M","R","B",null,"M","?","?","$","T","R","E","R","T","T","M","R","$","M","R","B","B",null],"character_chosen":"DEFECT","items_purchased":["Defragment","Panacea","Static Discharge","Incense Burner"],"campfire_rested":1,"item_purchase_floors":[11,11,20,38],"current_hp_per_floor":[55,48,48,48,48,48,41,39,39,31,31,31,28,28,28,28,55,47,32,32,31,31,31,28,28,28,28,28,10,10,10,19,8,26,9,9,9,9,9,21,7,22,22,22,23,30,30,29,30,30,25],"gold":49,"neow_bonus":"ONE_RARE_RELIC","is_prod":false,"is_daily":false,"chose_seed":false,"campfire_upgraded":10,"win_rate":0,"timestamp":1567005892,"path_taken":["M","M","?","?","?","R","?","?","T","E","$","R","?","M","R","BOSS","M","?","$","M","$","R","E","R","T","R","?","E","M","M","R","BOSS","M","?","?","$","?","R","E","R","T","?","M","R","?","M","R","BOSS","BOSS"],"build_version":"2019-07-17","purchased_purges":3,"victory":true,"max_hp_per_floor":[71,71,64,64,64,64,64,64,64,64,64,64,64,64,64,64,64,64,32,32,32,32,32,32,32,32,32,32,32,32,32,32,32,32,32,32,30,30,30,30,30,30,30,30,30,30,30,30,30,30,30],"card_choices":[{"not_picked":["Hologram","Redo"],"picked":"Genetic Algorithm","floor":1.0},{"not_picked":["Coolheaded","Gash"],"picked":"Cold Snap","floor":2.0},{"not_picked":["Leap","Aggregate"],"picked":"Glacier","floor":8.0},{"not_picked":["Streamline","Stack"],"picked":"Capacitor","floor":10.0},{"not_picked":["Tempest","Sweeping Beam"],"picked":"Electrodynamics","floor":13.0},{"not_picked":["Beam Cell","FTL"],"picked":"Go for the Eyes","floor":14.0},{"not_picked":["Rainbow","Seek"],"picked":"Biased Cognition","floor":16.0},{"not_picked":["White Noise","Sweeping Beam","Streamline"],"picked":"SKIP","floor":18.0},{"not_picked":["Fusion","Leap","Redo"],"picked":"SKIP","floor":21.0},{"not_picked":["Redo","Stack","Melter"],"picked":"SKIP","floor":24.0},{"not_picked":["Sweeping Beam","Rebound"],"picked":"Compile Driver","floor":29.0},{"not_picked":["Compile Driver","Go for the Eyes"],"picked":"Barrage+1","floor":30.0},{"not_picked":["Melter","Meteor Strike","Rebound"],"picked":"SKIP","floor":31.0},{"not_picked":["Fission","Meteor Strike"],"picked":"Core Surge","floor":33.0},{"not_picked":["FTL","Conserve Battery"],"picked":"Cold Snap","floor":35.0},{"not_picked":["Steam Power+1","Stack"],"picked":"Consume","floor":41.0},{"not_picked":["Leap+1","Blizzard"],"picked":"Coolheaded+1","floor":45.0},{"not_picked":["Sunder+1","Genetic Algorithm+1","White Noise+1"],"picked":"SKIP","floor":48.0}],"player_experience":2706553,"relics_obtained":[{"floor":4.0,"key":"Smiling Mask"},{"floor":9.0,"key":"Mercury Hourglass"},{"floor":10.0,"key":"Tiny Chest"},{"floor":24.0,"key":"Du-Vu Doll"},{"floor":26.0,"key":"Lantern"},{"floor":28.0,"key":"Ancient Tea Set"},{"floor":29.0,"key":"War Paint"},{"floor":39.0,"key":"Whetstone"},{"floor":41.0,"key":"Blood Vial"},{"floor":43.0,"key":"Toxic Egg 2"},{"floor":44.0,"key":"Ornamental Fan"}],"event_choices":[{"damage_healed":0.0,"max_hp_gain":0.0,"max_hp_loss":7.0,"gold_gain":0.0,"event_name":"Golden Idol","player_choice":"Lose Max HP","floor":3.0,"gold_loss":0.0,"damage_taken":0.0,"relics_obtained":["Golden Idol"]},{"damage_healed":0.0,"max_hp_gain":0.0,"max_hp_loss":0.0,"gold_gain":0.0,"event_name":"Liars Game","player_choice":"Ignored","floor":5.0,"gold_loss":0.0,"damage_taken":0.0},{"cards_removed":["Strike_B"],"damage_healed":0.0,"max_hp_gain":0.0,"max_hp_loss":0.0,"gold_gain":0.0,"event_name":"Golden Wing","player_choice":"Card Removal","floor":7.0,"gold_loss":0.0,"damage_taken":7.0},{"damage_healed":0.0,"max_hp_gain":0.0,"max_hp_loss":32.0,"gold_gain":0.0,"event_name":"Ghosts","player_choice":"Became a Ghost","floor":19.0,"gold_loss":0.0,"damage_taken":0.0,"cards_obtained":["Ghostly","Ghostly","Ghostly"]},{"cards_removed":["Strike_B"],"damage_healed":0.0,"max_hp_gain":0.0,"max_hp_loss":0.0,"gold_gain":0.0,"event_name":"Falling","player_choice":"Removed Attack","floor":36.0,"gold_loss":0.0,"damage_taken":0.0},{"damage_healed":0.0,"max_hp_gain":0.0,"max_hp_loss":2.0,"gold_gain":0.0,"event_name":"Winding Halls","player_choice":"Max HP","floor":37.0,"gold_loss":0.0,"damage_taken":0.0}],"is_beta":false,"boss_relics":[{"not_picked":["Black Star","Sozu"],"picked":"Velvet Choker"},{"not_picked":["Pandora\u0027s Box","Orrery"],"picked":"Eternal Feather"}],"items_purged_floors":[20,22,47],"is_endless":false,"potions_floor_spawned":[8,13,14,24,29,41,48],"ascension_level":20}