{"gold_per_floor":[110,110,126,26,37,62,62,137,191,220,220,233,40,57,57,131,131,149,149,149,149,218,248,260,260,308,341,351,276,276,296,296,367,367,385,27,27,27,77,77,103,115,115,115,131,131,31,46,46,46,46],"floor_reached":52,"playtime":1972,"items_purged":["Pain","Strike_B"],"score":1877,"play_id":"9577c379-59ab-4571-a62e-b2c3bcf32cc3","local_time":"20190201171701","is_ascension_mode":true,"campfire_choices":[{"floor":7.0,"key":"REST"},{"floor":15.0,"key":"REST"},{"floor":25.0,"key":"REST"},{"floor":30,"key":"REST"},{"floor":32,"key":"REST"},{"floor":40,"key":"REST"},{"floor":46,"key":"REST"},{"floor":49,"key":"REST"}],"neow_cost":"NONE","seed_source_timestamp":0,"circlet_count":0,"master_deck":["AscendersBane","Defend_B","Defend_B","Defend_B","Zap","Dualcast+1","Compile Driver","Capacitor","Rebound","Doom and Gloom","Conserve Battery","Ball Lightning","Hologram","Coolheaded","Electrodynamics","Defragment","Biased Cognition","Conserve Battery","FTL","Reinforced Body+1","Coolheaded","Echo Form","Fusion+1","Apotheosis","Echo Form","Writhe","Core Surge","Leap+1","Coolheaded+1","Double Energy+1"],"special_seed":0,"relics":["Fusion Hammer","WarpedTongs","Boot","War Paint","Vajra","Happy Flower","Lizard Tail","Darkstone Periapt","Symbiotic Virus","Calipers","Oddly Smooth Stone","Ice Cream","Snecko Eye","Bronze Scales","Bird Faced Urn"],"potions_floor_usage":[33,33,35,50],"damage_taken":[{"damage":6.0,"enemies":"2 Louse","floor":1.0,"turns":3.0},{"damage":1.0,"enemies":"Cultist","floor":3.0,"turns":3.0},{"damage":3.0,"enemies":"Small Slimes","floor":5.0,"turns":3.0},{"damage":20.0,"enemies":"3 Sentries","floor":6.0,"turns":4.0},{"damage":29.0,"enemies":"Gremlin Nob","floor":10.0,"turns":4.0},{"damage":0.0,"enemies":"Exordium Thugs","floor":12.0,"turns":3.0},{"damage":5.0,"enemies":"Large Slime","floor":14.0,"turns":3.0},{"damage":30.0,"enemies":"The Guardian","floor":16.0,"turns":9.0},{"damage":0.0,"enemies":"Chosen","floor":18.0,"turns":3.0},{"damage":18.0,"enemies":"Gremlin Leader","floor":23.0,"turns":6.0},{"damage":8.0,"enemies":"Shell Parasite","floor":24.0,"turns":4.0},{"damage":25.0,"enemies":"Book of Stabbing","floor":27.0,"turns":5.0},{"damage":2,"enemies":"Snecko","floor":28,"turns":5},{"damage":23,"enemies":"Centurion and Healer","floor":31,"turns":4},{"damage":42,"enemies":"Collector","floor":33,"turns":10},{"damage":16,"enemies":"3 Shapes","floor":35,"turns":3},{"damage":0,"enemies":"Reptomancer","floor":41,"turns":5},{"damage":45,"enemies":"3 Darklings","floor":42,"turns":4},{"damage":10,"enemies":"Sphere and 2 Shapes","floor":45,"turns":4},{"damage":0,"enemies":"Spire Growth","floor":48,"turns":5},{"damage":1,"enemies":"Donu and Deca","floor":50,"turns":6},{"damage":36,"enemies":"Time Eater","floor":51,"turns":19}],"seed_played":"-7838284230721329967","potions_obtained":[{"floor":1.0,"key":"Strength Potion"},{"floor":10.0,"key":"Fire Potion"},{"floor":11.0,"key":"Regen Potion"},{"floor":12.0,"key":"Weak Potion"},{"floor":16.0,"key":"PowerPotion"},{"floor":24.0,"key":"AttackPotion"},{"floor":27.0,"key":"PowerPotion"},{"floor":28,"key":"Poison Potion"},{"floor":33,"key":"Fire Potion"},{"floor":45,"key":"GamblersBrew"}],"is_trial":false,"path_per_floor":["M","?","M","$","M","E","R","?","T","E","?","M","$","M","R","B",null,"M","?","T","?","T","E","M","R","T","E","M","?","R","M","R","B",null,"M","$","?","?","?","R","E","M","T","?","M","R","$","M","R","B","B",null],"character_chosen":"DEFECT","items_purchased":["Rebound","Hologram","Happy Flower","Apotheosis","Echo Form"],"campfire_rested":8,"item_purchase_floors":[4,13,13,36,36],"current_hp_per_floor":[58,58,57,57,54,34,55,44,44,15,15,24,24,19,40,10,56,56,56,56,56,56,38,30,51,51,26,24,24,45,22,43,1,54,38,38,38,58,58,77,77,32,32,32,34,57,57,67,77,77,57],"gold":46,"neow_bonus":"BOSS_RELIC","is_prod":false,"is_daily":false,"chose_seed":false,"campfire_upgraded":0,"win_rate":0,"timestamp":1549070221,"path_taken":["M","?","M","?","?","E","R","?","T","E","?","?","$","M","R","BOSS","M","?","?","?","?","E","M","R","T","E","?","?","R","M","R","BOSS","M","$","?","?","?","R","E","?","T","?","M","R","$","M","R","BOSS","BOSS"],"build_version":"2019-01-23","purchased_purges":2,"victory":true,"max_hp_per_floor":[71,71,71,71,71,71,71,71,71,71,71,71,71,71,71,71,71,71,71,71,71,71,71,71,71,71,71,71,71,71,71,71,71,71,71,71,71,77,77,77,77,77,77,77,77,77,77,77,77,77,77],"card_choices":[{"not_picked":["Steam","Scrape"],"picked":"Compile Driver","floor":1.0},{"not_picked":["Scrape","Go for the Eyes"],"picked":"Capacitor","floor":3.0},{"not_picked":["Auto Shields","Storm"],"picked":"Doom and Gloom","floor":5.0},{"not_picked":["Beam Cell","Chill"],"picked":"Conserve Battery","floor":6.0},{"not_picked":["Thunder Strike","Consume"],"picked":"Ball Lightning","floor":10.0},{"not_picked":["Steam","Turbo"],"picked":"Coolheaded","floor":14.0},{"not_picked":["Seek","Multi-Cast"],"picked":"Electrodynamics","floor":16.0},{"not_picked":["Barrage","Go for the Eyes"],"picked":"Conserve Battery","floor":23.0},{"not_picked":["Compile Driver","Turbo"],"picked":"FTL","floor":24.0},{"not_picked":["Rip and Tear","Heatsinks"],"picked":"Reinforced Body+1","floor":27.0},{"not_picked":["Gash","Beam Cell"],"picked":"Coolheaded","floor":28},{"not_picked":["Meteor Strike","Seek"],"picked":"Echo Form","floor":33},{"not_picked":["Beam Cell","Ball Lightning+1"],"picked":"Fusion+1","floor":35},{"not_picked":["Force Field","Beam Cell+1"],"picked":"Core Surge","floor":41},{"not_picked":["Chill+1","Steam"],"picked":"Leap+1","floor":42},{"not_picked":["Gash","Stack"],"picked":"Coolheaded+1","floor":45},{"not_picked":["Redo","Doom and Gloom+1"],"picked":"Double Energy+1","floor":48}],"player_experience":1083195,"relics_obtained":[{"floor":6.0,"key":"Boot"},{"floor":9.0,"key":"War Paint"},{"floor":10.0,"key":"Vajra"},{"floor":20.0,"key":"Darkstone Periapt"},{"floor":22.0,"key":"Symbiotic Virus"},{"floor":23.0,"key":"Calipers"},{"floor":26.0,"key":"Oddly Smooth Stone"},{"floor":27.0,"key":"Ice Cream"},{"floor":41,"key":"Bronze Scales"},{"floor":43,"key":"Bird Faced Urn"}],"event_choices":[{"damage_healed":0.0,"max_hp_gain":0.0,"max_hp_loss":0.0,"gold_gain":0.0,"event_name":"Accursed Blacksmith","player_choice":"Rummage","floor":2.0,"gold_loss":0.0,"damage_taken":0.0,"relics_obtained":["WarpedTongs"],"cards_obtained":["Pain"]},{"damage_healed":0.0,"max_hp_gain":0.0,"max_hp_loss":0.0,"gold_gain":75.0,"event_name":"World of Goop","player_choice":"Gather Gold","floor":8.0,"gold_loss":0.0,"damage_taken":11.0},{"damage_healed":0.0,"max_hp_gain":0.0,"max_hp_loss":0.0,"gold_gain":0.0,"event_name":"Lab","player_choice":"Got Potions","floor":11.0,"gold_loss":0.0,"damage_taken":0.0},{"damage_healed":0.0,"max_hp_gain":0.0,"max_hp_loss":0.0,"gold_gain":0.0,"event_name":"Ghosts","player_choice":"Ignored","floor":19.0,"gold_loss":0.0,"damage_taken":0.0},{"damage_healed":0.0,"max_hp_gain":0.0,"max_hp_loss":0.0,"gold_gain":0.0,"cards_transformed":["Strike_B","Strike_B"],"event_name":"Drug Dealer","player_choice":"Became Test Subject","floor":21.0,"gold_loss":0.0,"damage_taken":0.0,"cards_obtained":["Defragment","Biased Cognition"]},{"cards_removed":["Strike_B"],"damage_healed":0,"gold_gain":0,"player_choice":"Gave Gold","damage_taken":0,"max_hp_gain":0,"max_hp_loss":0,"event_name":"Beggar","floor":29,"gold_loss":75},{"cards_removed":["Defend_B"],"damage_healed":0,"gold_gain":0,"player_choice":"Removed Skill","damage_taken":0,"max_hp_gain":0,"max_hp_loss":0,"event_name":"Falling","floor":37,"gold_loss":0},{"damage_healed":14,"gold_gain":0,"player_choice":"Writhe","damage_taken":0,"max_hp_gain":0,"max_hp_loss":0,"event_name":"Winding Halls","floor":38,"gold_loss":0,"cards_obtained":["Writhe"]},{"damage_healed":0,"gold_gain":50,"player_choice":"Pray","damage_taken":0,"max_hp_gain":0,"max_hp_loss":0,"event_name":"Golden Shrine","floor":39,"gold_loss":0},{"damage_healed":0,"gold_gain":0,"player_choice":"Ignored","damage_taken":0,"max_hp_gain":0,"max_hp_loss":0,"event_name":"Tomb of Lord Red Mask","floor":44,"gold_loss":0}],"is_beta":true,"boss_relics":[{"not_picked":["Orrery","Tiny House"],"picked":"Lizard Tail"},{"not_picked":["Pandora\u0027s Box","Inserter"],"picked":"Snecko Eye"}],"items_purged_floors":[4,47],"is_endless":false,"potions_floor_spawned":[1,10,12,16,24,27,28,33,45],"ascension_level":20}