{"gold_per_floor":[112,112,112,131,131,165,165,201,254,254,270,291,331,345,345,345],"floor_reached":16,"playtime":671,"items_purged":[],"score":152,"play_id":"e6a9c298-a3ec-4f2c-8027-2a038e050fdd","local_time":"20190605215626","is_ascension_mode":true,"campfire_choices":[{"data":"Corruption","floor":7.0,"key":"SMITH"},{"data":"Armaments","floor":10.0,"key":"SMITH"},{"floor":15.0,"key":"DIG"}],"neow_cost":"NONE","seed_source_timestamp":513739915966400,"circlet_count":0,"master_deck":["Strike_R","Strike_R","Strike_R","Defend_R","Defend_R","Defend_R","Defend_R","Bash","Corruption+1","Flame Barrier","Armaments+1","Entrench","Disarm","Reaper","Thunderclap"],"special_seed":0,"relics":["Burning Blood","NeowsBlessing","Golden Idol","PreservedInsect","Shovel","Vajra","Art of War"],"potions_floor_usage":[],"damage_taken":[{"damage":0.0,"enemies":"Small Slimes","floor":1.0,"turns":1.0},{"damage":0.0,"enemies":"2 Louse","floor":4.0,"turns":1.0},{"damage":0.0,"enemies":"Gremlin Nob","floor":6.0,"turns":1.0},{"damage":39.0,"enemies":"Lagavulin","floor":8.0,"turns":8.0},{"damage":4.0,"enemies":"Cultist","floor":11.0,"turns":4.0},{"damage":12.0,"enemies":"3 Louse","floor":12.0,"turns":4.0},{"damage":12.0,"enemies":"Gremlin Nob","floor":13.0,"turns":4.0},{"damage":26.0,"enemies":"Lots of Slimes","floor":14.0,"turns":6.0},{"damage":51,"enemies":"Slime Boss","floor":16,"turns":9}],"seed_played":"-2403201561194779959","potions_obtained":[{"floor":4.0,"key":"Strength Potion"},{"floor":8.0,"key":"Regen Potion"},{"floor":11.0,"key":"Swift Potion"},{"floor":13.0,"key":"Strength Potion"}],"is_trial":false,"path_per_floor":["M","?","?","M","?","E","R","E","T","R","M","M","E","M","R","B"],"character_chosen":"IRONCLAD","items_purchased":[],"campfire_rested":0,"item_purchase_floors":[],"current_hp_per_floor":[80,60,60,66,66,72,72,39,39,39,41,35,29,54,54,10],"gold":345,"neow_bonus":"THREE_ENEMY_KILL","is_prod":false,"is_daily":false,"chose_seed":false,"campfire_upgraded":2,"win_rate":0,"timestamp":1559789786,"path_taken":["M","?","?","?","?","E","R","E","T","R","M","M","E","M","R","BOSS"],"build_version":"2019-01-23","purchased_purges":0,"victory":false,"max_hp_per_floor":[80,80,80,80,80,80,80,80,80,80,80,80,80,80,80,80],"card_choices":[{"not_picked":["Flex","Perfected Strike","Clash"],"picked":"SKIP","floor":1.0},{"not_picked":["Bloodletting","Pommel Strike"],"picked":"Flame Barrier","floor":4.0},{"not_picked":["Battle Trance","Pommel Strike","Perfected Strike"],"picked":"SKIP","floor":6.0},{"not_picked":["Rage","Clash"],"picked":"Armaments","floor":8.0},{"not_picked":["Flex","Power Through"],"picked":"Entrench","floor":11.0},{"not_picked":["Twin Strike","True Grit"],"picked":"Disarm","floor":12.0},{"not_picked":["Heavy Blade","Sword Boomerang"],"picked":"Reaper","floor":13.0},{"not_picked":["Corruption","True Grit"],"picked":"Thunderclap","floor":14.0}],"player_experience":336839,"relics_obtained":[{"floor":6.0,"key":"PreservedInsect"},{"floor":8.0,"key":"Shovel"},{"floor":13.0,"key":"Vajra"},{"floor":15.0,"key":"Art of War"}],"event_choices":[{"damage_healed":0.0,"max_hp_gain":0.0,"max_hp_loss":0.0,"gold_gain":0.0,"event_name":"Golden Idol","player_choice":"Take Damage","floor":2.0,"gold_loss":0.0,"damage_taken":20.0,"relics_obtained":["Golden Idol"]},{"damage_healed":0.0,"max_hp_gain":0.0,"max_hp_loss":0.0,"gold_gain":0.0,"cards_transformed":["Strike_R"],"event_name":"Transmorgrifier","player_choice":"Transformed","floor":3.0,"gold_loss":0.0,"damage_taken":0.0,"cards_obtained":["Corruption"]},{"cards_removed":["Strike_R"],"damage_healed":0.0,"max_hp_gain":0.0,"max_hp_loss":0.0,"gold_gain":0.0,"event_name":"Bonfire Elementals","player_choice":"Offered Basic","floor":5.0,"gold_loss":0.0,"damage_taken":0.0}],"is_beta":false,"boss_relics":[],"items_purged_floors":[],"is_endless":false,"potions_floor_spawned":[4,8,11,13],"killed_by":"Slime Boss","ascension_level":1}