{"gold_per_floor":[113,126,53,228,239,264,108,141,212,212,212,235,263,278,278,373,373,384,384,374,374,388,388,398,416,443,443,453,453,8,25,25,25],"floor_reached":33,"playtime":3552,"items_purged":["Doubt","Strike_R"],"score":365,"play_id":"6f75c23c-c83e-4635-8390-d959f0964ee1","local_time":"20181125225544","is_ascension_mode":true,"campfire_choices":[{"data":"Limit Break","floor":10,"key":"SMITH"},{"data":"Armaments","floor":15,"key":"SMITH"},{"floor":23,"key":"REST"},{"data":"Strike_R","floor":27,"key":"PURGE"},{"data":"Strike_R","floor":29,"key":"PURGE"},{"floor":32,"key":"REST"}],"neow_cost":"NONE","seed_source_timestamp":268571301863120,"circlet_count":0,"master_deck":["Strike_R","Strike_R+1","Defend_R","Defend_R","Defend_R","Defend_R","Bash","Wild Strike","Cleave","Inflame","Heavy Blade+1","Demon Form","Feel No Pain","Limit Break+1","Parasite","Armaments+1","Impervious","Power Through","True Grit+1","Shockwave","Ghostly Armor","Shrug It Off","Heavy Blade+1"],"relics":["Burning Blood","Lantern","Peace Pipe","Orichalcum","Bottled Lightning","Happy Flower","Kunai","Lizard Tail","MutagenicStrength","Potion Belt","Whetstone","DollysMirror"],"potions_floor_usage":[8,16,18,20,22,28,31,33,33],"damage_taken":[{"damage":1,"enemies":"Cultist","floor":1,"turns":3},{"damage":3,"enemies":"Small Slimes","floor":2,"turns":2},{"damage":5,"enemies":"2 Louse","floor":5,"turns":2},{"damage":31,"enemies":"Gremlin Nob","floor":6,"turns":4},{"damage":18,"enemies":"Lagavulin","floor":8,"turns":7},{"damage":10,"enemies":"Gremlin Nob","floor":13,"turns":3},{"damage":10,"enemies":"Blue Slaver","floor":14,"turns":3},{"damage":19,"enemies":"Hexaghost","floor":16,"turns":9},{"damage":22,"enemies":"Shell Parasite","floor":18,"turns":5},{"damage":9,"enemies":"2 Thieves","floor":20,"turns":4},{"damage":58,"enemies":"Sentry and Sphere","floor":22,"turns":10},{"damage":12,"enemies":"3 Cultists","floor":24,"turns":5},{"damage":14,"enemies":"Centurion and Healer","floor":25,"turns":7},{"damage":9,"enemies":"Cultist and Chosen","floor":28,"turns":8},{"damage":17,"enemies":"Snecko","floor":31,"turns":4},{"damage":53,"enemies":"Champ","floor":33,"turns":10}],"seed_played":"-33463839556331233","potions_obtained":[{"floor":2,"key":"Weak Potion"},{"floor":5,"key":"EssenceOfSteel"},{"floor":6,"key":"Explosive Potion"},{"floor":16,"key":"FearPotion"},{"floor":22,"key":"SpeedPotion"},{"floor":25,"key":"Swift Potion"},{"floor":28,"key":"EssenceOfSteel"},{"floor":31,"key":"GamblersBrew"}],"is_trial":false,"path_per_floor":["M","M","$","?","M","E","$","E","T","R","?","T","E","M","R","B",null,"M","?","M","?","M","R","M","M","T","R","M","R","$","M","R","B"],"character_chosen":"IRONCLAD","items_purchased":["Inflame","Feel No Pain","Whetstone","DollysMirror"],"campfire_rested":2,"item_purchase_floors":[3,7,30,30],"current_hp_per_floor":[80,80,80,80,80,55,55,43,43,43,63,63,59,55,55,42,71,55,55,52,36,33,57,51,43,43,43,40,40,40,29,53,0],"gold":25,"neow_bonus":"RANDOM_COMMON_RELIC","is_prod":false,"is_daily":false,"chose_seed":false,"campfire_upgraded":2,"win_rate":0,"timestamp":1543182944,"path_taken":["M","M","?","?","M","E","$","E","T","R","?","?","E","M","R","BOSS","M","?","M","?","M","R","M","?","T","R","M","R","$","M","R","BOSS"],"build_version":"2018-11-15","purchased_purges":2,"victory":false,"max_hp_per_floor":[80,80,80,80,80,80,80,80,80,80,80,80,80,80,80,80,80,80,80,80,80,80,80,80,80,80,80,80,80,80,80,80,80],"card_choices":[{"not_picked":["Twin Strike","Pommel Strike"],"picked":"Wild Strike","floor":1},{"not_picked":["Searing Blow","Thunderclap"],"picked":"Cleave","floor":2},{"not_picked":["Carnage","Headbutt"],"picked":"Heavy Blade","floor":5},{"not_picked":["Headbutt","Dual Wield"],"picked":"Demon Form","floor":6},{"not_picked":["Barricade","Headbutt"],"picked":"Limit Break","floor":8},{"not_picked":["Wild Strike","Entrench"],"picked":"Armaments","floor":13},{"not_picked":["Whirlwind","Perfected Strike","Havoc"],"picked":"SKIP","floor":14},{"not_picked":["Barricade","Double Tap"],"picked":"Impervious","floor":16},{"not_picked":["Pummel+1","Searing Blow+1"],"picked":"Power Through","floor":18},{"not_picked":["Perfected Strike+1","Twin Strike+1"],"picked":"True Grit+1","floor":20},{"not_picked":["Havoc","Seeing Red+1"],"picked":"Shockwave","floor":22},{"not_picked":["Flame Barrier","Armaments"],"picked":"Ghostly Armor","floor":24},{"not_picked":["Sword Boomerang","Headbutt+1"],"picked":"Shrug It Off","floor":25},{"not_picked":["Offering","Thunderclap+1","Ghostly Armor"],"picked":"SKIP","floor":28},{"not_picked":["Ghostly Armor+1","Perfected Strike","Power Through"],"picked":"SKIP","floor":31}],"player_experience":305631,"relics_obtained":[{"floor":6,"key":"Peace Pipe"},{"floor":8,"key":"Orichalcum"},{"floor":9,"key":"Bottled Lightning"},{"floor":12,"key":"Happy Flower"},{"floor":13,"key":"Kunai"},{"floor":26,"key":"Potion Belt"}],"event_choices":[{"damage_healed":0,"gold_gain":175,"player_choice":"AGREE","damage_taken":0,"max_hp_gain":0,"max_hp_loss":0,"event_name":"Liars Game","floor":4,"gold_loss":0,"cards_obtained":["Doubt"]},{"damage_healed":20,"gold_gain":0,"player_choice":"Healed and dodged fight","damage_taken":0,"max_hp_gain":0,"max_hp_loss":0,"event_name":"Mushrooms","floor":11,"gold_loss":0,"cards_obtained":["Parasite"]},{"damage_healed":0,"gold_gain":0,"player_choice":"Inject Mutagens","damage_taken":0,"relics_obtained":["MutagenicStrength"],"max_hp_gain":0,"max_hp_loss":0,"event_name":"Drug Dealer","floor":19,"gold_loss":0},{"damage_healed":0,"gold_gain":0,"player_choice":"POTION ","damage_taken":16,"max_hp_gain":0,"max_hp_loss":0,"event_name":"Knowing Skull","floor":21,"potions_obtained":["Energy Potion"],"gold_loss":0,"cards_obtained":[]}],"is_beta":false,"boss_relics":[{"not_picked":["Astrolabe","Ectoplasm"],"picked":"Lizard Tail"}],"items_purged_floors":[7,30],"is_endless":false,"potions_floor_spawned":[2,5,6,16,22,25,28,31],"killed_by":"Champ","ascension_level":5}