{"gold_per_floor":[214,229,239,29,40,215,215,247,247,247,265,278,278,41,41,138,138,156,138,152,152,165,165,200,220,265,364,377,393,83,6,6,110,110,123,47,47,65,82,82,109,129,176,187,187,207,235,215,215,215],"floor_reached":51,"playtime":6197,"items_purged":["Doubt"],"score":856,"play_id":"3e33a29b-f726-4abf-b165-4b3881c320f8","local_time":"20180708155538","is_ascension_mode":true,"campfire_choices":[{"data":"Shrug It Off","floor":7,"key":"SMITH"},{"data":"Bash","floor":10,"key":"SMITH"},{"data":"Feel No Pain","floor":13,"key":"SMITH"},{"data":"Havoc","floor":15,"key":"SMITH"},{"floor":23,"key":"REST"},{"floor":32,"key":"DIG"},{"floor":40,"key":"REST"},{"floor":45,"key":"REST"},{"floor":49,"key":"REST"}],"neow_cost":"NONE","seed_source_timestamp":2135401772737411,"circlet_count":0,"master_deck":["Strike_R","Strike_R","Strike_R","Strike_R","Strike_R","Defend_R","Defend_R","Bash+1","Sword Boomerang","Shrug It Off+1","Shrug It Off","Disarm","Perfected Strike","Havoc+1","Feel No Pain+1","Shrug It Off","Offering","Evolve","Wild Strike","Immolate","Pommel Strike+1","Iron Wave","Perfected Strike","Armaments+1","Power Through+1","Inflame+1","Apotheosis","Battle Trance","J.A.X.","Offering","Spot Weakness+1","Shockwave+1","Fire Breathing+1","Wild Strike","Corruption","Madness","Madness","Barricade","Infernal Blade+1","Sword Boomerang+1","Wild Strike","Feel No Pain+1","Power Through+1"],"relics":["Burning Blood","Medical Kit","Dream Catcher","Pantograph","ClockworkSouvenir","Mark of Pain","Shovel","Potion Belt","Self Forming Clay","Astrolabe","Ancient Tea Set","Bronze Scales","Frozen Egg 2"],"potions_floor_usage":[5,8,16,18,24,25,25,33,46,47,50,50,50,50],"damage_taken":[{"damage":14,"enemies":"Jaw Worm","floor":1,"turns":3},{"damage":4,"enemies":"2 Louse","floor":2,"turns":3},{"damage":4,"enemies":"Small Slimes","floor":3,"turns":5},{"damage":2,"enemies":"2 Fungi Beasts","floor":5,"turns":3},{"damage":38,"enemies":"Gremlin Nob","floor":8,"turns":6},{"damage":4,"enemies":"Looter","floor":11,"turns":4},{"damage":3,"enemies":"Blue Slaver","floor":12,"turns":3},{"damage":23,"enemies":"Slime Boss","floor":16,"turns":10},{"damage":4,"enemies":"Shell Parasite","floor":18,"turns":7},{"damage":13,"enemies":"2 Thieves","floor":19,"turns":4},{"damage":25,"enemies":"Snake Plant","floor":20,"turns":6},{"damage":4,"enemies":"Snecko","floor":22,"turns":4},{"damage":15,"enemies":"Gremlin Leader","floor":24,"turns":6},{"damage":15,"enemies":"Cultist and Chosen","floor":25,"turns":6},{"damage":6,"enemies":"3 Cultists","floor":28,"turns":5},{"damage":14,"enemies":"Snecko","floor":29,"turns":3},{"damage":52,"enemies":"Collector","floor":33,"turns":8},{"damage":16,"enemies":"3 Darklings","floor":35,"turns":3},{"damage":15,"enemies":"3 Shapes","floor":38,"turns":3},{"damage":42,"enemies":"Flame Bruiser 2 Orb","floor":39,"turns":4},{"damage":11,"enemies":"Giant Head","floor":41,"turns":6},{"damage":4,"enemies":"4 Shapes","floor":42,"turns":2},{"damage":27,"enemies":"Sphere and 2 Shapes","floor":44,"turns":8},{"damage":9,"enemies":"Spire Growth","floor":46,"turns":4},{"damage":4,"enemies":"2 Orb Walkers","floor":47,"turns":4},{"damage":62,"enemies":"Awakened One","floor":50,"turns":11}],"seed_played":"-2731838501598778061","potions_obtained":[{"floor":2,"key":"Explosive Potion"},{"floor":5,"key":"GamblersBrew"},{"floor":11,"key":"SteroidPotion"},{"floor":16,"key":"SpeedPotion"},{"floor":19,"key":"GamblersBrew"},{"floor":20,"key":"Dexterity Potion"},{"floor":24,"key":"Poison Potion"},{"floor":25,"key":"FairyPotion"},{"floor":29,"key":"Strength Potion"},{"floor":33,"key":"Swift Potion"},{"floor":39,"key":"GamblersBrew"},{"floor":42,"key":"Block Potion"},{"floor":46,"key":"Strength Potion"},{"floor":47,"key":"Energy Potion"},{"floor":48,"key":"PowerPotion"}],"is_trial":false,"path_per_floor":["M","M","M","$","M","?","R","E","T","R","M","M","R","$","R","B",null,"M","M","M","?","M","R","E","M","T","?","M","M","$","?","R","B",null,"M","$","?","M","M","R","E","M","T","M","R","M","E","?","R","B"],"character_chosen":"IRONCLAD","items_purchased":["Medical Kit","ClockworkSouvenir","Shrug It Off","Apotheosis","Battle Trance","Corruption"],"campfire_rested":4,"item_purchase_floors":[4,14,14,30,30,36],"current_hp_per_floor":[72,74,76,76,80,80,80,48,48,48,50,53,53,53,53,61,80,80,73,54,54,56,80,71,62,62,62,62,54,54,54,54,33,80,70,70,60,51,15,39,34,36,36,15,39,36,38,38,62,24],"gold":215,"neow_bonus":"HUNDRED_GOLD","is_prod":false,"is_daily":false,"chose_seed":false,"campfire_upgraded":4,"win_rate":0,"timestamp":1531079738,"path_taken":["M","M","M","$","M","?","R","E","T","R","?","M","R","$","R","BOSS","M","M","M","?","M","R","E","M","T","?","?","M","$","?","R","BOSS","M","$","?","M","M","R","E","M","T","?","R","M","E","?","R","BOSS"],"build_version":"2018-07-05","purchased_purges":1,"victory":true,"max_hp_per_floor":[80,80,80,80,80,80,80,80,80,80,80,80,80,80,80,80,80,80,80,80,80,80,80,80,80,80,80,80,80,80,80,80,80,80,80,80,80,80,80,80,80,80,80,80,80,80,80,80,80,80],"card_choices":[{"not_picked":["Thunderclap","Rage"],"picked":"Sword Boomerang","floor":1},{"not_picked":["Cleave","Warcry"],"picked":"Shrug It Off","floor":2},{"not_picked":["Clash","Bloodletting"],"picked":"Shrug It Off","floor":3},{"not_picked":["Flex","Shrug It Off"],"picked":"Disarm","floor":5},{"not_picked":["Disarm","Limit Break"],"picked":"Perfected Strike","floor":8},{"not_picked":["Headbutt","Sentinel"],"picked":"Havoc","floor":11},{"not_picked":["Infernal Blade","Clothesline"],"picked":"Feel No Pain","floor":12},{"not_picked":["Bludgeon","Reaper"],"picked":"Offering","floor":16},{"not_picked":["Headbutt","Hemokinesis"],"picked":"Evolve","floor":18},{"not_picked":["Flex","Second Wind"],"picked":"Wild Strike","floor":19},{"not_picked":["Twin Strike","Havoc"],"picked":"Flex","floor":20},{"not_picked":["Headbutt+1","Flex+1"],"picked":"Pommel Strike+1","floor":22},{"not_picked":["Sword Boomerang","Disarm"],"picked":"Iron Wave","floor":23},{"not_picked":["Burning Pact","Brutality"],"picked":"Perfected Strike","floor":24},{"not_picked":["Sentinel","Dual Wield+1"],"picked":"Armaments+1","floor":25},{"not_picked":["Pommel Strike","Shrug It Off+1"],"picked":"Power Through+1","floor":28},{"not_picked":["Rampage","True Grit+1"],"picked":"Inflame+1","floor":29},{"not_picked":["Reaper","Barricade"],"picked":"Offering","floor":33},{"not_picked":["Anger+1","Clash"],"picked":"Wild Strike","floor":35},{"not_picked":["Blood for Blood+1","Spot Weakness"],"picked":"Barricade","floor":38},{"not_picked":["Flex+1","Iron Wave+1"],"picked":"Infernal Blade+1","floor":39},{"not_picked":["Flex","Headbutt"],"picked":"Sword Boomerang+1","floor":40},{"not_picked":["Headbutt+1","Whirlwind"],"picked":"Wild Strike","floor":41},{"not_picked":["Shrug It Off","Shockwave+1"],"picked":"Feel No Pain+1","floor":42},{"not_picked":["Warcry+1","Sword Boomerang","Brutality"],"picked":"SKIP","floor":44},{"not_picked":["Shrug It Off+1","Body Slam"],"picked":"Power Through+1","floor":45},{"not_picked":["Burning Pact","Heavy Blade","Sever Soul"],"picked":"SKIP","floor":46},{"not_picked":["Combust+1","Twin Strike+1","Second Wind"],"picked":"SKIP","floor":47}],"player_experience":233226,"relics_obtained":[{"floor":8,"key":"Dream Catcher"},{"floor":9,"key":"Pantograph"},{"floor":24,"key":"Shovel"},{"floor":26,"key":"Potion Belt"},{"floor":32,"key":"Self Forming Clay"},{"floor":41,"key":"Ancient Tea Set"},{"floor":43,"key":"Bronze Scales"},{"floor":47,"key":"Frozen Egg 2"}],"event_choices":[{"event_name":"Liars Game","player_choice":"agreed","floor":6,"damage_taken":0},{"event_name":"The Library","player_choice":"Read","floor":21,"damage_taken":0},{"event_name":"Nest","player_choice":"Stole From Cult","floor":27,"damage_taken":0},{"event_name":"Drug Dealer","player_choice":"Got JAXXED","floor":31,"damage_taken":0},{"event_name":"Winding Halls","player_choice":"Embrace Madness","floor":37,"damage_taken":0},{"event_name":"The Woman in Blue","player_choice":"Bought 1 Potion","floor":48,"damage_taken":0}],"boss_relics":[{"not_picked":["Black Blood","Empty Cage"],"picked":"Mark of Pain"},{"not_picked":["Runic Cube","Snecko Eye"],"picked":"Astrolabe"}],"items_purged_floors":[30],"is_endless":false,"potions_floor_spawned":[2,5,11,16,19,20,24,25,29,33,39,42,46,47],"ascension_level":2}