{"gold_per_floor":[113,131,141,156,156,156,156,44,68,84,105,105,123,141,141,240,240,265,279,298,20,20,20],"floor_reached":23,"playtime":875,"items_purged":["Injury"],"score":450,"play_id":"112d8b98-29b3-483d-a973-11e6e1141541","local_time":"20190822151947","is_ascension_mode":true,"campfire_choices":[{"data":"Zap","floor":6,"key":"SMITH"},{"floor":15,"key":"REST"}],"neow_cost":"NONE","seed_source_timestamp":183109704572400,"circlet_count":0,"master_deck":["AscendersBane","Strike_B","Strike_B","Strike_B","Strike_B","Defend_B","Defend_B","Defend_B","Defend_B+1","Zap+1","Dualcast+1","Sweeping Beam+1","Loop","BootSequence","Melter","Beam Cell","White Noise","Hologram","Coolheaded","Undo","Steam","Fission","Stack","Reinforced Body+1","Chill","Self Repair","Coolheaded"],"relics":["Cracked Core","Bloody Idol","Potion Belt","War Paint","Nuclear Battery","Membership Card"],"potions_floor_usage":[4,16,16,18,23],"damage_taken":[{"damage":9,"enemies":"Jaw Worm","floor":1,"turns":4},{"damage":1,"enemies":"2 Louse","floor":2,"turns":2},{"damage":4,"enemies":"Small Slimes","floor":3,"turns":3},{"damage":0,"enemies":"3 Louse","floor":4,"turns":2},{"damage":13,"enemies":"Large Slime","floor":10,"turns":4},{"damage":0,"enemies":"Exordium Wildlife","floor":11,"turns":2},{"damage":3,"enemies":"3 Louse","floor":13,"turns":3},{"damage":8,"enemies":"Lots of Slimes","floor":14,"turns":3},{"damage":0,"enemies":"Slime Boss","floor":16,"turns":6},{"damage":20,"enemies":"Chosen","floor":18,"turns":7},{"damage":16,"enemies":"2 Thieves","floor":19,"turns":5},{"damage":15,"enemies":"Shelled Parasite and Fungi","floor":20,"turns":7},{"damage":13,"enemies":"Book of Stabbing","floor":23,"turns":3}],"seed_played":"-4149579173853583070","potions_obtained":[{"floor":1,"key":"SneckoOil"},{"floor":3,"key":"Explosive Potion"},{"floor":4,"key":"SteroidPotion"},{"floor":11,"key":"Strength Potion"},{"floor":13,"key":"PowerPotion"}],"is_trial":false,"path_per_floor":["M","M","M","M","?","R","?","$","T","M","M","?","M","M","R","B",null,"M","M","M","$","?","E"],"character_chosen":"DEFECT","items_purchased":["White Noise","Membership Card","Self Repair","Coolheaded"],"campfire_rested":1,"item_purchase_floors":[8,21,21,21],"current_hp_per_floor":[55,54,50,50,50,50,39,39,39,26,26,26,23,15,36,36,62,42,26,11,11,11,0],"gold":20,"neow_bonus":"THREE_CARDS","is_prod":false,"is_daily":false,"chose_seed":false,"campfire_upgraded":1,"win_rate":0,"timestamp":1566454787,"path_taken":["M","M","M","M","?","R","?","$","T","M","M","?","M","?","R","BOSS","M","M","M","$","?","E"],"build_version":"2019-07-17","purchased_purges":1,"victory":false,"max_hp_per_floor":[71,71,71,71,71,71,71,71,71,71,71,71,71,71,71,71,71,71,71,71,71,71,71],"card_choices":[{"not_picked":["Gash","Leap"],"picked":"Sweeping Beam","floor":0},{"not_picked":["Undo","Turbo"],"picked":"Loop","floor":1},{"not_picked":["Leap","Sweeping Beam"],"picked":"BootSequence","floor":2},{"not_picked":["Conserve Battery","Redo"],"picked":"Melter","floor":3},{"not_picked":["Compile Driver","Streamline"],"picked":"Beam Cell","floor":4},{"not_picked":["Hyperbeam","Storm"],"picked":"Hologram","floor":10},{"not_picked":["Barrage","Sweeping Beam"],"picked":"Coolheaded","floor":11},{"not_picked":["Leap","Go for the Eyes"],"picked":"Undo","floor":13},{"not_picked":["Doom and Gloom","Beam Cell"],"picked":"Steam","floor":14},{"not_picked":["Hyperbeam","Buffer"],"picked":"Fission","floor":16},{"not_picked":["Sweeping Beam","Cold Snap"],"picked":"Stack","floor":18},{"not_picked":["Redo+1","Sweeping Beam"],"picked":"Reinforced Body+1","floor":19},{"not_picked":["Steam","Redo"],"picked":"Chill","floor":20}],"player_experience":220155,"relics_obtained":[{"floor":9,"key":"War Paint"}],"event_choices":[{"damage_healed":0,"gold_gain":0,"player_choice":"Take Wound","damage_taken":0,"relics_obtained":["Golden Idol"],"max_hp_gain":0,"max_hp_loss":0,"event_name":"Golden Idol","floor":5,"gold_loss":0,"cards_obtained":["Injury"]},{"damage_healed":0,"gold_gain":0,"player_choice":"Success","damage_taken":11,"relics_obtained":["Potion Belt"],"max_hp_gain":0,"max_hp_loss":0,"event_name":"Scrap Ooze","floor":7,"gold_loss":0},{"damage_healed":0,"gold_gain":0,"player_choice":"Upgraded","damage_taken":0,"max_hp_gain":0,"max_hp_loss":0,"event_name":"Upgrade Shrine","floor":12,"gold_loss":0,"cards_upgraded":["Sweeping Beam"]},{"damage_healed":0,"gold_gain":0,"player_choice":"Gave Idol","damage_taken":0,"relics_obtained":["Bloody Idol"],"max_hp_gain":0,"max_hp_loss":0,"event_name":"Forgotten Altar","floor":22,"relics_lost":["Golden Idol"],"gold_loss":0}],"is_beta":false,"boss_relics":[{"not_picked":["Ectoplasm","Philosopher\u0027s Stone"],"picked":"Nuclear Battery"}],"items_purged_floors":[8],"is_endless":false,"potions_floor_spawned":[1,3,4,11,13],"killed_by":"Book of Stabbing","ascension_level":18}