{"gold_per_floor":[118,138,149,149,165,165,165,179,179,179,193,193,203,203,203,303,303,322,322,96,108,208,208,228,262,262,34,49,68,68,83,83,187,237,251,270,45,58,58,58,58,58,58,58,58,70,18,32,32,32],"floor_reached":51,"playtime":5848,"items_purged":["Normality"],"score":661,"play_id":"61bd2417-a9fb-4851-9189-c89c3ec2ebf9","local_time":"20180825160504","is_ascension_mode":false,"campfire_choices":[{"data":"Cloak And Dagger","floor":6.0,"key":"SMITH"},{"floor":10.0,"key":"REST"},{"data":"Neutralize","floor":12.0,"key":"SMITH"},{"floor":15.0,"key":"REST"},{"floor":23.0,"key":"REST"},{"data":"Dash","floor":30.0,"key":"SMITH"},{"data":"Apotheosis","floor":32.0,"key":"SMITH"},{"data":"Infinite Blades","floor":40,"key":"SMITH"},{"floor":42,"key":"REST"},{"data":"Malaise","floor":45,"key":"SMITH"},{"data":"Madness","floor":49,"key":"SMITH"}],"neow_cost":"NONE","seed_source_timestamp":0,"circlet_count":0,"master_deck":["Defend_G","Defend_G","Defend_G","Defend_G+1","Defend_G","Strike_G","Strike_G","Strike_G","Strike_G","Survivor+1","Neutralize+1","Cloak And Dagger+1","Finisher","Leg Sweep+1","Acrobatics","Calculated Gamble","Infinite Blades","Dagger Spray","Malaise+1","PiercingWail","Necronomicurse","Dash+1","Apotheosis+1","Backflip","Bouncing Flask","Crippling Poison+1","Glass Knife","Sucker Punch+1","A Thousand Cuts","Infinite Blades+1","Escape Plan","Skewer+1","Accuracy","Bandage Up","Madness+1","Madness","Acrobatics","PiercingWail"],"special_seed":0,"relics":["Ring of the Snake","Torii","Cursed Key","Necronomicon","The Specimen","Gremlin Horn","Pantograph","Pear","Vajra","Tiny House","ClockworkSouvenir"],"potions_floor_usage":[38,50,50],"damage_taken":[{"damage":12.0,"enemies":"Small Slimes","floor":1.0,"turns":4.0},{"damage":2.0,"enemies":"Jaw Worm","floor":2.0,"turns":6.0},{"damage":1.0,"enemies":"2 Louse","floor":3.0,"turns":3.0},{"damage":18.0,"enemies":"Large Slime","floor":5.0,"turns":12.0},{"damage":7.0,"enemies":"Lots of Slimes","floor":8.0,"turns":8.0},{"damage":0.0,"enemies":"Exordium Thugs","floor":11.0,"turns":4.0},{"damage":12.0,"enemies":"3 Louse","floor":13.0,"turns":4.0},{"damage":7.0,"enemies":"Hexaghost","floor":16.0,"turns":13.0},{"damage":0.0,"enemies":"3 Byrds","floor":18.0,"turns":5.0},{"damage":0.0,"enemies":"Chosen","floor":21.0,"turns":6.0},{"damage":1.0,"enemies":"Colosseum Slavers","floor":22.0,"turns":5.0},{"damage":36.0,"enemies":"Colosseum Nobs","floor":22.0,"turns":5.0},{"damage":7.0,"enemies":"Shelled Parasite and Fungi","floor":24.0,"turns":4.0},{"damage":5.0,"enemies":"Gremlin Leader","floor":25.0,"turns":6.0},{"damage":1.0,"enemies":"3 Cultists","floor":28.0,"turns":5.0},{"damage":0.0,"enemies":"Centurion and Healer","floor":29.0,"turns":5.0},{"damage":0.0,"enemies":"Cultist and Chosen","floor":31.0,"turns":7.0},{"damage":53.0,"enemies":"Champ","floor":33.0,"turns":17.0},{"damage":1,"enemies":"3 Shapes","floor":35,"turns":6},{"damage":8,"enemies":"3 Darklings","floor":36,"turns":5},{"damage":24,"enemies":"Jaw Worm Horde","floor":38,"turns":4},{"damage":23,"enemies":"Maw","floor":46,"turns":7},{"damage":8,"enemies":"3 Darklings","floor":48,"turns":4},{"damage":31,"enemies":"Awakened One","floor":50,"turns":13}],"seed_played":"6626738917005823077","potions_obtained":[{"floor":8.0,"key":"Fire Potion"},{"floor":11.0,"key":"Energy Potion"},{"floor":13.0,"key":"Regen Potion"},{"floor":16.0,"key":"PowerPotion"},{"floor":18.0,"key":"Explosive Potion"},{"floor":28.0,"key":"Poison Potion"},{"floor":31.0,"key":"LiquidBronze"},{"floor":34,"key":"Weak Potion"},{"floor":35,"key":"LiquidBronze"},{"floor":46,"key":"Ancient Potion"},{"floor":48,"key":"Block Potion"}],"is_trial":false,"path_per_floor":["M","M","M","?","M","R","?","M","T","R","M","R","M","?","R","B",null,"M","?","$","M","?","R","M","E","T","$","M","M","R","M","R","B",null,"M","M","$","M","?","R","?","R","T","?","R","M","$","M","R","B"],"character_chosen":"THE_SILENT","items_purchased":["Dash","Apotheosis","Vajra","ClockworkSouvenir","Accuracy","PiercingWail"],"campfire_rested":4,"item_purchase_floors":[20,20,27,37,37,47],"current_hp_per_floor":[65,63,62,62,44,44,44,37,37,60,60,60,48,33,56,49,77,77,61,61,76,39,62,55,50,60,60,59,59,59,59,59,31,92,91,83,83,59,59,59,47,74,74,74,74,57,57,53,53,53],"gold":32,"neow_bonus":"TEN_PERCENT_HP_BONUS","is_prod":false,"is_daily":false,"chose_seed":false,"campfire_upgraded":7,"win_rate":0,"timestamp":1535227504,"path_taken":["M","M","M","?","M","R","?","M","T","R","M","R","?","?","R","BOSS","M","?","$","M","?","R","M","E","T","$","M","M","R","?","R","BOSS","M","M","$","M","?","R","?","R","T","?","R","M","?","?","R","BOSS"],"build_version":"2018-08-23v2","purchased_purges":1,"victory":true,"max_hp_per_floor":[77,77,77,77,77,77,77,77,77,77,77,77,77,77,77,77,77,77,77,77,77,77,77,77,77,87,87,87,87,87,87,87,87,92,92,92,92,92,92,92,92,92,92,92,92,92,92,92,92,92],"card_choices":[{"not_picked":["Deadly Poison","Quick Slash"],"picked":"Cloak And Dagger","floor":1.0},{"not_picked":["Riddle With Holes","Prepared","Bane"],"picked":"SKIP","floor":2.0},{"not_picked":["Deflect","Expertise"],"picked":"Finisher","floor":3.0},{"not_picked":["Catalyst","Eviscerate"],"picked":"Leg Sweep","floor":5.0},{"not_picked":["Heel Hook","Distraction"],"picked":"Calculated Gamble","floor":8.0},{"not_picked":["Sucker Punch","Deadly Poison"],"picked":"Infinite Blades","floor":11.0},{"not_picked":["Blade Dance","Poisoned Stab"],"picked":"Dagger Spray","floor":13.0},{"not_picked":["Die Die Die","Wraith Form v2"],"picked":"Malaise","floor":16.0},{"not_picked":["Dagger Throw","Underhanded Strike+1"],"picked":"PiercingWail","floor":18.0},{"not_picked":["Acrobatics","Dodge and Roll"],"picked":"Backflip","floor":21.0},{"not_picked":["PiercingWail+1","Flying Knee"],"picked":"Bouncing Flask","floor":22.0},{"not_picked":["Bouncing Flask","Quick Slash+1","Flying Knee"],"picked":"SKIP","floor":24.0},{"not_picked":["Leg Sweep+1","Deadly Poison"],"picked":"Crippling Poison","floor":25.0},{"not_picked":["Underhanded Strike","Prepared"],"picked":"Glass Knife","floor":28.0},{"not_picked":["All Out Attack","Deadly Poison","Blade Dance"],"picked":"SKIP","floor":29.0},{"not_picked":["Slice","Dagger Throw"],"picked":"Sucker Punch+1","floor":31.0},{"not_picked":["Unload","Envenom"],"picked":"A Thousand Cuts","floor":33.0},{"not_picked":["Predator","Dagger Throw+1"],"picked":"Infinite Blades","floor":34},{"not_picked":["Dagger Spray","Quick Slash+1"],"picked":"Escape Plan","floor":35},{"not_picked":["Flechettes","Dagger Throw+1"],"picked":"Skewer+1","floor":36},{"not_picked":["Tactician","Reflex+1","Outmaneuver"],"picked":"SKIP","floor":38},{"not_picked":["Slice","Bane"],"picked":"Acrobatics","floor":46},{"not_picked":["Sucker Punch","Wraith Form v2","Expertise+1"],"picked":"SKIP","floor":48}],"player_experience":329685,"relics_obtained":[{"floor":9.0,"key":"Torii"},{"floor":19.0,"key":"Necronomicon"},{"floor":22.0,"key":"The Specimen"},{"floor":22.0,"key":"Gremlin Horn"},{"floor":25.0,"key":"Pantograph"},{"floor":26.0,"key":"Pear"}],"event_choices":[{"event_name":"Liars Game","player_choice":"disagreed","floor":4.0,"damage_taken":0.0},{"event_name":"Transmorgrifier","player_choice":"Transform","floor":7.0,"damage_taken":0.0},{"event_name":"Shining Light","player_choice":"Entered Light","floor":14.0,"damage_taken":0.0},{"event_name":"Cursed Tome","player_choice":"Obtained Book","floor":19.0,"damage_taken":0.0},{"event_name":"Colosseum","player_choice":"Fight","floor":22.0,"damage_taken":0.0},{"event_name":"Colosseum","player_choice":"Fought Nobs","floor":22.0,"damage_taken":0.0},{"event_name":"Match and Keep!","player_choice":"1 cards matched","floor":39,"damage_taken":0},{"event_name":"Winding Halls","player_choice":"Embrace Madness","floor":41,"damage_taken":0},{"event_name":"Upgrade Shrine","player_choice":"Upgraded","floor":44,"damage_taken":0}],"is_beta":true,"boss_relics":[{"not_picked":["Lizard Tail","Runic Pyramid"],"picked":"Cursed Key"},{"not_picked":["Coffee Dripper","Philosopher\u0027s Stone"],"picked":"Tiny House"}],"items_purged_floors":[27],"is_endless":false,"potions_floor_spawned":[8,11,13,16,18,22,28,31,35,46,48],"ascension_level":0}