{"gold_per_floor":[111,111,111,130,148,148,158,158,181,181,194,211,57,88,88,184,184,201,215,228,228,242,269,269,269,269,269,285,285,299,61,61,161,161,176,194,194,44,44,44,55,55,78,90,148,160,191,235,247,259,271,283,75,107,107],"floor_reached":56,"playtime":3362,"items_purged":["Strike_R","Rupture"],"score":1372,"play_id":"4d1fe00d-48cc-4974-a3ac-51bcdb3b9a59","local_time":"20190708182310","is_ascension_mode":false,"campfire_choices":[{"data":"Body Slam","floor":6,"key":"SMITH"},{"data":"Whirlwind","floor":8,"key":"SMITH"},{"floor":10,"key":"RECALL"},{"data":"Power Through","floor":15,"key":"SMITH"},{"floor":24,"key":"REST"},{"data":"Barricade","floor":27,"key":"SMITH"},{"data":"Armaments","floor":29,"key":"SMITH"},{"data":"Power Through","floor":32,"key":"SMITH"},{"data":"Juggernaut","floor":40,"key":"SMITH"},{"data":"Flame Barrier","floor":42,"key":"SMITH"},{"data":"Impervious","floor":44,"key":"SMITH"},{"data":"Shrug It Off","floor":46,"key":"SMITH"},{"data":"Defend_R","floor":49,"key":"SMITH"},{"data":"Defend_R","floor":52,"key":"SMITH"}],"neow_cost":"NONE","seed_source_timestamp":620493238641573,"circlet_count":0,"master_deck":["Defend_R","Defend_R","Defend_R+1","Defend_R+1","Pommel Strike","Evolve","Body Slam+1","Whirlwind+1","Power Through+1","Impervious+1","Barricade+1","Spot Weakness+1","Wild Strike+1","Bloodletting","Warcry+1","Feed","Shrug It Off+1","Armaments+1","Power Through+1","Juggernaut+1","Flame Barrier+1","Madness","Madness","Entrench"],"relics":["Burning Blood","Anchor","Astrolabe","Mummified Hand","Pear","Bottled Tornado","Coffee Dripper","Oddly Smooth Stone","MawBank","FossilizedHelix","Sundial","Lantern"],"potions_floor_usage":[14,16,18,18,28,36,41,55,55,55],"damage_taken":[{"damage":6,"enemies":"Cultist","floor":1,"turns":3},{"damage":0,"enemies":"Small Slimes","floor":4,"turns":2},{"damage":0,"enemies":"2 Louse","floor":5,"turns":4},{"damage":24,"enemies":"Exordium Thugs","floor":7,"turns":6},{"damage":0,"enemies":"Gremlin Gang","floor":11,"turns":2},{"damage":10,"enemies":"Exordium Wildlife","floor":12,"turns":4},{"damage":12,"enemies":"Lagavulin","floor":14,"turns":9},{"damage":42,"enemies":"Hexaghost","floor":16,"turns":13},{"damage":10,"enemies":"2 Thieves","floor":18,"turns":2},{"damage":24,"enemies":"Spheric Guardian","floor":19,"turns":6},{"damage":25,"enemies":"Snecko","floor":20,"turns":5},{"damage":0,"enemies":"Snake Plant","floor":22,"turns":3},{"damage":40,"enemies":"Slavers","floor":23,"turns":8},{"damage":0,"enemies":"3 Cultists","floor":28,"turns":3},{"damage":5,"enemies":"Centurion and Healer","floor":30,"turns":9},{"damage":6,"enemies":"Collector","floor":33,"turns":13},{"damage":0,"enemies":"Orb Walker","floor":35,"turns":4},{"damage":0,"enemies":"3 Shapes","floor":36,"turns":3},{"damage":18,"enemies":"Writhing Mass","floor":41,"turns":9},{"damage":25,"enemies":"2 Orb Walkers","floor":45,"turns":8},{"damage":0,"enemies":"Maw","floor":47,"turns":9},{"damage":0,"enemies":"Reptomancer","floor":48,"turns":10},{"damage":3,"enemies":"Awakened One","floor":50,"turns":16},{"damage":0,"enemies":"Shield and Spear","floor":54,"turns":14},{"damage":0,"enemies":"The Heart","floor":55,"turns":9}],"seed_played":"-1046600916854216124","potions_obtained":[{"floor":3,"key":"AttackPotion"},{"floor":3,"key":"Dexterity Potion"},{"floor":3,"key":"SneckoOil"},{"floor":4,"key":"Strength Potion"},{"floor":7,"key":"Explosive Potion"},{"floor":16,"key":"Fire Potion"},{"floor":20,"key":"SteroidPotion"},{"floor":22,"key":"Weak Potion"},{"floor":33,"key":"Poison Potion"},{"floor":35,"key":"Fire Potion"},{"floor":45,"key":"SkillPotion"},{"floor":48,"key":"AttackPotion"}],"is_trial":false,"path_per_floor":["M","?","?","M","M","R","M","R","T","R","M","M","$","E","R","B",null,"M","M","M","?","M","E","R","?","T","R","M","R","M","$","R","B",null,"M","M","?","$","?","R","M","R","T","R","?","R","M","E","R","B",null,"R","$","E","B",null],"character_chosen":"IRONCLAD","items_purchased":["Power Through","Bottled Tornado","Oddly Smooth Stone","Entrench","PowerPotion"],"campfire_rested":1,"item_purchase_floors":[13,31,38,53,53],"current_hp_per_floor":[88,81,81,87,88,88,70,70,70,70,76,72,72,66,66,30,88,84,66,47,47,53,22,49,49,59,59,65,65,66,66,66,66,101,101,101,88,88,88,88,76,76,76,76,57,57,63,73,73,79,108,108,108,112,112],"gold":107,"neow_bonus":"TEN_PERCENT_HP_BONUS","is_prod":false,"is_daily":false,"chose_seed":false,"campfire_upgraded":12,"win_rate":0,"timestamp":1562577790,"path_taken":["M","?","?","?","M","R","M","R","T","R","M","M","$","E","R","BOSS","M","M","M","?","M","E","R","?","T","R","?","R","M","$","R","BOSS","M","?","?","$","?","R","?","R","T","R","?","R","M","E","R","BOSS","R","$","E","BOSS"],"build_version":"2019-07-05","purchased_purges":2,"victory":true,"max_hp_per_floor":[88,88,88,88,88,88,88,88,88,88,88,88,88,88,88,88,88,88,88,88,88,88,91,91,91,101,101,101,101,101,101,101,101,101,101,101,101,101,101,101,101,101,101,101,101,101,101,105,105,108,108,108,108,112,112],"card_choices":[{"not_picked":["Perfected Strike","Corruption"],"picked":"Pommel Strike","floor":1},{"not_picked":["Warcry","Twin Strike"],"picked":"Evolve","floor":4},{"not_picked":["Reckless Charge","Clash"],"picked":"Body Slam","floor":5},{"not_picked":["Headbutt","Heavy Blade"],"picked":"Whirlwind","floor":7},{"not_picked":["Second Wind","Perfected Strike","Havoc"],"picked":"SKIP","floor":11},{"not_picked":["Clothesline","Pummel","Rage"],"picked":"SKIP","floor":12},{"not_picked":["Fire Breathing","Combust"],"picked":"Impervious","floor":14},{"not_picked":["Demon Form","Exhume"],"picked":"Barricade","floor":16},{"not_picked":["Cleave","Perfected Strike","Havoc"],"picked":"SKIP","floor":18},{"not_picked":["Heavy Blade","Twin Strike"],"picked":"Bloodletting","floor":19},{"not_picked":["Cleave","Flex"],"picked":"Warcry+1","floor":20},{"not_picked":["Anger","Clothesline+1"],"picked":"Shrug It Off","floor":22},{"not_picked":["Second Wind","Clothesline","Wild Strike"],"picked":"SKIP","floor":23},{"not_picked":["Heavy Blade","Dropkick"],"picked":"Armaments","floor":28},{"not_picked":["Perfected Strike","Clothesline+1"],"picked":"Power Through","floor":30},{"not_picked":["Offering","Berserk"],"picked":"Juggernaut","floor":33},{"not_picked":["Fire Breathing","Havoc+1","Dropkick"],"picked":"SKIP","floor":35},{"not_picked":["Wild Strike+1","Shockwave"],"picked":"Flame Barrier","floor":36},{"not_picked":["Twin Strike+1","Heavy Blade","Wild Strike+1"],"picked":"SKIP","floor":41},{"not_picked":["Corruption+1","Clash+1","Twin Strike+1"],"picked":"SKIP","floor":47},{"not_picked":["Sentinel","Dual Wield+1","Seeing Red"],"picked":"SKIP","floor":48},{"not_picked":["Fire Breathing","Sever Soul","Bludgeon"],"picked":"SKIP","floor":54}],"player_experience":90650,"relics_obtained":[{"floor":14,"key":"Anchor"},{"floor":23,"key":"Mummified Hand"},{"floor":26,"key":"Pear"},{"floor":43,"key":"MawBank"},{"floor":45,"key":"FossilizedHelix"},{"floor":48,"key":"Sundial"},{"floor":54,"key":"Lantern"}],"event_choices":[{"cards_removed":["Strike_R"],"damage_healed":0,"gold_gain":0,"player_choice":"Card Removal","damage_taken":7,"max_hp_gain":0,"max_hp_loss":0,"event_name":"Golden Wing","floor":2,"gold_loss":0},{"damage_healed":0,"gold_gain":0,"player_choice":"Got Potions","damage_taken":0,"max_hp_gain":0,"max_hp_loss":0,"event_name":"Lab","floor":3,"gold_loss":0},{"damage_healed":0,"gold_gain":0,"player_choice":"Read","damage_taken":0,"max_hp_gain":0,"max_hp_loss":0,"event_name":"The Library","floor":21,"gold_loss":0,"cards_obtained":["Feed"]},{"damage_healed":0,"gold_gain":0,"cards_transformed":["Perfected Strike"],"player_choice":"Transformed","damage_taken":0,"max_hp_gain":0,"max_hp_loss":0,"event_name":"Transmorgrifier","floor":25,"gold_loss":0,"cards_obtained":["Rupture"]},{"damage_healed":0,"gold_gain":0,"player_choice":"Embrace Madness","damage_taken":13,"max_hp_gain":0,"max_hp_loss":0,"event_name":"Winding Halls","floor":37,"gold_loss":0,"cards_obtained":["Madness","Madness"]},{"cards_removed":["Strike_R"],"damage_healed":0,"gold_gain":0,"player_choice":"Purged","damage_taken":0,"max_hp_gain":0,"max_hp_loss":0,"event_name":"Purifier","floor":39,"gold_loss":0},{"damage_healed":0,"gold_gain":0,"player_choice":"Fight","damage_taken":0,"max_hp_gain":0,"max_hp_loss":0,"event_name":"Mysterious Sphere","floor":45,"gold_loss":0}],"is_beta":false,"boss_relics":[{"not_picked":["White Beast Statue","Philosopher\u0027s Stone"],"picked":"Astrolabe"},{"not_picked":["Black Star","Runic Pyramid"],"picked":"Coffee Dripper"}],"items_purged_floors":[13,53],"is_endless":false,"potions_floor_spawned":[4,7,16,20,22,33,35,45,48],"ascension_level":0}