{"gold_per_floor":[112,123,134,148,148,148,173,173,173,5,24,24,57,74,74,179,179,159,90,90,106,125,125],"floor_reached":23,"playtime":753,"items_purged":[],"score":284,"play_id":"fd74120a-92fb-4b74-ad88-844e02a1b16e","local_time":"20190826212721","is_ascension_mode":true,"campfire_choices":[{"data":"Flame Barrier","floor":6,"key":"SMITH"},{"data":"Wild Strike","floor":8,"key":"SMITH"},{"data":"Perfected Strike","floor":12,"key":"SMITH"},{"data":"Barricade","floor":15,"key":"SMITH"}],"neow_cost":"NONE","seed_source_timestamp":550885594725200,"circlet_count":0,"master_deck":["Strike_R","Strike_R+1","Strike_R+1","Strike_R","Strike_R","Defend_R","Defend_R","Defend_R","Defend_R","Bash+1","Pommel Strike","Wild Strike+1","Flame Barrier+1","Battle Trance","Reaper","Flash of Steel","Flame Barrier","Perfected Strike+1","Barricade+1","True Grit","Shrug It Off","Dual Wield","Wild Strike","Perfected Strike"],"relics":["Burning Blood","Dream Catcher","Singing Bowl","Paper Frog","Whetstone","Black Star"],"potions_floor_usage":[7,14,22,23],"damage_taken":[{"damage":4,"enemies":"2 Louse","floor":1,"turns":4},{"damage":0,"enemies":"Small Slimes","floor":2,"turns":3},{"damage":2,"enemies":"Jaw Worm","floor":3,"turns":3},{"damage":9,"enemies":"Blue Slaver","floor":4,"turns":4},{"damage":18,"enemies":"Gremlin Nob","floor":7,"turns":4},{"damage":11,"enemies":"3 Louse","floor":11,"turns":3},{"damage":15,"enemies":"3 Sentries","floor":13,"turns":6},{"damage":6,"enemies":"Exordium Wildlife","floor":14,"turns":3},{"damage":57,"enemies":"Slime Boss","floor":16,"turns":11},{"damage":17,"enemies":"2 Thieves","floor":18,"turns":4},{"damage":7,"enemies":"Spheric Guardian","floor":21,"turns":4},{"damage":51,"enemies":"Shelled Parasite and Fungi","floor":22,"turns":5},{"damage":39,"enemies":"Slavers","floor":23,"turns":2}],"seed_played":"-3844232353727406711","potions_obtained":[{"floor":2,"key":"SteroidPotion"},{"floor":4,"key":"Poison Potion"},{"floor":13,"key":"Fruit Juice"},{"floor":18,"key":"Ancient Potion"},{"floor":22,"key":"AttackPotion"}],"is_trial":false,"path_per_floor":["M","M","M","M","?","R","E","R","T","$","M","R","E","M","R","B",null,"M","$","?","M","M","E"],"character_chosen":"IRONCLAD","items_purchased":["Flash of Steel","Flame Barrier","Dual Wield"],"campfire_rested":0,"item_purchase_floors":[10,10,19],"current_hp_per_floor":[74,80,80,77,74,74,62,62,62,62,69,69,60,69,69,32,73,69,69,69,68,23,0],"gold":125,"neow_bonus":"UPGRADE_CARD","is_prod":false,"is_daily":false,"chose_seed":false,"campfire_upgraded":4,"win_rate":0,"timestamp":1566822441,"path_taken":["M","M","M","M","?","R","E","R","T","$","M","R","E","M","R","BOSS","M","$","?","M","M","E"],"build_version":"2019-07-17","purchased_purges":0,"victory":false,"max_hp_per_floor":[80,80,80,80,80,80,80,80,80,80,80,80,80,85,85,87,87,87,87,87,87,87,87],"card_choices":[{"not_picked":["Clash","Anger"],"picked":"Pommel Strike","floor":1},{"not_picked":["Hemokinesis","True Grit"],"picked":"Wild Strike","floor":2},{"not_picked":["Armaments","Whirlwind"],"picked":"Flame Barrier","floor":3},{"not_picked":["Clothesline","Iron Wave"],"picked":"Battle Trance","floor":4},{"not_picked":["Pommel Strike","Intimidate"],"picked":"Reaper","floor":7},{"not_picked":["Heavy Blade","Sword Boomerang"],"picked":"Perfected Strike","floor":11},{"not_picked":["Clash","Clothesline"],"picked":"Barricade","floor":13},{"not_picked":["Heavy Blade","Seeing Red"],"picked":"True Grit","floor":14},{"not_picked":["Limit Break","Bludgeon","Reaper"],"picked":"Singing Bowl","floor":16},{"not_picked":["Ghostly Armor","Clothesline"],"picked":"Shrug It Off","floor":18},{"not_picked":["Heavy Blade","Warcry"],"picked":"Wild Strike","floor":21},{"not_picked":["Shockwave","Infernal Blade+1"],"picked":"Perfected Strike","floor":22}],"player_experience":258705,"relics_obtained":[{"floor":7,"key":"Singing Bowl"},{"floor":9,"key":"Paper Frog"},{"floor":13,"key":"Whetstone"}],"event_choices":[{"damage_healed":0,"gold_gain":0,"player_choice":"Success","damage_taken":3,"relics_obtained":["Dream Catcher"],"max_hp_gain":0,"max_hp_loss":0,"event_name":"Scrap Ooze","floor":5,"gold_loss":0},{"damage_healed":0,"gold_gain":0,"player_choice":"Ignored","damage_taken":0,"max_hp_gain":0,"max_hp_loss":0,"event_name":"Ghosts","floor":20,"gold_loss":0}],"is_beta":false,"boss_relics":[{"not_picked":["Runic Dome","Ectoplasm"],"picked":"Black Star"}],"items_purged_floors":[],"is_endless":false,"potions_floor_spawned":[2,4,13,18,22],"killed_by":"Slavers","ascension_level":8}