{"gold_per_floor":[117,128,146,160,160,172,198,4,49,68,84,84,84,101,101,198,198,216,233,0,0,17,17,34,53,79,4,4,4,20,47,47,47],"floor_reached":33,"playtime":1745,"items_purged":["Strike_B"],"score":355,"play_id":"f4b0d932-c552-4b25-8c15-f169b31b1170","local_time":"20190814210109","is_ascension_mode":true,"campfire_choices":[{"data":"Zap","floor":12,"key":"SMITH"},{"data":"Beam Cell","floor":15,"key":"SMITH"},{"data":"Creative AI","floor":23,"key":"SMITH"},{"data":"Chaos","floor":29,"key":"SMITH"},{"data":"Coolheaded","floor":32,"key":"SMITH"}],"neow_cost":"NONE","seed_source_timestamp":373370264521300,"circlet_count":0,"master_deck":["Strike_B","Strike_B","Defend_B","Defend_B","Defend_B","Defend_B","Zap+1","Dualcast","FTL","Steam","Beam Cell+1","Chaos+1","Seek","Panacea","Hologram","FTL","Chill","Coolheaded+1","Loop","Creative AI+1","Redo+1","Go for the Eyes","Compile Driver","Seek","Reinforced Body+1","Streamline","Ball Lightning+1","Steam"],"relics":["Inserter","Juzu Bracelet","Lee\u0027s Waffle","Blood Vial","Coffee Dripper","ClockworkSouvenir","Pen Nib","The Courier"],"potions_floor_usage":[7,7,16,16,22,24,25,30],"damage_taken":[{"damage":8,"enemies":"2 Louse","floor":1,"turns":3},{"damage":1,"enemies":"Cultist","floor":2,"turns":3},{"damage":4,"enemies":"Small Slimes","floor":3,"turns":3},{"damage":1,"enemies":"Looter","floor":4,"turns":3},{"damage":9,"enemies":"2 Fungi Beasts","floor":6,"turns":3},{"damage":28,"enemies":"Lagavulin","floor":7,"turns":5},{"damage":2,"enemies":"Gremlin Gang","floor":10,"turns":7},{"damage":10,"enemies":"Lots of Slimes","floor":11,"turns":6},{"damage":6,"enemies":"2 Fungi Beasts","floor":14,"turns":4},{"damage":43,"enemies":"Hexaghost","floor":16,"turns":10},{"damage":21,"enemies":"Spheric Guardian","floor":18,"turns":6},{"damage":6,"enemies":"Chosen","floor":19,"turns":8},{"damage":12,"enemies":"Centurion and Healer","floor":22,"turns":8},{"damage":10,"enemies":"3 Cultists","floor":24,"turns":6},{"damage":0,"enemies":"Snake Plant","floor":25,"turns":5},{"damage":1,"enemies":"Snecko","floor":30,"turns":4},{"damage":38,"enemies":"Slavers","floor":31,"turns":6},{"damage":14,"enemies":"Automaton","floor":33,"turns":2}],"seed_played":"7268990738446214569","potions_obtained":[{"floor":2,"key":"PowerPotion"},{"floor":3,"key":"FearPotion"},{"floor":4,"key":"SteroidPotion"},{"floor":7,"key":"FearPotion"},{"floor":11,"key":"SpeedPotion"},{"floor":16,"key":"SteroidPotion"},{"floor":18,"key":"Strength Potion"},{"floor":25,"key":"Regen Potion"},{"floor":30,"key":"Ancient Potion"}],"is_trial":false,"path_per_floor":["M","M","M","M","?","M","E","$","T","M","M","R","?","M","R","B",null,"M","M","$","?","M","R","M","M","T","$","?","R","M","E","R","B"],"character_chosen":"DEFECT","items_purchased":["Lee\u0027s Waffle","ClockworkSouvenir","Compile Driver"],"campfire_rested":0,"item_purchase_floors":[8,20,20],"current_hp_per_floor":[60,59,55,54,54,45,17,82,82,80,72,72,72,68,68,27,68,49,45,45,45,35,35,27,29,29,29,29,29,42,6,6,0],"gold":47,"neow_bonus":"BOSS_RELIC","is_prod":false,"is_daily":false,"chose_seed":false,"campfire_upgraded":5,"win_rate":0,"timestamp":1565784069,"path_taken":["M","M","M","M","?","M","E","?","T","M","M","R","?","M","R","BOSS","M","M","$","?","M","R","M","M","T","?","?","R","M","E","R","BOSS"],"build_version":"2019-07-17","purchased_purges":1,"victory":false,"max_hp_per_floor":[75,75,75,75,75,75,75,82,82,82,82,82,82,82,82,82,82,82,82,82,82,82,82,82,82,82,82,82,82,82,82,82,82],"card_choices":[{"not_picked":["Leap","Static Discharge"],"picked":"FTL","floor":1},{"not_picked":["Turbo","Storm"],"picked":"Steam","floor":2},{"not_picked":["Skim","Lockon"],"picked":"Beam Cell","floor":3},{"not_picked":["Hello World","Melter"],"picked":"Chaos","floor":4},{"not_picked":["Gash","Rebound"],"picked":"Hologram","floor":6},{"not_picked":["Steam Power","Doom and Gloom"],"picked":"FTL","floor":7},{"not_picked":["Gash","Scrape"],"picked":"Chill","floor":10},{"not_picked":["Recycle","Auto Shields"],"picked":"Coolheaded","floor":11},{"not_picked":["Steam Power","Capacitor"],"picked":"Loop","floor":14},{"not_picked":["Thunder Strike","Amplify"],"picked":"Creative AI","floor":16},{"not_picked":["Sweeping Beam","Leap"],"picked":"Redo+1","floor":18},{"not_picked":["Steam","Compile Driver"],"picked":"Go for the Eyes","floor":19},{"not_picked":["Beam Cell","FTL+1","Gash"],"picked":"SKIP","floor":22},{"not_picked":["Fusion","Fission"],"picked":"Reinforced Body+1","floor":24},{"not_picked":["Aggregate","Genetic Algorithm"],"picked":"Streamline","floor":25},{"not_picked":["Doom and Gloom","White Noise"],"picked":"Ball Lightning+1","floor":30},{"not_picked":["Doom and Gloom+1","Rebound"],"picked":"Steam","floor":31}],"player_experience":145603,"relics_obtained":[{"floor":7,"key":"Juzu Bracelet"},{"floor":9,"key":"Blood Vial"},{"floor":26,"key":"Pen Nib"},{"floor":31,"key":"The Courier"}],"event_choices":[{"damage_healed":0,"gold_gain":0,"player_choice":"2 cards matched","damage_taken":0,"max_hp_gain":0,"max_hp_loss":0,"event_name":"Match and Keep!","floor":5,"gold_loss":0,"cards_obtained":["Seek","Panacea"]},{"cards_removed":["Strike_B"],"damage_healed":0,"gold_gain":0,"player_choice":"Purged","damage_taken":0,"max_hp_gain":0,"max_hp_loss":0,"event_name":"Purifier","floor":13,"gold_loss":0},{"damage_healed":0,"gold_gain":0,"player_choice":"Copied","damage_taken":0,"max_hp_gain":0,"max_hp_loss":0,"event_name":"Duplicator","floor":21,"gold_loss":0,"cards_obtained":["Seek"]}],"is_beta":false,"boss_relics":[{"not_picked":["Tiny House","Velvet Choker"],"picked":"Coffee Dripper"}],"items_purged_floors":[27],"is_endless":false,"potions_floor_spawned":[2,3,4,6,7,11,16,18,25,30],"killed_by":"Automaton","ascension_level":6}