{"gold_per_floor":[116,116,128,142,92,92,117,136,136,136,61,61,74,106,106,106],"floor_reached":16,"playtime":473,"items_purged":["Defend_G"],"score":116,"play_id":"5ad41c77-cff9-4279-8e3c-91121c19f681","local_time":"20190825100404","is_ascension_mode":true,"campfire_choices":[{"data":"Neutralize","floor":6.0,"key":"SMITH"},{"data":"Strike_G","floor":12,"key":"SMITH"},{"data":"Strike_G","floor":15,"key":"SMITH"}],"neow_cost":"NONE","seed_source_timestamp":0,"circlet_count":0,"master_deck":["Strike_G","Strike_G+1","Strike_G+1","Strike_G","Defend_G","Defend_G","Survivor","Neutralize+1","Finisher+1","Tactician"],"special_seed":0,"relics":["Coffee Dripper","Dodecahedron","Molten Egg 2","Ornamental Fan"],"potions_floor_usage":[16],"damage_taken":[{"damage":1.0,"enemies":"Jaw Worm","floor":1.0,"turns":4.0},{"damage":0.0,"enemies":"Cultist","floor":3.0,"turns":4.0},{"damage":0.0,"enemies":"Small Slimes","floor":4.0,"turns":4.0},{"damage":16.0,"enemies":"Lagavulin","floor":7.0,"turns":9.0},{"damage":1.0,"enemies":"2 Fungi Beasts","floor":8.0,"turns":3.0},{"damage":4,"enemies":"Exordium Thugs","floor":13,"turns":4},{"damage":19,"enemies":"3 Sentries","floor":14,"turns":7},{"damage":31,"enemies":"Hexaghost","floor":16,"turns":13}],"seed_played":"1366","potions_obtained":[{"floor":1.0,"key":"Energy Potion"},{"floor":14,"key":"SpeedPotion"}],"is_trial":false,"path_per_floor":["M","?","M","M","?","R","E","M","T","?","$","R","M","E","R","B"],"character_chosen":"THE_SILENT","items_purchased":[],"campfire_rested":0,"item_purchase_floors":[],"current_hp_per_floor":[69,69,69,69,69,69,53,52,52,52,52,52,48,29,29,0],"gold":106,"neow_bonus":"BOSS_RELIC","is_prod":false,"is_daily":false,"chose_seed":false,"campfire_upgraded":3,"win_rate":0,"timestamp":1566752644,"path_taken":["M","?","?","M","?","R","E","M","T","?","$","R","M","E","R","BOSS"],"build_version":"2019-08-23","purchased_purges":1,"victory":false,"max_hp_per_floor":[70,70,70,70,70,70,70,70,70,70,70,70,70,70,70,70],"card_choices":[{"not_picked":["Bane","Prepared","Outmaneuver"],"picked":"SKIP","floor":7.0},{"not_picked":["Deflect","Outmaneuver"],"picked":"Tactician","floor":13},{"not_picked":["Dagger Throw+1","Quick Slash+1","Setup"],"picked":"SKIP","floor":14}],"player_experience":1440227,"relics_obtained":[{"floor":7.0,"key":"Dodecahedron"},{"floor":9.0,"key":"Molten Egg 2"},{"floor":14,"key":"Ornamental Fan"}],"event_choices":[{"cards_removed":["Defend_G"],"damage_healed":0.0,"max_hp_gain":0.0,"max_hp_loss":0.0,"gold_gain":0.0,"event_name":"Purifier","player_choice":"Purged","floor":2.0,"gold_loss":0.0,"damage_taken":0.0},{"cards_removed":["Defend_G"],"damage_healed":0.0,"max_hp_gain":0.0,"max_hp_loss":0.0,"gold_gain":0.0,"event_name":"The Cleric","player_choice":"Card Removal","floor":5.0,"gold_loss":50.0,"damage_taken":0.0},{"damage_healed":0,"gold_gain":0,"cards_transformed":["Strike_G"],"player_choice":"Transformed","damage_taken":0,"max_hp_gain":0,"max_hp_loss":0,"event_name":"Transmorgrifier","floor":10,"gold_loss":0,"cards_obtained":["Finisher"]}],"is_beta":true,"boss_relics":[],"items_purged_floors":[11],"is_endless":false,"potions_floor_spawned":[1,14],"killed_by":"Hexaghost","ascension_level":1}