{"gold_per_floor":[112,112,37,48,64,97,97,97,97,97,127,138,138,153,153,256,256,266,1,91,105,124,124,339,339,339,358,378,378,25,56,56,158,158,170,180,180,180,190,190,0,0,0,0,12,25,25,25,25,25],"floor_reached":51,"playtime":4418,"items_purged":["Doubt"],"score":803,"play_id":"88a9f4bf-0fbf-4284-8390-fcfc24568b36","local_time":"20180711170207","is_ascension_mode":true,"campfire_choices":[{"floor":7.0,"key":"REST"},{"data":"Neutralize","floor":10.0,"key":"SMITH"},{"data":"Calculated Gamble","floor":15.0,"key":"SMITH"},{"floor":23.0,"key":"REST"},{"data":"Tools of the Trade","floor":25.0,"key":"SMITH"},{"data":"Tools of the Trade","floor":29.0,"key":"SMITH"},{"data":"Cloak And Dagger","floor":32.0,"key":"SMITH"},{"data":"Noxious Fumes","floor":42,"key":"SMITH"},{"data":"Envenom","floor":44,"key":"SMITH"},{"floor":49,"key":"REST"}],"neow_cost":"CURSE","seed_source_timestamp":2400311005731104,"circlet_count":0,"master_deck":["Defend_G","Defend_G","Defend_G","Defend_G","Defend_G","Strike_G","Strike_G","Strike_G","Strike_G","Survivor","Neutralize+1","Cloak And Dagger+1","Calculated Gamble+1","Dagger Spray","Infinite Blades","Tools of the Trade+1","Dash","Tools of the Trade+1","Reflex+1","Dagger Spray","Malaise+1","Finisher","Eviscerate","Backstab+1","Calculated Gamble+1","Envenom+1","Acrobatics+1","Backflip+1","Noxious Fumes+1","PiercingWail+1","PiercingWail+1"],"special_seed":0,"relics":["Ring of the Serpent","Thread and Needle","Toxic Egg 2","GremlinMask","Mummified Hand","Tough Bandages","Mercury Hourglass","Old Coin","Snake Skull","Lee\u0027s Waffle","Singing Bowl","Potion Belt","HoveringKite","Incense Burner","Red Mask","Vajra"],"potions_floor_usage":[36,40,50],"damage_taken":[{"damage":9.0,"enemies":"Jaw Worm","floor":1.0,"turns":10.0},{"damage":0.0,"enemies":"Cultist","floor":4.0,"turns":4.0},{"damage":0.0,"enemies":"Small Slimes","floor":5.0,"turns":3.0},{"damage":22.0,"enemies":"Gremlin Nob","floor":6.0,"turns":6.0},{"damage":3.0,"enemies":"3 Sentries","floor":11.0,"turns":8.0},{"damage":2.0,"enemies":"Gremlin Gang","floor":12.0,"turns":4.0},{"damage":0.0,"enemies":"Red Slaver","floor":14.0,"turns":3.0},{"damage":11.0,"enemies":"Hexaghost","floor":16.0,"turns":16.0},{"damage":9.0,"enemies":"3 Byrds","floor":18.0,"turns":5.0},{"damage":0.0,"enemies":"Shell Parasite","floor":21.0,"turns":6.0},{"damage":1.0,"enemies":"3 Cultists","floor":22.0,"turns":6.0},{"damage":11.0,"enemies":"Chosen and Byrds","floor":27.0,"turns":6.0},{"damage":0.0,"enemies":"Centurion and Healer","floor":28.0,"turns":7.0},{"damage":6.0,"enemies":"Gremlin Leader","floor":31.0,"turns":8.0},{"damage":25.0,"enemies":"Collector","floor":33.0,"turns":15.0},{"damage":1,"enemies":"Flame Bruiser 1 Orb","floor":35,"turns":5},{"damage":14,"enemies":"3 Shapes","floor":36,"turns":3},{"damage":2,"enemies":"Transient","floor":39,"turns":5},{"damage":0,"enemies":"2 Orb Walkers","floor":40,"turns":1},{"damage":0,"enemies":"Flame Bruiser 2 Orb","floor":45,"turns":5},{"damage":7,"enemies":"Sphere and 2 Shapes","floor":46,"turns":5},{"damage":0,"enemies":"Donu and Deca","floor":50,"turns":7}],"seed_played":"1821062900351465350","potions_obtained":[{"floor":6.0,"key":"Regen Potion"},{"floor":11.0,"key":"SkillPotion"},{"floor":12.0,"key":"Weak Potion"},{"floor":13.0,"key":"Explosive Potion"},{"floor":13.0,"key":"SpeedPotion"},{"floor":18.0,"key":"EssenceOfSteel"},{"floor":27.0,"key":"Swift Potion"},{"floor":31.0,"key":"Weak Potion"},{"floor":33,"key":"EssenceOfSteel"},{"floor":36,"key":"SmokeBomb"},{"floor":39,"key":"Fire Potion"}],"is_trial":false,"path_per_floor":["M","?","$","M","M","E","R","?","T","R","E","M","?","M","R","B",null,"M","$","?","M","M","R","?","R","T","M","M","R","$","E","R","B",null,"M","M","?","T","M","E","?","R","T","R","M","M","?","$","R","B"],"character_chosen":"THE_SILENT","items_purchased":["Mercury Hourglass","Dagger Spray","Lee\u0027s Waffle","Singing Bowl"],"campfire_rested":3,"item_purchase_floors":[19,19,30,30],"current_hp_per_floor":[61,61,61,61,61,39,60,60,60,60,70,68,68,68,68,57,70,61,61,47,47,46,67,67,67,67,56,56,56,77,71,71,46,77,76,62,62,62,60,60,60,60,60,60,60,53,53,53,76,76],"gold":25,"neow_bonus":"ONE_RARE_RELIC","is_prod":false,"is_daily":false,"chose_seed":false,"campfire_upgraded":7,"win_rate":0,"timestamp":1531342927,"path_taken":["M","?","$","M","M","E","R","?","T","R","E","M","?","M","R","BOSS","M","$","?","M","?","R","?","R","T","?","M","R","$","E","R","BOSS","BOSS","M","M","?","?","M","E","?","R","T","R","?","?","?","$","R","BOSS"],"build_version":"2018-07-10","purchased_purges":1,"victory":true,"max_hp_per_floor":[70,70,70,70,70,70,70,70,70,70,70,70,70,70,70,70,70,70,70,70,70,70,70,70,70,70,70,70,70,77,77,77,77,77,77,77,77,77,77,77,77,77,77,77,77,77,77,77,77,77],"card_choices":[{"not_picked":["Deadly Poison","Dagger Throw"],"picked":"Cloak And Dagger","floor":1.0},{"not_picked":["Terror","Setup"],"picked":"Calculated Gamble","floor":4.0},{"not_picked":["Underhanded Strike","Venomology"],"picked":"Dagger Spray","floor":5.0},{"not_picked":["Slice","Eviscerate"],"picked":"Infinite Blades","floor":6.0},{"not_picked":["Slice","Underhanded Strike"],"picked":"Tools of the Trade","floor":11.0},{"not_picked":["Terror+1","Blur+1"],"picked":"Dash","floor":12.0},{"not_picked":["Heel Hook","Flechettes","Slice"],"picked":"SKIP","floor":14.0},{"not_picked":["A Thousand Cuts","Bullet Time+1"],"picked":"Tools of the Trade","floor":16.0},{"not_picked":["Dagger Spray","Slice"],"picked":"Reflex+1","floor":18.0},{"not_picked":["Sucker Punch+1","Heel Hook"],"picked":"Malaise+1","floor":21.0},{"not_picked":["Sucker Punch","Acrobatics+1"],"picked":"Finisher","floor":22.0},{"not_picked":["Dodge and Roll+1","Poisoned Stab+1"],"picked":"Eviscerate","floor":27.0},{"not_picked":["Deadly Poison+1","Deflect+1"],"picked":"Backstab+1","floor":28.0},{"not_picked":["Deflect+1","Caltrops"],"picked":"Calculated Gamble+1","floor":31.0},{"not_picked":["Unload","Die Die Die"],"picked":"Envenom","floor":33},{"not_picked":["Quick Slash+1","Bane"],"picked":"Acrobatics+1","floor":35},{"not_picked":["Bane+1","Setup+1"],"picked":"Backflip+1","floor":36},{"not_picked":["Prepared+1","Bane+1"],"picked":"Noxious Fumes","floor":39},{"not_picked":["Storm of Steel+1","Well Laid Plans+1"],"picked":"PiercingWail+1","floor":45},{"not_picked":["Terror+1","Dagger Throw+1"],"picked":"PiercingWail+1","floor":46}],"player_experience":257166,"relics_obtained":[{"floor":6.0,"key":"Toxic Egg 2"},{"floor":9.0,"key":"Mummified Hand"},{"floor":11.0,"key":"Tough Bandages"},{"floor":26.0,"key":"Snake Skull"},{"floor":31.0,"key":"Potion Belt"},{"floor":38,"key":"Incense Burner"},{"floor":43,"key":"Vajra"}],"event_choices":[{"event_name":"Liars Game","player_choice":"disagreed","floor":2.0,"damage_taken":0.0},{"event_name":"FaceTrader","player_choice":"Trade","floor":8.0,"damage_taken":0.0},{"event_name":"The Lab","player_choice":"Got Potions","floor":13.0,"damage_taken":0.0},{"event_name":"Knowing Skull","player_choice":"GOLD ","floor":20.0,"damage_taken":0.0},{"event_name":"Addict","player_choice":"Obtained Relic","floor":24.0,"damage_taken":0.0},{"event_name":"Purifier","player_choice":"One Purge","floor":37,"damage_taken":0},{"event_name":"Tomb of Lord Red Mask","player_choice":"Paid","floor":41,"damage_taken":0},{"event_name":"Mysterious Sphere","player_choice":"Ignore","floor":47,"damage_taken":0}],"boss_relics":[{"not_picked":["Orrery","Tiny House"],"picked":"Ring of the Serpent"},{"not_picked":["Philosopher\u0027s Stone","Black Star"],"picked":"HoveringKite"}],"items_purged_floors":[3],"is_endless":false,"potions_floor_spawned":[6,11,12,14,18,27,31,33,36,39,40],"ascension_level":2}