{"gold_per_floor":[114,33,33,33,0,0,35,35,89,122,1,18,29,45,45,122,122,135,135,60,79,4,4,4,4,4,4,24,1,1],"floor_reached":30,"playtime":605,"items_purged":["Strike_B"],"score":541,"play_id":"aaf76c7a-5272-43d3-adf2-03443ffc1925","local_time":"20180807162600","is_ascension_mode":true,"campfire_choices":[{"data":"Loop","floor":6,"key":"SMITH"},{"data":"Go for the Eyes","floor":15,"key":"SMITH"},{"data":"Buffer","floor":24,"key":"SMITH"},{"data":"Coolheaded","floor":27,"key":"SMITH"}],"neow_cost":"NONE","seed_source_timestamp":730697387861411,"circlet_count":0,"master_deck":["Strike_B+1","Strike_B+1","Strike_B+1","Defend_B+1","Defend_B+1","Defend_B+1","Defend_B+1","Zap","Dualcast","AscendersBane","Go for the Eyes+1","Loop+1","BootSequence","Conserve Battery","Doom and Gloom","Static Discharge","Streamline","FTL","Coolheaded+1","FTL","Buffer+1","Hello World+1","Hello World+1","Hologram","Cold Snap"],"relics":["Cracked Core","NeowsBlessing","Anchor","Omamori","Orichalcum","Snecko Eye","Letter Opener"],"potions_floor_usage":[30],"damage_taken":[{"damage":0,"enemies":"Cultist","floor":1,"turns":1},{"damage":0,"enemies":"Lagavulin","floor":7,"turns":1},{"damage":0,"enemies":"Gremlin Nob","floor":10,"turns":1},{"damage":0,"enemies":"2 Louse","floor":12,"turns":2},{"damage":1,"enemies":"Small Slimes","floor":13,"turns":4},{"damage":4,"enemies":"Looter","floor":14,"turns":3},{"damage":30,"enemies":"Hexaghost","floor":16,"turns":8},{"damage":12,"enemies":"Spheric Guardian","floor":18,"turns":5},{"damage":10,"enemies":"2 Thieves","floor":21,"turns":4},{"damage":3,"enemies":"3 Cultists","floor":28,"turns":5},{"damage":37,"enemies":"Slavers","floor":30,"turns":5}],"seed_played":"-6238347749521095137","potions_obtained":[{"floor":7,"key":"FearPotion"},{"floor":12,"key":"FearPotion"},{"floor":16,"key":"FocusPotion"}],"is_trial":false,"path_per_floor":["M","$","?","?","$","R","E","?","T","E","$","M","M","M","R","B",null,"M","?","?","M","$","?","R","$","T","R","M","$"],"character_chosen":"DEFECT","items_purchased":["Loop","BootSequence","Static Discharge","Streamline","Cold Snap"],"campfire_rested":0,"item_purchase_floors":[2,5,11,11,29],"current_hp_per_floor":[64,64,64,64,64,64,64,71,71,71,71,71,70,66,66,36,62,50,50,50,40,40,40,40,40,40,40,37,37,0],"gold":1,"neow_bonus":"THREE_ENEMY_KILL","is_prod":false,"is_daily":false,"chose_seed":false,"campfire_upgraded":4,"win_rate":0,"timestamp":1533684360,"path_taken":["M","?","?","?","$","R","E","?","T","E","$","?","M","M","R","BOSS","M","?","?","M","$","?","R","?","T","R","M","$","E"],"build_version":"2018-08-07","purchased_purges":1,"victory":false,"max_hp_per_floor":[71,71,71,71,71,71,71,71,71,71,71,71,71,71,71,71,71,71,71,68,68,68,68,68,68,68,68,68,68,68],"card_choices":[{"not_picked":["Stack","Heatsinks"],"picked":"Go for the Eyes","floor":1},{"not_picked":["Go for the Eyes","Aggregate"],"picked":"Conserve Battery","floor":7},{"not_picked":["Double Energy","Static Discharge"],"picked":"Doom and Gloom","floor":10},{"not_picked":["Beam Cell","Fusion"],"picked":"FTL","floor":12},{"not_picked":["Heatsinks","Blizzard"],"picked":"Coolheaded","floor":13},{"not_picked":["Barrage","Streamline"],"picked":"FTL","floor":14},{"not_picked":["Electrodynamics","Thunder Strike"],"picked":"Buffer","floor":16},{"not_picked":["Leap","Go for the Eyes+1"],"picked":"Hello World+1","floor":18},{"not_picked":["Auto Shields","Compile Driver","Heatsinks"],"picked":"SKIP","floor":21},{"not_picked":["BootSequence","Darkness+1"],"picked":"Hologram","floor":28}],"player_experience":759327,"relics_obtained":[{"floor":7,"key":"Anchor"},{"floor":9,"key":"Omamori"},{"floor":10,"key":"Orichalcum"},{"floor":26,"key":"Letter Opener"}],"event_choices":[{"event_name":"Match and Keep!","player_choice":"0 cards matched","floor":3,"damage_taken":0},{"event_name":"Shining Light","player_choice":"Ignored","floor":4,"damage_taken":0},{"event_name":"Mushrooms","player_choice":"Healed and dodged fight","floor":8,"damage_taken":0},{"event_name":"Duplicator","player_choice":"One dupe","floor":19,"damage_taken":0},{"event_name":"Beggar","player_choice":"Gave Gold","floor":20,"damage_taken":0},{"event_name":"Back to Basics","player_choice":"Simplicity","floor":23,"damage_taken":0}],"is_beta":true,"boss_relics":[{"not_picked":["Empty Cage","Runic Dome"],"picked":"Snecko Eye"}],"items_purged_floors":[22],"is_endless":false,"potions_floor_spawned":[7,12,16,18,21,28],"killed_by":"Slavers","ascension_level":15}