{"gold_per_floor":[118,118,130,31,48,48,61,87,87,87,87,99,99,116,116,190,190,205,223,223,237,250,250,263,19,93,93,69,69,69],"floor_reached":30,"playtime":1001,"items_purged":[],"score":406,"play_id":"c2309766-5d31-4c26-b9b0-0b6710a2aab6","local_time":"20180811212505","is_ascension_mode":true,"campfire_choices":[{"data":"Neutralize","floor":6.0,"key":"SMITH"},{"data":"Cloak And Dagger","floor":11,"key":"SMITH"},{"data":"Bouncing Flask","floor":13,"key":"SMITH"},{"data":"Bane","floor":15,"key":"SMITH"},{"data":"Cloak And Dagger","floor":23,"key":"SMITH"},{"data":"Catalyst","floor":27,"key":"SMITH"}],"neow_cost":"NONE","seed_source_timestamp":0,"circlet_count":0,"master_deck":["Defend_G+1","Defend_G+1","Defend_G+1","Defend_G+1","Defend_G+1","Strike_G+1","Strike_G+1","Strike_G+1","Strike_G+1","Strike_G+1","Survivor","Neutralize+1","AscendersBane","Bouncing Flask+1","Bane+1","Backstab","Deadly Poison","Footwork+1","Deflect","Cloak And Dagger+1","Deflect","Backflip","Corpse Explosion","Well Laid Plans","Dodge and Roll","Cloak And Dagger+1","Catalyst+1","Cloak And Dagger"],"special_seed":0,"relics":["Ring of the Snake","Centennial Puzzle","Ginger","Pear","Runic Dome","Matryoshka","Lantern","Dodecahedron"],"potions_floor_usage":[21,22,30],"damage_taken":[{"damage":0.0,"enemies":"Small Slimes","floor":1.0,"turns":4.0},{"damage":8.0,"enemies":"Jaw Worm","floor":3.0,"turns":4.0},{"damage":0.0,"enemies":"Cultist","floor":5.0,"turns":3.0},{"damage":0,"enemies":"Large Slime","floor":7,"turns":8},{"damage":6,"enemies":"Lagavulin","floor":8,"turns":6},{"damage":5,"enemies":"Exordium Wildlife","floor":12,"turns":5},{"damage":0,"enemies":"2 Fungi Beasts","floor":14,"turns":3},{"damage":16,"enemies":"The Guardian","floor":16,"turns":8},{"damage":4,"enemies":"3 Byrds","floor":18,"turns":4},{"damage":6,"enemies":"Shell Parasite","floor":19,"turns":6},{"damage":10,"enemies":"Sentry and Sphere","floor":21,"turns":5},{"damage":7,"enemies":"Snake Plant","floor":22,"turns":5},{"damage":3,"enemies":"Cultist and Chosen","floor":24,"turns":4},{"damage":50,"enemies":"Gremlin Leader","floor":30,"turns":7}],"seed_played":"-3429403197858726345","potions_obtained":[{"floor":1.0,"key":"Strength Potion"},{"floor":7,"key":"GamblersBrew"},{"floor":20,"key":"Fruit Juice"},{"floor":20,"key":"SteroidPotion"},{"floor":22,"key":"AttackPotion"},{"floor":24,"key":"SteroidPotion"}],"is_trial":false,"path_per_floor":["M","?","M","$","M","R","M","E","T","?","R","M","R","M","R","B",null,"M","M","?","M","M","R","M","$","T","R","$","?"],"character_chosen":"THE_SILENT","items_purchased":["Backstab","Deadly Poison","Matryoshka","Cloak And Dagger"],"campfire_rested":0,"item_purchase_floors":[4,4,25,28],"current_hp_per_floor":[59,59,51,51,51,51,51,45,55,55,55,50,50,50,50,34,66,62,56,56,51,44,44,41,41,41,41,41,41,0],"gold":69,"neow_bonus":"RANDOM_COMMON_RELIC","is_prod":false,"is_daily":false,"chose_seed":false,"campfire_upgraded":6,"win_rate":0,"timestamp":1534047905,"path_taken":["M","?","M","$","M","R","M","E","T","?","R","?","R","M","R","BOSS","M","M","?","M","M","R","M","?","T","R","$","?","E"],"build_version":"2018-08-08","purchased_purges":0,"victory":false,"max_hp_per_floor":[66,66,66,66,66,66,66,66,76,76,76,76,76,76,76,76,76,76,76,76,81,81,81,81,81,81,81,81,81,81],"card_choices":[{"not_picked":["Outmaneuver","Deflect"],"picked":"Bouncing Flask","floor":1.0},{"not_picked":["Flying Knee","Escape Plan"],"picked":"Bane","floor":3.0},{"not_picked":["Blade Dance","Setup"],"picked":"Footwork","floor":5.0},{"not_picked":["Dodge and Roll","Crippling Poison"],"picked":"Deflect","floor":7},{"not_picked":["Crippling Poison","Tools of the Trade"],"picked":"Cloak And Dagger","floor":8},{"not_picked":["Dagger Throw","PiercingWail"],"picked":"Deflect","floor":12},{"not_picked":["Eviscerate","Deflect"],"picked":"Backflip","floor":14},{"not_picked":["Envenom","Tools of the Trade"],"picked":"Corpse Explosion","floor":16},{"not_picked":["Prepared","Slice"],"picked":"Well Laid Plans","floor":19},{"not_picked":["Slice","Burst"],"picked":"Dodge and Roll","floor":21},{"not_picked":["Dodge and Roll","Tactician"],"picked":"Cloak And Dagger","floor":22},{"not_picked":["Acrobatics","Concentrate+1"],"picked":"Catalyst","floor":24}],"player_experience":799166,"relics_obtained":[{"floor":8,"key":"Ginger"},{"floor":9,"key":"Pear"},{"floor":26,"key":"Lantern"},{"floor":26,"key":"Dodecahedron"}],"event_choices":[{"event_name":"The Cleric","player_choice":"Leave","floor":2.0,"damage_taken":0.0},{"event_name":"Living Wall","player_choice":"Grow","floor":10,"damage_taken":0},{"event_name":"The Lab","player_choice":"Got Potions","floor":20,"damage_taken":0},{"event_name":"Back to Basics","player_choice":"Simplicity","floor":29,"damage_taken":0}],"is_beta":true,"boss_relics":[{"not_picked":["Pandora\u0027s Box","WristBlade"],"picked":"Runic Dome"}],"items_purged_floors":[],"is_endless":false,"potions_floor_spawned":[1,7,8,12,18,22,24],"killed_by":"Gremlin Leader","ascension_level":15}