{"gold_per_floor":[210,385,385,335,345,345,3,17,86,86,118,118,39,53,53,154,154,166,106,31,50,0,0,19,19,19,19,32,32,32,42,42,143,143,156,9,9,9,9,9,9,9,34,34],"floor_reached":44,"playtime":2448,"items_purged":["Outmaneuver+1"],"score":425,"play_id":"2be84410-470f-48bc-997b-f753e342dbde","local_time":"20190527180441","is_ascension_mode":false,"campfire_choices":[{"data":"Footwork","floor":6,"key":"SMITH"},{"data":"Caltrops","floor":10,"key":"SMITH"},{"floor":15,"key":"REST"},{"floor":23,"key":"REST"},{"floor":27,"key":"REST"},{"data":"Noxious Fumes","floor":30,"key":"SMITH"},{"floor":32,"key":"REST"},{"floor":40,"key":"REST"}],"neow_cost":"NONE","seed_source_timestamp":1024625760119834,"circlet_count":0,"master_deck":["Defend_G","Defend_G","Defend_G","Defend_G","Defend_G","Strike_G","Survivor","Neutralize","Footwork+1","Caltrops+1","Footwork","After Image","Footwork","Poisoned Stab","A Thousand Cuts","Sucker Punch+1","Heel Hook+1","Backflip","Noxious Fumes+1","Well Laid Plans","Crippling Poison","Dodge and Roll","Malaise","Blur+1","Footwork+1","Good Instincts","Flash of Steel"],"relics":["Ring of the Snake","Pantograph","Meat on the Bone","Omamori","Astrolabe","Bottled Flame","Velvet Choker","Juzu Bracelet","Vajra"],"potions_floor_usage":[11,16,21,24,24,44],"damage_taken":[{"damage":0,"enemies":"Small Slimes","floor":1,"turns":5},{"damage":0,"enemies":"2 Louse","floor":5,"turns":3},{"damage":0,"enemies":"Jaw Worm","floor":8,"turns":5},{"damage":32,"enemies":"Gremlin Nob","floor":11,"turns":8},{"damage":6,"enemies":"2 Fungi Beasts","floor":14,"turns":5},{"damage":37,"enemies":"Slime Boss","floor":16,"turns":18},{"damage":11,"enemies":"Spheric Guardian","floor":18,"turns":9},{"damage":11,"enemies":"2 Thieves","floor":19,"turns":4},{"damage":17,"enemies":"Shelled Parasite and Fungi","floor":21,"turns":8},{"damage":21,"enemies":"3 Cultists","floor":24,"turns":6},{"damage":12,"enemies":"Snecko","floor":28,"turns":8},{"damage":20,"enemies":"Cultist and Chosen","floor":31,"turns":7},{"damage":17,"enemies":"Collector","floor":33,"turns":14},{"damage":24,"enemies":"3 Darklings","floor":35,"turns":5},{"damage":70,"enemies":"Reptomancer","floor":44,"turns":5}],"seed_played":"161123160014797524","potions_obtained":[{"floor":1,"key":"PowerPotion"},{"floor":5,"key":"SpeedPotion"},{"floor":11,"key":"AttackPotion"},{"floor":18,"key":"Ancient Potion"},{"floor":21,"key":"LiquidBronze"},{"floor":24,"key":"Weak Potion"}],"is_trial":false,"path_per_floor":["M","?","?","?","M","R","$","M","T","R","E","?","$","M","R","B",null,"M","M","$","M","$","R","M","?","T","R","M","?","R","M","R","B",null,"M","$","?","?","$","R","?","?","T","E"],"character_chosen":"THE_SILENT","items_purchased":["Pantograph","Caltrops","Footwork","Energy Potion","Juzu Bracelet"],"campfire_rested":5,"item_purchase_floors":[7,7,13,22,36],"current_hp_per_floor":[70,70,63,63,63,63,63,63,63,63,43,43,43,37,58,45,70,59,48,48,43,43,64,43,43,43,64,52,39,39,31,53,58,75,51,51,51,51,51,73,75,65,65,0],"gold":34,"neow_bonus":"HUNDRED_GOLD","is_prod":false,"is_daily":false,"chose_seed":false,"campfire_upgraded":3,"win_rate":0.0,"timestamp":1558994681,"path_taken":["M","?","?","?","M","R","$","?","T","R","E","?","$","M","R","BOSS","M","M","$","M","$","R","?","?","T","R","M","?","R","M","R","BOSS","M","$","?","?","$","R","?","?","T","E"],"build_version":"2019-01-23","purchased_purges":1,"victory":false,"max_hp_per_floor":[70,70,70,70,70,70,70,70,70,70,70,70,70,70,70,70,70,70,70,70,70,70,70,70,70,70,70,70,75,75,75,75,75,75,75,75,75,75,75,75,75,75,75,75],"card_choices":[{"not_picked":["Calculated Gamble","Quick Slash","Underhanded Strike"],"picked":"SKIP","floor":1},{"not_picked":["Riddle With Holes","Underhanded Strike"],"picked":"Footwork","floor":5},{"not_picked":["Dagger Spray","Poisoned Stab"],"picked":"Footwork","floor":8},{"not_picked":["Dagger Throw","Underhanded Strike"],"picked":"After Image","floor":11},{"not_picked":["Slice","Flying Knee"],"picked":"Poisoned Stab","floor":14},{"not_picked":["Tools of the Trade","Unload"],"picked":"A Thousand Cuts","floor":16},{"not_picked":["Poisoned Stab","Infinite Blades+1"],"picked":"Backflip","floor":18},{"not_picked":["Acrobatics+1","Poisoned Stab+1"],"picked":"Noxious Fumes","floor":19},{"not_picked":["Dagger Spray","All Out Attack"],"picked":"Well Laid Plans","floor":21},{"not_picked":["Poisoned Stab","Deadly Poison+1","Sucker Punch"],"picked":"SKIP","floor":24},{"not_picked":["Finisher+1","Slice"],"picked":"Crippling Poison","floor":28},{"not_picked":["Bouncing Flask","PiercingWail"],"picked":"Dodge and Roll","floor":31},{"not_picked":["Unload","Die Die Die"],"picked":"Malaise","floor":33},{"not_picked":["Sucker Punch","Deadly Poison+1"],"picked":"Blur+1","floor":35},{"not_picked":["Discovery","Trip"],"picked":"Good Instincts","floor":42},{"not_picked":["PanicButton","Magnetism"],"picked":"Flash of Steel","floor":42}],"player_experience":14903,"relics_obtained":[{"floor":9,"key":"Meat on the Bone"},{"floor":11,"key":"Omamori"},{"floor":26,"key":"Bottled Flame"},{"floor":43,"key":"Vajra"}],"event_choices":[{"damage_healed":0,"gold_gain":175,"player_choice":"AGREE","damage_taken":0,"max_hp_gain":0,"max_hp_loss":0,"event_name":"Liars Game","floor":2,"gold_loss":0,"cards_obtained":["Doubt"]},{"cards_removed":["Doubt"],"damage_healed":0,"gold_gain":0,"player_choice":"Card Removal","damage_taken":7,"max_hp_gain":0,"max_hp_loss":0,"event_name":"Golden Wing","floor":3,"gold_loss":0},{"cards_removed":["Strike_G"],"damage_healed":0,"gold_gain":0,"player_choice":"Card Removal","damage_taken":0,"max_hp_gain":0,"max_hp_loss":0,"event_name":"The Cleric","floor":4,"gold_loss":50},{"cards_removed":["Crippling Poison"],"damage_healed":0,"gold_gain":0,"player_choice":"Took Card","damage_taken":0,"max_hp_gain":0,"max_hp_loss":0,"event_name":"NoteForYourself","floor":12,"gold_loss":0,"cards_obtained":["Crippling Poison"]},{"damage_healed":0,"gold_gain":0,"player_choice":"Ignored","damage_taken":0,"max_hp_gain":0,"max_hp_loss":0,"event_name":"Ghosts","floor":25,"gold_loss":0},{"damage_healed":0,"gold_gain":0,"player_choice":"Shed Blood","damage_taken":18,"max_hp_gain":5,"max_hp_loss":0,"event_name":"Forgotten Altar","floor":29,"gold_loss":0},{"damage_healed":0,"gold_gain":0,"player_choice":"Copied","damage_taken":0,"max_hp_gain":0,"max_hp_loss":0,"event_name":"Duplicator","floor":37,"gold_loss":0,"cards_obtained":["Footwork"]},{"damage_healed":0,"gold_gain":0,"player_choice":"Ignored","damage_taken":0,"max_hp_gain":0,"max_hp_loss":0,"event_name":"Mysterious Sphere","floor":38,"gold_loss":0},{"damage_healed":19,"gold_gain":0,"player_choice":"Writhe","damage_taken":0,"max_hp_gain":0,"max_hp_loss":0,"event_name":"Winding Halls","floor":41,"gold_loss":0,"cards_obtained":["Writhe"]},{"damage_healed":0,"gold_gain":0,"player_choice":"Memory 3","damage_taken":10,"max_hp_gain":0,"max_hp_loss":0,"event_name":"SensoryStone","floor":42,"gold_loss":0}],"is_beta":false,"boss_relics":[{"not_picked":["Busted Crown","White Beast Statue"],"picked":"Astrolabe"},{"not_picked":["Ring of the Serpent","Snecko Eye"],"picked":"Velvet Choker"}],"items_purged_floors":[20],"is_endless":false,"potions_floor_spawned":[1,5,11,18,21,24],"killed_by":"Reptomancer","ascension_level":0}