{"gold_per_floor":[114,114,124,124,134,134,134,164,217,217,247,264,19,19,19,98,98,109,109,109,109,126,126,15,29,29,29,60,77,77,96,96,174,174,191,43,43,2,2,2,36,0,0,19,19,19,36,46,46,46,46],"floor_reached":52,"playtime":2352,"items_purged":[],"score":2012,"play_id":"d340ba02-6a02-410d-a77b-7193ae0bf9f9","local_time":"20190301140316","is_ascension_mode":true,"campfire_choices":[{"data":"Go for the Eyes","floor":7.0,"key":"SMITH"},{"floor":10.0,"key":"REST"},{"data":"Defragment","floor":15.0,"key":"SMITH"},{"data":"Sunder","floor":23.0,"key":"SMITH"},{"data":"Fission","floor":27.0,"key":"SMITH"},{"data":"Defragment","floor":30.0,"key":"SMITH"},{"data":"Dualcast","floor":32.0,"key":"SMITH"},{"data":"Discovery","floor":40.0,"key":"SMITH"},{"data":"Hologram","floor":46.0,"key":"SMITH"},{"data":"Buffer","floor":49,"key":"SMITH"}],"neow_cost":"NONE","seed_source_timestamp":2843879149607,"circlet_count":0,"master_deck":["AscendersBane","Strike_B","Defend_B","Defend_B","Zap+1","Dualcast+1","Leap","Coolheaded","Go for the Eyes+1","Buffer+1","Cold Snap","Glacier","Hello World","Defragment+1","All For One","Gash","Biased Cognition","Sunder+1","Ball Lightning","Hello World","Finesse","Fission+1","Beam Cell+1","Defragment+1","Go for the Eyes+1","Echo Form","Glacier","Discovery+1","Dark Shackles","Panacea","Hologram+1","Madness","Madness","Self Repair"],"special_seed":0,"relics":["Inserter","Boot","Happy Flower","The Courier","Bag of Marbles","Sozu","Singing Bowl","Question Card","Coffee Dripper","Centennial Puzzle","Red Mask","Letter Opener"],"potions_floor_usage":[51],"damage_taken":[{"damage":15.0,"enemies":"Small Slimes","floor":1.0,"turns":5.0},{"damage":3.0,"enemies":"2 Louse","floor":3.0,"turns":3.0},{"damage":0.0,"enemies":"Cultist","floor":5.0,"turns":5.0},{"damage":26.0,"enemies":"3 Sentries","floor":8.0,"turns":9.0},{"damage":10.0,"enemies":"Lagavulin","floor":11.0,"turns":9.0},{"damage":0.0,"enemies":"Large Slime","floor":12.0,"turns":7.0},{"damage":0.0,"enemies":"The Guardian","floor":16.0,"turns":12.0},{"damage":3.0,"enemies":"3 Byrds","floor":18.0,"turns":6.0},{"damage":11.0,"enemies":"2 Thieves","floor":22.0,"turns":3.0},{"damage":4.0,"enemies":"Centurion and Healer","floor":25.0,"turns":4.0},{"damage":0.0,"enemies":"Slavers","floor":28.0,"turns":5.0},{"damage":0.0,"enemies":"3 Cultists","floor":29.0,"turns":4.0},{"damage":0.0,"enemies":"Cultist and Chosen","floor":31.0,"turns":4.0},{"damage":7.0,"enemies":"Automaton","floor":33.0,"turns":10.0},{"damage":7.0,"enemies":"3 Darklings","floor":35.0,"turns":6.0},{"damage":0.0,"enemies":"Nemesis","floor":41.0,"turns":8.0},{"damage":0.0,"enemies":"3 Shapes","floor":44.0,"turns":6.0},{"damage":3,"enemies":"Spire Growth","floor":47,"turns":3},{"damage":2,"enemies":"3 Darklings","floor":48,"turns":4},{"damage":12,"enemies":"Awakened One","floor":50,"turns":14},{"damage":8,"enemies":"Donu and Deca","floor":51,"turns":4}],"seed_played":"-3747842569021239871","potions_obtained":[{"floor":1.0,"key":"Ancient Potion"},{"floor":5.0,"key":"Fire Potion"},{"floor":11.0,"key":"LiquidBronze"}],"is_trial":false,"path_per_floor":["M","?","M","?","M","?","R","E","T","R","E","M","$","?","R","B",null,"M","?","?","?","M","R","$","M","T","R","E","M","R","M","R","B",null,"M","$","?","$","?","R","E","?","T","M","?","R","M","M","R","B","B",null],"character_chosen":"DEFECT","items_purchased":["Hello World","Defragment","All For One","Gash","Hello World","Finesse","Discovery","Dark Shackles","Hologram"],"campfire_rested":1,"item_purchase_floors":[13,13,13,13,24,24,36,36,38],"current_hp_per_floor":[49,49,46,46,46,39,39,13,13,34,24,24,24,19,19,19,58,55,55,55,55,44,44,44,40,40,40,40,40,40,40,40,33,62,55,55,49,49,49,49,51,51,51,53,39,39,38,36,36,38,37],"gold":46,"neow_bonus":"BOSS_RELIC","is_prod":false,"is_daily":false,"chose_seed":false,"campfire_upgraded":9,"win_rate":0,"timestamp":1551477796,"path_taken":["M","?","M","?","?","?","R","E","T","R","E","M","$","?","R","BOSS","M","?","?","?","M","R","$","M","T","R","E","M","R","M","R","BOSS","M","$","?","$","?","R","E","?","T","M","?","R","?","M","R","BOSS","BOSS"],"build_version":"2019-02-06","purchased_purges":0,"victory":true,"max_hp_per_floor":[71,71,71,71,71,71,71,71,71,71,71,71,71,71,71,71,71,71,71,71,71,71,71,71,71,71,71,71,71,71,71,71,71,71,71,71,75,75,75,75,77,77,77,79,79,79,81,81,81,81,81],"card_choices":[{"not_picked":["Capacitor","Redo"],"picked":"Leap","floor":1.0},{"not_picked":["Reprogram","Compile Driver"],"picked":"Coolheaded","floor":3.0},{"not_picked":["Sweeping Beam","Stack"],"picked":"Go for the Eyes","floor":5.0},{"not_picked":["Reprogram","Storm"],"picked":"Buffer","floor":8.0},{"not_picked":["Machine Learning","Barrage"],"picked":"Cold Snap","floor":11.0},{"not_picked":["Stack","Conserve Battery"],"picked":"Glacier","floor":12.0},{"not_picked":["Amplify","Meteor Strike"],"picked":"Biased Cognition","floor":16.0},{"not_picked":["Rebound","Streamline"],"picked":"Ball Lightning","floor":22.0},{"not_picked":["Redo","Conserve Battery"],"picked":"Fission","floor":25.0},{"not_picked":["Turbo","Tempest"],"picked":"Beam Cell+1","floor":28.0},{"not_picked":["Darkness","Reprogram","Scrape"],"picked":"Defragment","floor":29.0},{"not_picked":["Gash+1","Fusion","Static Discharge"],"picked":"Go for the Eyes+1","floor":31.0},{"not_picked":["Thunder Strike","Reboot","Buffer"],"picked":"Echo Form","floor":33.0},{"not_picked":["Barrage+1","Leap","Stack"],"picked":"Glacier","floor":35.0},{"not_picked":["Magnetism","Dark Shackles","Deep Breath"],"picked":"Panacea","floor":37.0},{"not_picked":["Trip","Magnetism","Violence","Jack Of All Trades"],"picked":"Singing Bowl","floor":37.0},{"not_picked":["Madness","Secret Weapon","Deep Breath","Good Instincts"],"picked":"Singing Bowl","floor":37.0},{"not_picked":["Doom and Gloom","Scrape","Go for the Eyes","Rebound"],"picked":"Singing Bowl","floor":41.0},{"not_picked":["Sweeping Beam","Steam Power+1","Cold Snap","Compile Driver"],"picked":"Singing Bowl","floor":44.0},{"not_picked":["Rebound","Steam","Fusion","Capacitor"],"picked":"Singing Bowl","floor":47},{"not_picked":["Melter+1","Sweeping Beam","Darkness"],"picked":"Self Repair","floor":48}],"player_experience":1254175,"relics_obtained":[{"floor":8.0,"key":"Boot"},{"floor":9.0,"key":"Happy Flower"},{"floor":11.0,"key":"The Courier"},{"floor":26.0,"key":"Singing Bowl"},{"floor":28.0,"key":"Question Card"},{"floor":41.0,"key":"Centennial Puzzle"},{"floor":43.0,"key":"Letter Opener"}],"event_choices":[{"damage_healed":0.0,"max_hp_gain":0.0,"max_hp_loss":0.0,"gold_gain":0.0,"event_name":"Living Wall","player_choice":"Grow","floor":2.0,"gold_loss":0.0,"damage_taken":0.0,"cards_upgraded":["Zap"]},{"cards_removed":["Defend_B"],"damage_healed":0.0,"max_hp_gain":0.0,"max_hp_loss":0.0,"gold_gain":0.0,"event_name":"Purifier","player_choice":"Purged","floor":4.0,"gold_loss":0.0,"damage_taken":0.0},{"cards_removed":["Defend_B"],"damage_healed":0.0,"max_hp_gain":0.0,"max_hp_loss":0.0,"gold_gain":0.0,"event_name":"Golden Wing","player_choice":"Card Removal","floor":6.0,"gold_loss":0.0,"damage_taken":7.0},{"damage_healed":0.0,"max_hp_gain":0.0,"max_hp_loss":0.0,"gold_gain":0.0,"event_name":"Scrap Ooze","player_choice":"Success","floor":14.0,"gold_loss":0.0,"damage_taken":5.0,"relics_obtained":["Bag of Marbles"]},{"damage_healed":0.0,"max_hp_gain":0.0,"max_hp_loss":0.0,"gold_gain":0.0,"cards_transformed":["Strike_B","Strike_B"],"event_name":"Drug Dealer","player_choice":"Became Test Subject","floor":19.0,"gold_loss":0.0,"damage_taken":0.0,"cards_obtained":["Sunder","Rebound"]},{"damage_healed":0.0,"max_hp_gain":0.0,"max_hp_loss":0.0,"gold_gain":0.0,"event_name":"The Mausoleum","player_choice":"Ignored","floor":20.0,"gold_loss":0.0,"damage_taken":0.0},{"cards_removed":["Strike_B"],"damage_healed":0.0,"max_hp_gain":0.0,"max_hp_loss":0.0,"gold_gain":0.0,"event_name":"Back to Basics","player_choice":"Elegance","floor":21.0,"gold_loss":0.0,"damage_taken":0.0},{"damage_healed":0.0,"max_hp_gain":0.0,"max_hp_loss":0.0,"gold_gain":0.0,"event_name":"SensoryStone","player_choice":"Memory 3","floor":37.0,"gold_loss":0.0,"damage_taken":10.0},{"cards_removed":["Rebound"],"damage_healed":0.0,"max_hp_gain":0.0,"max_hp_loss":0.0,"gold_gain":0.0,"event_name":"Falling","player_choice":"Removed Attack","floor":39.0,"gold_loss":0.0,"damage_taken":0.0},{"damage_healed":0.0,"max_hp_gain":0.0,"max_hp_loss":0.0,"gold_gain":0.0,"event_name":"Tomb of Lord Red Mask","player_choice":"Paid","floor":42.0,"gold_loss":36.0,"damage_taken":0.0,"relics_obtained":["Red Mask"]},{"damage_healed":0.0,"max_hp_gain":0.0,"max_hp_loss":0.0,"gold_gain":0.0,"event_name":"Winding Halls","player_choice":"Embrace Madness","floor":45.0,"gold_loss":0.0,"damage_taken":14.0,"cards_obtained":["Madness","Madness"]}],"is_beta":true,"boss_relics":[{"not_picked":["Velvet Choker","Orrery"],"picked":"Sozu"},{"not_picked":["Runic Pyramid","Tiny House"],"picked":"Coffee Dripper"}],"items_purged_floors":[],"is_endless":false,"potions_floor_spawned":[1,5,11,22,29,31,35,47],"ascension_level":20}