{"gold_per_floor":[111,121,86,11,28,28,59,59,59,59,59,59,75,101,113,201,213,242,254,266,295,307,319,331],"floor_reached":24,"playtime":913,"items_purged":["Dualcast"],"score":491,"play_id":"18885019-b2e4-4896-8904-b93dcad38fa2","local_time":"20190825114131","is_ascension_mode":true,"campfire_choices":[{"data":"Doom and Gloom","floor":6,"key":"SMITH"},{"floor":10,"key":"REST"},{"floor":15,"key":"REST"},{"data":"Creative AI","floor":23,"key":"SMITH"}],"neow_cost":"NONE","seed_source_timestamp":91695747230263,"circlet_count":0,"master_deck":["AscendersBane","Defend_B","Defend_B","Defend_B","Defend_B","Zap+1","FTL","Doom and Gloom+1","Streamline","Conserve Battery+1","Cold Snap","Compile Driver","Creative AI+1","Compile Driver+1","Self Repair+1","Lockon+1","Melter","Bite","Bite","Bite","Bite","Conserve Battery"],"special_seed":0,"relics":["Cracked Core","Mango","Cables","Vajra","MawBank","Astrolabe"],"potions_floor_usage":[24],"damage_taken":[{"damage":7.0,"enemies":"Small Slimes","floor":1.0,"turns":2.0},{"damage":3.0,"enemies":"2 Louse","floor":2.0,"turns":2.0},{"damage":7,"enemies":"Jaw Worm","floor":5,"turns":3},{"damage":30,"enemies":"Gremlin Nob","floor":7,"turns":4},{"damage":0,"enemies":"Exordium Wildlife","floor":13,"turns":2},{"damage":22,"enemies":"Lagavulin","floor":14,"turns":5},{"damage":0,"enemies":"Slime Boss","floor":16,"turns":7},{"damage":39,"enemies":"2 Thieves","floor":18,"turns":3},{"damage":0,"enemies":"Spheric Guardian","floor":21,"turns":1},{"damage":55,"enemies":"Book of Stabbing","floor":24,"turns":4}],"seed_played":"8532939770904402108","potions_obtained":[{"floor":7,"key":"Ancient Potion"},{"floor":13,"key":"SpeedPotion"},{"floor":16,"key":"FocusPotion"}],"is_trial":false,"path_per_floor":["M","M","?","$","M","R","E","?","T","R","?","?","M","E","R","B",null,"M","?","?","M","$","R","E"],"character_chosen":"DEFECT","items_purchased":[],"campfire_rested":2,"item_purchase_floors":[],"current_hp_per_floor":[57,54,71,71,64,64,48,22,22,47,47,36,36,14,39,39,74,45,45,45,45,45,45,0],"gold":331,"neow_bonus":"UPGRADE_CARD","is_prod":false,"is_daily":false,"chose_seed":false,"campfire_upgraded":2,"win_rate":0,"timestamp":1566758491,"path_taken":["M","M","?","$","M","R","E","?","T","R","?","?","M","E","R","BOSS","M","?","?","M","?","R","E"],"build_version":"2019-07-17","purchased_purges":1,"victory":false,"max_hp_per_floor":[71,71,71,71,71,71,85,85,85,85,85,85,85,85,85,85,85,85,59,59,59,59,59,59],"card_choices":[{"not_picked":["Beam Cell","Hologram"],"picked":"FTL","floor":1.0},{"not_picked":["Turbo","Rebound"],"picked":"Doom and Gloom","floor":2.0},{"not_picked":["Turbo","Hologram"],"picked":"Streamline","floor":5},{"not_picked":["Steam Power","Static Discharge"],"picked":"Conserve Battery","floor":7},{"not_picked":["Conserve Battery","Beam Cell"],"picked":"Cold Snap","floor":13},{"not_picked":["Redo","Go for the Eyes"],"picked":"Compile Driver","floor":14},{"not_picked":["Buffer","Thunder Strike"],"picked":"Creative AI","floor":16},{"not_picked":["Gash","Go for the Eyes"],"picked":"Melter","floor":18},{"not_picked":["Force Field","Reinforced Body"],"picked":"Conserve Battery","floor":21}],"player_experience":716531,"relics_obtained":[{"floor":7,"key":"Mango"},{"floor":9,"key":"Cables"},{"floor":14,"key":"MawBank"}],"event_choices":[{"damage_healed":17.0,"max_hp_gain":0.0,"max_hp_loss":0.0,"gold_gain":0.0,"event_name":"The Cleric","player_choice":"Healed","floor":3.0,"gold_loss":35.0,"damage_taken":0.0},{"damage_healed":0,"gold_gain":0,"player_choice":"Entered Light","damage_taken":26,"max_hp_gain":0,"max_hp_loss":0,"event_name":"Shining Light","floor":8,"gold_loss":0,"cards_upgraded":["Strike_B","Strike_B"]},{"damage_healed":0,"gold_gain":0,"player_choice":"Grow","damage_taken":0,"max_hp_gain":0,"max_hp_loss":0,"event_name":"Living Wall","floor":11,"gold_loss":0,"cards_upgraded":["Conserve Battery"]},{"damage_healed":0,"gold_gain":0,"player_choice":"Success","damage_taken":11,"relics_obtained":["Vajra"],"max_hp_gain":0,"max_hp_loss":0,"event_name":"Scrap Ooze","floor":12,"gold_loss":0},{"damage_healed":0,"gold_gain":0,"player_choice":"Became a vampire","damage_taken":0,"max_hp_gain":0,"max_hp_loss":26,"event_name":"Vampires","floor":19,"gold_loss":0,"cards_obtained":["Bite","Bite","Bite","Bite","Bite"]},{"cards_removed":["Bite"],"damage_healed":0,"gold_gain":0,"player_choice":"Elegance","damage_taken":0,"max_hp_gain":0,"max_hp_loss":0,"event_name":"Back to Basics","floor":20,"gold_loss":0}],"is_beta":false,"boss_relics":[{"not_picked":["Orrery","Ectoplasm"],"picked":"Astrolabe"}],"items_purged_floors":[4],"is_endless":false,"potions_floor_spawned":[7,13,16,18],"killed_by":"Book of Stabbing","ascension_level":17}