{"gold_per_floor":[110,60,60,60,7,7,34,34,34,51,51,91,91,134,134,232,232,245,245,73,88,38,38,38,38,118,118,142,173,191,10,10,108,108,133,153,173,30,30,30,71,71,71,71,96,155,155,174,174,174],"floor_reached":51,"playtime":2197,"items_purged":["Gash"],"score":1459,"play_id":"620a2911-219e-47f1-9c33-8bed5fef84a5","local_time":"20180808234436","is_ascension_mode":true,"campfire_choices":[{"data":"Streamline","floor":6.0,"key":"SMITH"},{"data":"Rainbow","floor":13.0,"key":"SMITH"},{"floor":15.0,"key":"REST"},{"data":"Sunder","floor":23.0,"key":"SMITH"},{"data":"Buffer","floor":25.0,"key":"SMITH"},{"data":"Hello World","floor":27.0,"key":"SMITH"},{"floor":32,"key":"REST"},{"floor":40,"key":"REST"},{"floor":44,"key":"REST"},{"floor":47,"key":"REST"},{"floor":49,"key":"REST"}],"neow_cost":"NONE","seed_source_timestamp":820733590643204,"circlet_count":0,"master_deck":["Zap","Dualcast","AscendersBane","Conserve Battery","Streamline+1","Rip and Tear","Conserve Battery","Rainbow+1","Leap+1","Buffer+1","Creative AI","Ball Lightning","Streamline","Coolheaded+1","Hello World+1","Streamline","Beam Cell","Conserve Battery+1","Creative AI","Sunder+1","Conserve Battery+1","Doom and Gloom","Conserve Battery+1","Hologram+1","Hologram+1","Coolheaded+1","Hello World","Hologram+1","Seek+1","Self Repair+1","Hologram+1","Defragment","Double Energy+1","Panacea+1","Magnetism","Jack Of All Trades+1","Leap+1","BootSequence+1","White Noise+1","Conserve Battery+1"],"special_seed":0,"relics":["Snecko Eye","Bottled Lightning","Toxic Egg 2","Golden Idol","Ornamental Fan","Sundial","Pandora\u0027s Box","Regal Pillow","Dodecahedron","Centennial Puzzle","Fusion Hammer","Strawberry","Cables","Question Card"],"potions_floor_usage":[37,41],"damage_taken":[{"damage":3.0,"enemies":"Small Slimes","floor":1.0,"turns":3.0},{"damage":35.0,"enemies":"Lagavulin","floor":7.0,"turns":7.0},{"damage":0.0,"enemies":"2 Louse","floor":10.0,"turns":3.0},{"damage":10.0,"enemies":"Gremlin Nob","floor":12.0,"turns":4.0},{"damage":10.0,"enemies":"3 Sentries","floor":14.0,"turns":7.0},{"damage":0.0,"enemies":"Slime Boss","floor":16.0,"turns":8.0},{"damage":3.0,"enemies":"3 Byrds","floor":18.0,"turns":4.0},{"damage":10.0,"enemies":"Shell Parasite","floor":21.0,"turns":3.0},{"damage":0.0,"enemies":"Snecko","floor":28.0,"turns":4.0},{"damage":17,"enemies":"Slavers","floor":29,"turns":5},{"damage":2,"enemies":"Sentry and Sphere","floor":30,"turns":6},{"damage":2,"enemies":"Automaton","floor":33,"turns":9},{"damage":12,"enemies":"3 Darklings","floor":35,"turns":5},{"damage":19,"enemies":"3 Shapes","floor":36,"turns":4},{"damage":0,"enemies":"Transient","floor":37,"turns":5},{"damage":15,"enemies":"2 Orb Walkers","floor":41,"turns":3},{"damage":0,"enemies":"Sphere and 2 Shapes","floor":45,"turns":4},{"damage":0,"enemies":"Giant Head","floor":46,"turns":9},{"damage":0,"enemies":"4 Shapes","floor":48,"turns":4},{"damage":50,"enemies":"Time Eater","floor":50,"turns":12}],"seed_played":"-1512301382375266449","potions_obtained":[{"floor":10.0,"key":"LiquidBronze"},{"floor":21.0,"key":"FearPotion"},{"floor":29,"key":"SkillPotion"},{"floor":37,"key":"GamblersBrew"},{"floor":41,"key":"Fire Potion"}],"is_trial":false,"path_per_floor":["M","$","?","?","$","R","E","$","T","M","?","E","R","E","R","B",null,"M","?","$","M","$","R","T","R","T","R","M","E","M","$","R","B",null,"M","M","M","$","?","R","E","?","T","R","M","E","R","M","R","B"],"character_chosen":"DEFECT","items_purchased":["Streamline","Conserve Battery","Sunder","Conserve Battery+1","Doom and Gloom","Conserve Battery+1","Hello World","Hologram+1","Defragment","Double Energy+1"],"campfire_rested":6,"item_purchase_floors":[2,5,20,20,20,22,31,31,38,38],"current_hp_per_floor":[61,61,61,66,66,66,31,31,31,31,31,21,21,11,31,31,60,57,57,57,47,47,47,47,47,47,47,47,30,28,28,63,61,67,55,46,56,56,46,69,71,71,71,76,76,76,76,76,76,36],"gold":174,"neow_bonus":"BOSS_RELIC","is_prod":false,"is_daily":false,"chose_seed":false,"campfire_upgraded":5,"win_rate":0,"timestamp":1533797076,"path_taken":["M","$","?","?","$","R","E","?","T","?","?","E","R","E","R","BOSS","M","?","$","M","?","R","?","R","T","R","M","E","?","$","R","BOSS","M","M","M","$","?","R","E","?","T","R","M","E","R","M","R","BOSS"],"build_version":"2018-08-07v3","purchased_purges":1,"victory":true,"max_hp_per_floor":[71,71,71,76,76,76,76,76,76,76,69,69,69,69,69,69,69,69,69,69,69,69,69,69,69,69,69,69,69,69,69,69,69,69,69,69,69,69,69,69,76,76,76,76,76,76,76,76,76,76],"card_choices":[{"not_picked":["Chill","Static Discharge"],"picked":"Conserve Battery","floor":1.0},{"not_picked":["Beam Cell","Barrage"],"picked":"Rainbow","floor":7.0},{"not_picked":["Heatsinks","Gash"],"picked":"Leap+1","floor":10.0},{"not_picked":["Compile Driver","Go for the Eyes"],"picked":"Buffer","floor":12.0},{"not_picked":["Buffer","Reboot+1"],"picked":"Creative AI","floor":16.0},{"not_picked":["Ball Lightning","Rebound"],"picked":"Conserve Battery+1","floor":18.0},{"not_picked":["Fusion+1","Compile Driver"],"picked":"Hologram+1","floor":28.0},{"not_picked":["Hyperbeam","Gash+1"],"picked":"Hologram+1","floor":29},{"not_picked":["Streamline","Static Discharge"],"picked":"Coolheaded+1","floor":30},{"not_picked":["Multi-Cast+1","Meteor Strike"],"picked":"Seek+1","floor":33},{"not_picked":["Barrage","Static Discharge"],"picked":"Self Repair+1","floor":35},{"not_picked":["Static Discharge+1","Heatsinks"],"picked":"Hologram+1","floor":36},{"not_picked":["Dramatic Entrance","PanicButton+1"],"picked":"Panacea+1","floor":39},{"not_picked":["Dramatic Entrance","Dark Shackles+1"],"picked":"Magnetism","floor":39},{"not_picked":["Madness+1","Good Instincts+1"],"picked":"Jack Of All Trades+1","floor":39},{"not_picked":["Redo+1","Fusion+1"],"picked":"Leap+1","floor":41},{"not_picked":["Force Field+1","Ball Lightning"],"picked":"White Noise+1","floor":46},{"not_picked":["Beam Cell","Compile Driver+1","Coolheaded+1"],"picked":"Conserve Battery+1","floor":48}],"player_experience":772752,"relics_obtained":[{"floor":7.0,"key":"Bottled Lightning"},{"floor":9.0,"key":"Toxic Egg 2"},{"floor":12.0,"key":"Ornamental Fan"},{"floor":14.0,"key":"Sundial"},{"floor":24.0,"key":"Regal Pillow"},{"floor":26.0,"key":"Dodecahedron"},{"floor":29,"key":"Centennial Puzzle"},{"floor":41,"key":"Strawberry"},{"floor":43,"key":"Cables"},{"floor":46,"key":"Question Card"}],"event_choices":[{"event_name":"Living Wall","player_choice":"Change","floor":3.0,"damage_taken":0.0},{"event_name":"Big Fish","player_choice":"Donut","floor":4.0,"damage_taken":0.0},{"event_name":"Golden Idol","player_choice":"Lose Max HP","floor":11.0,"damage_taken":0.0},{"event_name":"Match and Keep!","player_choice":"2 cards matched","floor":19.0,"damage_taken":0.0},{"event_name":"SensoryStone","player_choice":"Memory 3","floor":39,"damage_taken":0},{"event_name":"Transmorgrifier","player_choice":"Transform","floor":42,"damage_taken":0}],"is_beta":true,"boss_relics":[{"not_picked":["White Beast Statue","Philosopher\u0027s Stone"],"picked":"Pandora\u0027s Box"},{"not_picked":["Nuclear Battery","Velvet Choker"],"picked":"Fusion Hammer"}],"items_purged_floors":[31],"is_endless":false,"potions_floor_spawned":[10,21,29,37,41,45,48],"ascension_level":15}