{"gold_per_floor":[118,133,133,31,49,80,80,8,8,33,52,52,64,81,81,152,152,163,176,176,195,36,36,362,374,374,51,51,51,51,64,64,137,137,148,148,159,159,175,175,186,186,186,36,36,36],"floor_reached":46,"playtime":1826,"items_purged":["Strike_B","Strike_B"],"score":904,"play_id":"6b45a4eb-0e85-4c07-b9ee-b6bfcc26017f","local_time":"20190119012041","is_ascension_mode":true,"campfire_choices":[{"data":"Sunder","floor":7,"key":"SMITH"},{"data":"Defragment","floor":12,"key":"SMITH"},{"data":"Zap","floor":15,"key":"SMITH"},{"floor":23,"key":"REST"},{"floor":28,"key":"REST"},{"floor":30,"key":"REST"},{"floor":32,"key":"REST"},{"floor":40,"key":"REST"},{"floor":42,"key":"REST"},{"floor":45,"key":"RECALL"}],"neow_cost":"NONE","seed_source_timestamp":2990407005018,"circlet_count":0,"master_deck":["AscendersBane","Strike_B","Defend_B","Defend_B+1","Defend_B","Defend_B","Zap+1","Dualcast","Defragment+1","Auto Shields","Ball Lightning","Turbo","Conserve Battery+1","Sunder+1","Steam+1","Conserve Battery+1","Melter","Biased Cognition","Hologram+1","Hologram+1","Glacier+1","BootSequence+1","White Noise+1","Glacier+1","Defragment+1","Turbo+1","Meteor Strike","Defragment","Chrysalis+1","Chrysalis+1","Apotheosis+1","Reinforced Body+1","Conserve Battery+1","Seek+1"],"relics":["Cracked Core","NeowsBlessing","Torii","War Paint","Centennial Puzzle","Bronze Scales","Toxic Egg 2","Snecko Eye","Old Coin","Pantograph","DollysMirror","Runic Dome","CultistMask"],"potions_floor_usage":[6,6,19,24,29,33,33,37,41],"damage_taken":[{"damage":0,"enemies":"Cultist","floor":1,"turns":1},{"damage":0,"enemies":"2 Louse","floor":2,"turns":1},{"damage":0,"enemies":"Jaw Worm","floor":5,"turns":1},{"damage":30,"enemies":"3 Sentries","floor":6,"turns":8},{"damage":8,"enemies":"Lagavulin","floor":10,"turns":5},{"damage":1,"enemies":"Exordium Thugs","floor":11,"turns":3},{"damage":9,"enemies":"Red Slaver","floor":13,"turns":3},{"damage":0,"enemies":"2 Fungi Beasts","floor":14,"turns":3},{"damage":9,"enemies":"Hexaghost","floor":16,"turns":9},{"damage":1,"enemies":"Spheric Guardian","floor":18,"turns":3},{"damage":6,"enemies":"3 Byrds","floor":19,"turns":3},{"damage":22,"enemies":"3 Cultists","floor":21,"turns":5},{"damage":24,"enemies":"Gremlin Leader","floor":24,"turns":10},{"damage":0,"enemies":"Snecko","floor":25,"turns":5},{"damage":0,"enemies":"Snake Plant","floor":29,"turns":1},{"damage":29,"enemies":"3 Cultists","floor":31,"turns":5},{"damage":11,"enemies":"Collector","floor":33,"turns":17},{"damage":0,"enemies":"Orb Walker","floor":35,"turns":3},{"damage":39,"enemies":"3 Darklings","floor":37,"turns":3},{"damage":0,"enemies":"Maw","floor":39,"turns":9},{"damage":25,"enemies":"4 Shapes","floor":41,"turns":10},{"damage":70,"enemies":"Reptomancer","floor":46,"turns":2}],"seed_played":"-6922755249610153614","potions_obtained":[{"floor":1,"key":"Weak Potion"},{"floor":5,"key":"Poison Potion"},{"floor":14,"key":"Energy Potion"},{"floor":18,"key":"Ancient Potion"},{"floor":24,"key":"SmokeBomb"},{"floor":25,"key":"Weak Potion"},{"floor":31,"key":"Poison Potion"},{"floor":33,"key":"SkillPotion"},{"floor":39,"key":"Regen Potion"}],"is_trial":false,"path_per_floor":["M","M","T","$","M","E","R","?","T","E","M","R","M","M","R","B",null,"M","M","?","M","$","R","E","M","T","$","R","M","R","M","R","B",null,"M","?","M","?","M","R","M","R","T","$","R","E"],"character_chosen":"DEFECT","items_purchased":["Ball Lightning","Turbo","BootSequence+1","DollysMirror","Seek+1"],"campfire_rested":6,"item_purchase_floors":[4,4,22,27,44],"current_hp_per_floor":[64,64,64,64,64,34,34,34,34,26,25,25,16,16,16,7,55,54,48,48,26,26,47,23,23,23,23,44,44,65,36,57,60,68,68,58,19,19,19,40,30,51,51,51,51,0],"gold":36,"neow_bonus":"THREE_ENEMY_KILL","is_prod":false,"is_daily":false,"chose_seed":false,"campfire_upgraded":3,"win_rate":0,"timestamp":1547889641,"path_taken":["M","?","?","$","?","E","R","?","T","E","?","R","M","M","R","BOSS","M","M","?","?","?","R","E","M","T","$","R","M","R","M","R","BOSS","M","?","M","?","M","R","?","R","T","$","R","E"],"build_version":"2019-01-16","purchased_purges":2,"victory":false,"max_hp_per_floor":[71,71,71,71,71,71,71,71,71,71,71,71,71,71,71,71,71,71,71,71,71,71,71,71,71,71,71,71,71,71,71,71,71,71,71,71,71,71,71,71,71,71,71,71,71,71],"card_choices":[{"not_picked":["Storm","Turbo"],"picked":"Defragment","floor":1},{"not_picked":["Redo","Compile Driver"],"picked":"Auto Shields","floor":2},{"not_picked":["Fusion","Gash"],"picked":"Conserve Battery","floor":5},{"not_picked":["Ball Lightning","Sweeping Beam"],"picked":"Sunder","floor":6},{"not_picked":["Scrape","Skim"],"picked":"Steam","floor":10},{"not_picked":["Ball Lightning","Beam Cell"],"picked":"Conserve Battery+1","floor":13},{"not_picked":["Thunder Strike","Gash"],"picked":"Melter","floor":14},{"not_picked":["Creative AI","Machine Learning"],"picked":"Biased Cognition","floor":16},{"not_picked":["Force Field+1","Sweeping Beam+1"],"picked":"Hologram+1","floor":18},{"not_picked":["Leap+1","Ball Lightning+1"],"picked":"Hologram+1","floor":19},{"not_picked":["Darkness+1","Chill+1"],"picked":"Glacier+1","floor":21},{"not_picked":["Redo+1","Cold Snap"],"picked":"White Noise+1","floor":24},{"not_picked":["Leap+1","Cold Snap"],"picked":"Glacier+1","floor":25},{"not_picked":["Heatsinks+1","Compile Driver+1"],"picked":"Turbo+1","floor":31},{"not_picked":["Hyperbeam","Multi-Cast+1"],"picked":"Meteor Strike","floor":33},{"not_picked":["Beam Cell","Redo+1"],"picked":"Defragment","floor":35},{"not_picked":["Madness+1","Finesse+1"],"picked":"Chrysalis+1","floor":36},{"not_picked":["Madness+1","Blind+1"],"picked":"Chrysalis+1","floor":36},{"not_picked":["Good Instincts+1","Dark Shackles+1"],"picked":"Apotheosis+1","floor":36},{"not_picked":["Barrage","Streamline"],"picked":"Reinforced Body+1","floor":37},{"not_picked":["Self Repair","Sweeping Beam"],"picked":"Conserve Battery+1","floor":41}],"player_experience":1031926,"relics_obtained":[{"floor":3,"key":"Torii"},{"floor":6,"key":"War Paint"},{"floor":9,"key":"Bronze Scales"},{"floor":10,"key":"Toxic Egg 2"},{"floor":24,"key":"Old Coin"},{"floor":26,"key":"Pantograph"}],"event_choices":[{"damage_healed":0,"gold_gain":0,"player_choice":"Paid Gold","damage_taken":0,"relics_obtained":["Centennial Puzzle"],"max_hp_gain":0,"max_hp_loss":0,"event_name":"WeMeetAgain","floor":8,"gold_loss":72},{"cards_removed":["Strike_B"],"damage_healed":0,"gold_gain":0,"player_choice":"Offered Basic","damage_taken":0,"max_hp_gain":0,"max_hp_loss":0,"event_name":"Bonfire Elementals","floor":20,"gold_loss":0},{"damage_healed":0,"gold_gain":0,"player_choice":"Memory 3","damage_taken":10,"max_hp_gain":0,"max_hp_loss":0,"event_name":"SensoryStone","floor":36,"gold_loss":0},{"damage_healed":0,"gold_gain":0,"player_choice":"Trade","damage_taken":0,"relics_obtained":["CultistMask"],"max_hp_gain":0,"max_hp_loss":0,"event_name":"FaceTrader","floor":38,"gold_loss":0}],"is_beta":true,"boss_relics":[{"not_picked":["Empty Cage","Eternal Feather"],"picked":"Snecko Eye"},{"not_picked":["Orrery","Philosopher\u0027s Stone"],"picked":"Runic Dome"}],"items_purged_floors":[22,27],"is_endless":false,"potions_floor_spawned":[1,5,14,18,24,25,31,33,39],"killed_by":"Reptomancer","ascension_level":20}