{"gold_per_floor":[359,359,5,15,33,33,89,101,161,173,196,220,2,18,18,18],"floor_reached":16,"playtime":788,"items_purged":["Strike_G"],"score":166,"play_id":"2caed3ae-2a8a-4574-a448-a33319608cd6","local_time":"20190713214358","is_ascension_mode":true,"campfire_choices":[{"floor":6,"key":"REST"},{"data":"Blade Dance","floor":8,"key":"SMITH"},{"floor":10,"key":"REST"},{"floor":15,"key":"REST"}],"neow_cost":"TEN_PERCENT_HP_LOSS","seed_source_timestamp":317977934663073,"circlet_count":0,"master_deck":["AscendersBane","Strike_G","Strike_G","Strike_G","Strike_G","Defend_G","Defend_G","Defend_G+1","Defend_G","Defend_G+1","Survivor","Neutralize","Infinite Blades","Blade Dance+1","Dagger Spray","Dagger Spray","Quick Slash","PiercingWail","Blade Dance"],"relics":["Ring of the Snake","Ornamental Fan","MawBank","Art of War","Membership Card"],"potions_floor_usage":[16,16],"damage_taken":[{"damage":12,"enemies":"Jaw Worm","floor":1,"turns":7},{"damage":0,"enemies":"Small Slimes","floor":4,"turns":4},{"damage":1,"enemies":"2 Louse","floor":5,"turns":2},{"damage":23,"enemies":"Gremlin Nob","floor":7,"turns":5},{"damage":6,"enemies":"Lots of Slimes","floor":11,"turns":2},{"damage":13,"enemies":"Exordium Thugs","floor":12,"turns":4},{"damage":0,"enemies":"Large Slime","floor":14,"turns":5},{"damage":47,"enemies":"Hexaghost","floor":16,"turns":14}],"seed_played":"-7213115255616845505","potions_obtained":[{"floor":12,"key":"GhostInAJar"},{"floor":14,"key":"Energy Potion"}],"is_trial":false,"path_per_floor":["M","?","$","M","M","R","?","R","T","R","M","M","$","M","R","B"],"character_chosen":"THE_SILENT","items_purchased":["Ornamental Fan","Membership Card"],"campfire_rested":3,"item_purchase_floors":[3,13],"current_hp_per_floor":[47,29,29,29,28,46,23,23,23,41,35,22,22,22,40,0],"gold":18,"neow_bonus":"TWO_FIFTY_GOLD","is_prod":false,"is_daily":false,"chose_seed":false,"campfire_upgraded":1,"win_rate":0,"timestamp":1563072238,"path_taken":["M","?","$","M","M","R","?","R","T","R","M","M","$","M","R","BOSS"],"build_version":"2019-07-05","purchased_purges":1,"victory":false,"max_hp_per_floor":[60,60,60,60,60,60,60,60,60,60,60,60,60,60,60,60],"card_choices":[{"not_picked":["Prepared","Backstab"],"picked":"Infinite Blades","floor":1},{"not_picked":["Crippling Poison","Bane"],"picked":"Blade Dance","floor":4},{"not_picked":["Masterful Stab","Bane"],"picked":"Dagger Spray","floor":5},{"not_picked":["Expertise","Outmaneuver"],"picked":"Dagger Spray","floor":7},{"not_picked":["Dagger Throw","Outmaneuver"],"picked":"Quick Slash","floor":11},{"not_picked":["Bane","Tactician"],"picked":"PiercingWail","floor":12},{"not_picked":["Quick Slash","Underhanded Strike"],"picked":"Blade Dance","floor":14}],"player_experience":869082,"relics_obtained":[{"floor":7,"key":"MawBank"},{"floor":9,"key":"Art of War"}],"event_choices":[{"damage_healed":0,"gold_gain":0,"player_choice":"Entered Light","damage_taken":18,"max_hp_gain":0,"max_hp_loss":0,"event_name":"Shining Light","floor":2,"gold_loss":0,"cards_upgraded":["Defend_G","Defend_G"]},{"damage_healed":0,"gold_gain":0,"player_choice":"Searched \u00271\u0027 times","damage_taken":0,"max_hp_gain":0,"max_hp_loss":0,"event_name":"Dead Adventurer","floor":7,"gold_loss":0}],"is_beta":false,"boss_relics":[],"items_purged_floors":[3],"is_endless":false,"potions_floor_spawned":[12,14],"killed_by":"Hexaghost","ascension_level":16}