{"gold_per_floor":[211,211,229,229,245,270,270,289,289,305,305,305,305,99,99,220,220,245,269,194,48,73,73,104,104,155,167,213,20,20,33,33,159,159,175,200,100,100,100,100,136,136,136,136,151,169,169,44,44,44],"floor_reached":51,"playtime":3472,"items_purged":["Injury","Clash","Madness"],"score":666,"play_id":"2cb93cc0-57b0-4a3e-8dd6-917407d380da","local_time":"20181014175237","is_ascension_mode":false,"campfire_choices":[{"floor":7,"key":"REST"},{"data":"Defend_R","floor":11,"key":"SMITH"},{"data":"Shrug It Off","floor":15,"key":"SMITH"},{"data":"Offering","floor":23,"key":"SMITH"},{"data":"1","floor":30,"key":"LIFT"},{"data":"2","floor":32,"key":"LIFT"},{"data":"3","floor":40,"key":"LIFT"},{"floor":42,"key":"REST"},{"data":"Shockwave","floor":44,"key":"SMITH"},{"floor":49,"key":"REST"}],"neow_cost":"NONE","seed_source_timestamp":413309708597738,"circlet_count":0,"master_deck":["Strike_R","Strike_R","Defend_R","Defend_R","Defend_R","Defend_R+1","Bash","Clothesline","Pummel","Sword Boomerang","Shockwave+1","Fiend Fire","Iron Wave","Shrug It Off+1","Feel No Pain","Clothesline+1","Offering+1","Shrug It Off","Carnage","Flex","Impervious","Dramatic Entrance","Dramatic Entrance","Spot Weakness+1","Sadistic Nature"],"relics":["Burning Blood","Mercury Hourglass","Kunai","Letter Opener","Golden Idol","Snecko Eye","Red Mask","MawBank","Nilry\u0027s Codex","Girya","Lee\u0027s Waffle","Sozu","Toxic Egg 2","Art of War"],"potions_floor_usage":[10,10,16,36,36,50],"damage_taken":[{"damage":1,"enemies":"Cultist","floor":1,"turns":4},{"damage":11,"enemies":"Jaw Worm","floor":3,"turns":2},{"damage":2,"enemies":"Small Slimes","floor":5,"turns":3},{"damage":47,"enemies":"3 Sentries","floor":6,"turns":12},{"damage":6,"enemies":"Blue Slaver","floor":8,"turns":4},{"damage":13,"enemies":"3 Louse","floor":10,"turns":2},{"damage":24,"enemies":"Hexaghost","floor":16,"turns":11},{"damage":0,"enemies":"Spheric Guardian","floor":18,"turns":4},{"damage":1,"enemies":"Chosen","floor":19,"turns":3},{"damage":10,"enemies":"Shelled Parasite and Fungi","floor":22,"turns":2},{"damage":6,"enemies":"Masked Bandits","floor":24,"turns":3},{"damage":40,"enemies":"Gremlin Leader","floor":28,"turns":7},{"damage":3,"enemies":"3 Cultists","floor":31,"turns":5},{"damage":19,"enemies":"Champ","floor":33,"turns":12},{"damage":12,"enemies":"3 Shapes","floor":35,"turns":2},{"damage":13,"enemies":"3 Darklings","floor":36,"turns":6},{"damage":33,"enemies":"Nemesis","floor":41,"turns":5},{"damage":12,"enemies":"4 Shapes","floor":45,"turns":4},{"damage":6,"enemies":"Reptomancer","floor":46,"turns":2},{"damage":38,"enemies":"Awakened One","floor":50,"turns":13}],"seed_played":"2881221756772737591","potions_obtained":[{"floor":1,"key":"LiquidBronze"},{"floor":5,"key":"Energy Potion"},{"floor":10,"key":"PowerPotion"},{"floor":16,"key":"Fire Potion"},{"floor":18,"key":"Weak Potion"},{"floor":22,"key":"GamblersBrew"},{"floor":31,"key":"Energy Potion"}],"is_trial":false,"path_per_floor":["M","$","M","$","M","E","R","M","T","M","R","?","?","$","R","B",null,"M","M","?","$","M","R","?","?","T","?","E","$","R","M","R","B",null,"M","M","$","?","?","R","E","R","T","R","M","M","?","$","R","B"],"character_chosen":"IRONCLAD","items_purchased":["Shrug It Off","Feel No Pain","Offering","Lee\u0027s Waffle"],"campfire_rested":3,"item_purchase_floors":[14,14,21,29],"current_hp_per_floor":[80,80,75,75,79,38,62,62,62,55,55,52,52,52,52,34,80,80,80,80,80,76,76,76,76,76,60,26,87,87,87,87,74,87,81,74,74,69,58,58,31,57,57,57,51,51,51,51,77,45],"gold":44,"neow_bonus":"HUNDRED_GOLD","is_prod":false,"is_daily":false,"chose_seed":false,"campfire_upgraded":4,"win_rate":0,"timestamp":1539553957,"path_taken":["M","?","M","$","M","E","R","M","T","?","R","?","?","$","R","BOSS","M","M","?","?","M","R","?","?","T","?","E","$","R","M","R","BOSS","M","M","$","?","?","R","E","R","T","R","M","?","?","?","R","BOSS"],"build_version":"2018-10-11","purchased_purges":3,"victory":true,"max_hp_per_floor":[80,80,80,80,80,80,80,80,80,80,80,80,80,80,80,80,80,80,80,80,80,80,80,80,80,80,80,80,87,87,87,87,87,87,87,87,87,87,87,87,87,87,87,87,87,87,87,87,87,87],"card_choices":[{"not_picked":["Rampage","Body Slam"],"picked":"Clothesline","floor":1},{"not_picked":["Intimidate","Dropkick"],"picked":"Pummel","floor":3},{"not_picked":["Reckless Charge","Warcry"],"picked":"Sword Boomerang","floor":5},{"not_picked":["Whirlwind","Wild Strike"],"picked":"Shockwave","floor":6},{"not_picked":["Sentinel","Flex"],"picked":"Fiend Fire","floor":8},{"not_picked":["Havoc","Whirlwind"],"picked":"Iron Wave","floor":10},{"not_picked":["Anger","Rupture+1","Flex"],"picked":"SKIP","floor":18},{"not_picked":["Thunderclap","Feel No Pain"],"picked":"Clothesline+1","floor":19},{"not_picked":["Rupture","Heavy Blade+1"],"picked":"Shrug It Off","floor":22},{"not_picked":["Disarm+1","Iron Wave"],"picked":"Carnage","floor":24},{"not_picked":["Double Tap","Heavy Blade","Armaments"],"picked":"SKIP","floor":28},{"not_picked":["Sever Soul","Perfected Strike+1","Intimidate"],"picked":"SKIP","floor":31},{"not_picked":["Barricade","Brutality"],"picked":"Impervious","floor":33},{"not_picked":["Cleave","Bloodletting","Armaments"],"picked":"SKIP","floor":35},{"not_picked":["Anger+1","Twin Strike","Wild Strike+1"],"picked":"SKIP","floor":36},{"not_picked":["Mind Blast","Impatience"],"picked":"Dramatic Entrance","floor":38},{"not_picked":["Flash of Steel","Jack Of All Trades"],"picked":"Dramatic Entrance","floor":38},{"not_picked":["Disarm+1","Hemokinesis+1","Sword Boomerang"],"picked":"SKIP","floor":41},{"not_picked":["Warcry+1","Searing Blow","Body Slam"],"picked":"SKIP","floor":45},{"not_picked":["Bloodletting+1","Armaments+1"],"picked":"Spot Weakness+1","floor":46}],"player_experience":382943,"relics_obtained":[{"floor":6,"key":"Mercury Hourglass"},{"floor":9,"key":"Kunai"},{"floor":24,"key":"Red Mask"},{"floor":26,"key":"MawBank"},{"floor":27,"key":"Nilry\u0027s Codex"},{"floor":28,"key":"Girya"},{"floor":41,"key":"Toxic Egg 2"},{"floor":43,"key":"Art of War"}],"event_choices":[{"event_name":"Scrap Ooze","player_choice":"success","floor":12,"damage_taken":3},{"event_name":"Golden Idol","player_choice":"Take Wound","floor":13,"damage_taken":0},{"event_name":"Beggar","player_choice":"Gave Gold","floor":20,"damage_taken":0},{"event_name":"Masked Bandits","player_choice":"Fought Bandits","floor":24,"damage_taken":0},{"event_name":"Drug Dealer","player_choice":"Became Test Subject","floor":25,"damage_taken":0},{"event_name":"Cursed Tome","player_choice":"Obtained Book","floor":27,"damage_taken":0},{"event_name":"SensoryStone","player_choice":"Memory 2","floor":38,"damage_taken":0},{"event_name":"Winding Halls","player_choice":"Embrace Madness","floor":39,"damage_taken":0},{"event_name":"Transmorgrifier","player_choice":"Transform","floor":47,"damage_taken":0}],"is_beta":true,"boss_relics":[{"not_picked":["Calling Bell","Tiny House"],"picked":"Snecko Eye"},{"not_picked":["Runic Dome","Coffee Dripper"],"picked":"Sozu"}],"items_purged_floors":[14,37,48],"is_endless":false,"potions_floor_spawned":[1,5,10,16,18,22,31,33,45,46],"ascension_level":0}