{"gold_per_floor":[113,124,22,34,51,82,82,97,147,167,231,231,231,247,247,247],"floor_reached":16,"playtime":1087,"items_purged":[],"score":104,"play_id":"b331b587-9156-4cca-9e8e-69a7523241e7","local_time":"20190820111310","is_ascension_mode":false,"campfire_choices":[{"floor":7,"key":"REST"},{"floor":12,"key":"REST"},{"data":"Neutralize","floor":15,"key":"SMITH"}],"neow_cost":"NONE","seed_source_timestamp":351937421396700,"circlet_count":0,"master_deck":["Strike_G","Strike_G","Strike_G","Strike_G","Strike_G","Defend_G+1","Defend_G","Defend_G","Defend_G","Defend_G","Survivor+1","Neutralize+1","Prepared","Dagger Spray","Underhanded Strike","Noxious Fumes","Dagger Spray","Backflip","Underhanded Strike","Sucker Punch","Dagger Spray","Crippling Poison"],"special_seed":0,"relics":["Ring of the Snake","NeowsBlessing","StoneCalendar","Pen Nib","Dodecahedron"],"potions_floor_usage":[6,11,11,16,16],"damage_taken":[{"damage":0,"enemies":"Small Slimes","floor":1,"turns":1},{"damage":0,"enemies":"2 Louse","floor":2,"turns":1},{"damage":0,"enemies":"Cultist","floor":4,"turns":1},{"damage":0,"enemies":"Looter","floor":5,"turns":4},{"damage":43,"enemies":"Gremlin Nob","floor":6,"turns":6},{"damage":2,"enemies":"2 Fungi Beasts","floor":8,"turns":3},{"damage":0,"enemies":"Large Slime","floor":10,"turns":5},{"damage":21,"enemies":"Gremlin Nob","floor":11,"turns":4},{"damage":3,"enemies":"Lots of Slimes","floor":14,"turns":2},{"damage":22,"enemies":"Slime Boss","floor":16,"turns":7}],"seed_played":"-4695235786599345132","potions_obtained":[{"floor":2,"key":"Block Potion"},{"floor":6,"key":"PowerPotion"},{"floor":8,"key":"PowerPotion"},{"floor":11,"key":"Weak Potion"},{"floor":14,"key":"Fire Potion"}],"is_trial":false,"path_per_floor":["M","M","$","M","M","E","R","M","T","M","?","R","?","M","R","B"],"character_chosen":"THE_SILENT","items_purchased":["Underhanded Strike","Noxious Fumes"],"campfire_rested":2,"item_purchase_floors":[3,3],"current_hp_per_floor":[70,70,70,70,70,27,48,46,46,46,25,46,32,29,29,7],"gold":247,"neow_bonus":"THREE_ENEMY_KILL","is_prod":false,"is_daily":false,"chose_seed":false,"campfire_upgraded":1,"win_rate":0.0,"timestamp":1566324790,"path_taken":["M","M","$","M","M","E","R","M","T","M","?","R","?","M","R","BOSS"],"build_version":"2019-07-17","purchased_purges":0,"victory":false,"max_hp_per_floor":[70,70,70,70,70,70,70,70,70,70,70,70,70,70,70,70],"card_choices":[{"not_picked":["Bane","Flechettes"],"picked":"Prepared","floor":1},{"not_picked":["Riddle With Holes","Blade Dance"],"picked":"Dagger Spray","floor":2},{"not_picked":["Slice","Prepared"],"picked":"Dagger Spray","floor":4},{"not_picked":["Poisoned Stab","Bouncing Flask"],"picked":"Backflip","floor":5},{"not_picked":["Wraith Form v2","Backstab"],"picked":"Underhanded Strike","floor":6},{"not_picked":["Endless Agony","Blade Dance"],"picked":"Sucker Punch","floor":8},{"not_picked":["Bane","Blade Dance"],"picked":"Dagger Spray","floor":10},{"not_picked":["Outmaneuver","Backflip"],"picked":"Crippling Poison","floor":11},{"not_picked":["Underhanded Strike","Poisoned Stab","Infinite Blades"],"picked":"SKIP","floor":14}],"player_experience":37777,"relics_obtained":[{"floor":6,"key":"StoneCalendar"},{"floor":9,"key":"Pen Nib"},{"floor":11,"key":"Dodecahedron"}],"event_choices":[{"damage_healed":0,"gold_gain":30,"player_choice":"Searched \u00272\u0027 times","damage_taken":0,"max_hp_gain":0,"max_hp_loss":0,"event_name":"Dead Adventurer","floor":11,"gold_loss":0},{"damage_healed":0,"gold_gain":0,"player_choice":"Entered Light","damage_taken":14,"max_hp_gain":0,"max_hp_loss":0,"event_name":"Shining Light","floor":13,"gold_loss":0,"cards_upgraded":["Survivor","Defend_G"]}],"is_beta":false,"boss_relics":[],"items_purged_floors":[],"is_endless":false,"potions_floor_spawned":[2,6,8,11,14],"killed_by":"Slime Boss","ascension_level":0}