{"gold_per_floor":[113,188,188,201,2,2,2,2,2,2,18,37,37,80,80,80],"floor_reached":16,"playtime":145,"items_purged":["Defend_R"],"score":98,"play_id":"7cb1db34-8037-4920-bd3c-0b0d3d87d5b9","local_time":"20181206141953","is_ascension_mode":false,"campfire_choices":[{"data":"Armaments","floor":6,"key":"SMITH"},{"data":"Perfected Strike","floor":15,"key":"SMITH"}],"neow_cost":"NONE","seed_source_timestamp":28905554963006,"circlet_count":0,"master_deck":["Strike_R","Strike_R","Strike_R","Strike_R","Strike_R","Defend_R+1","Defend_R","Defend_R","Bash","Pommel Strike+1","Flex+1","Carnage","Armaments+1","Sword Boomerang","Shrug It Off+1","Pain","Perfected Strike+1"],"relics":["Burning Blood","NeowsBlessing","Golden Idol","Du-Vu Doll","Shuriken","WarpedTongs","War Paint"],"potions_floor_usage":[],"damage_taken":[{"damage":0,"enemies":"2 Louse","floor":1,"turns":1},{"damage":0,"enemies":"Jaw Worm","floor":4,"turns":1},{"damage":0,"enemies":"Cultist","floor":11,"turns":1},{"damage":12,"enemies":"Looter","floor":12,"turns":3},{"damage":29,"enemies":"Lagavulin","floor":14,"turns":4},{"damage":3,"enemies":"The Guardian","floor":16,"turns":2}],"seed_played":"-3055544702196933774","potions_obtained":[{"floor":1,"key":"Regen Potion"},{"floor":11,"key":"Dexterity Potion"}],"is_trial":false,"path_per_floor":["M","?","?","M","$","R","?","?","T","$","M","M","?","E","R","B"],"character_chosen":"IRONCLAD","items_purchased":["Carnage","Armaments"],"campfire_rested":0,"item_purchase_floors":[5,5],"current_hp_per_floor":[80,69,53,59,59,59,59,59,59,59,65,59,59,36,36,33],"gold":80,"neow_bonus":"THREE_ENEMY_KILL","is_prod":false,"is_daily":false,"chose_seed":false,"campfire_upgraded":2,"win_rate":0,"timestamp":1544134793,"path_taken":["M","?","?","?","?","R","?","?","T","$","M","?","?","E","R","BOSS"],"build_version":"2018-12-05","purchased_purges":1,"victory":false,"max_hp_per_floor":[80,80,80,80,80,80,74,74,74,74,74,74,74,74,74,74],"card_choices":[{"not_picked":["Havoc","Intimidate"],"picked":"Pommel Strike","floor":1},{"not_picked":["Havoc","Ghostly Armor"],"picked":"Flex","floor":4},{"not_picked":["Second Wind","True Grit"],"picked":"Sword Boomerang","floor":11},{"not_picked":["Infernal Blade","Feel No Pain"],"picked":"Shrug It Off","floor":12},{"not_picked":["Havoc","Armaments"],"picked":"Perfected Strike","floor":14}],"player_experience":968232,"relics_obtained":[{"floor":9,"key":"Shuriken"},{"floor":14,"key":"War Paint"}],"event_choices":[{"damage_healed":0,"gold_gain":75,"player_choice":"Gather Gold","damage_taken":11,"max_hp_gain":0,"max_hp_loss":0,"event_name":"World of Goop","floor":2,"gold_loss":0},{"damage_healed":0,"gold_gain":0,"player_choice":"Entered Light","damage_taken":16,"max_hp_gain":0,"max_hp_loss":0,"event_name":"Shining Light","floor":3,"gold_loss":0,"cards_upgraded":["Defend_R","Pommel Strike"]},{"damage_healed":0,"gold_gain":0,"player_choice":"Lose Max HP","damage_taken":0,"relics_obtained":["Golden Idol"],"max_hp_gain":0,"max_hp_loss":6,"event_name":"Golden Idol","floor":7,"gold_loss":0},{"damage_healed":0,"gold_gain":0,"player_choice":"Gave Potion","damage_taken":0,"relics_obtained":["Du-Vu Doll"],"max_hp_gain":0,"max_hp_loss":0,"event_name":"WeMeetAgain","floor":8,"gold_loss":0},{"damage_healed":0,"gold_gain":0,"player_choice":"Rummage","damage_taken":0,"relics_obtained":["WarpedTongs"],"max_hp_gain":0,"max_hp_loss":0,"event_name":"Accursed Blacksmith","floor":13,"gold_loss":0,"cards_obtained":["Pain"]}],"is_beta":true,"boss_relics":[],"items_purged_floors":[5],"is_endless":false,"potions_floor_spawned":[1,11],"killed_by":"The Guardian","ascension_level":0}