{"path_per_floor":["M","M","$","M","M","E","R","$","T","R","E","?","R","$","R","B",null,"M","M","?","M","T","R","M","$","T","R","M","M","M","M","R","B",null,"M","M","M","M","?","R","?","R","T","R","M","$","M","$","R"],"character_chosen":"IRONCLAD","items_purchased":["Flex","Shrug It Off","Lantern","Happy Flower"],"gold_per_floor":[112,131,56,72,91,124,124,17,17,17,74,74,74,74,74,175,175,194,212,212,228,307,307,325,225,280,280,297,313,333,348,348,444,444,455,467,477,487,487,487,467,467,467,467,477,55,67,67,67,67],"floor_reached":50,"campfire_rested":6,"playtime":4859,"current_hp_per_floor":[79,79,79,79,79,58,58,58,58,58,29,22,46,46,70,18,80,69,72,57,48,48,48,17,17,17,57,59,49,39,35,75,50,85,81,85,60,36,36,36,36,36,36,76,67,67,57,57,85,0],"items_purged":["Strike_R","Strike_R","Strike_R"],"gold":67,"score":505,"play_id":"f0e0584f-8e04-4309-b852-cf7e498e50c3","local_time":"20180327235542","is_prod":false,"is_daily":false,"is_ascension_mode":true,"campfire_upgraded":5,"timestamp":1522187742,"path_taken":["M","?","?","?","M","E","R","$","T","R","E","?","R","?","R","BOSS","M","M","?","M","?","R","M","$","T","R","?","M","M","M","R","BOSS","M","M","M","M","?","R","?","R","T","R","M","$","M","$","R","BOSS"],"build_version":"2018-03-22v2","purchased_purges":3,"victory":false,"master_deck":["Strike_R","Defend_R","Defend_R","Defend_R","Defend_R","Bash","True Grit","Heavy Blade+1","Whirlwind+1","Flex","Shrug It Off","Rampage+1","Limit Break+1","Shrug It Off+1","Inflame+1","Heavy Blade+1","Iron Wave","Iron Wave+1","Headbutt+1","Inflame+1","True Grit+1"],"max_hp_per_floor":[80,80,80,80,80,80,80,80,80,80,80,80,80,80,80,80,80,80,80,85,85,85,85,85,85,85,85,85,85,85,85,85,85,85,85,85,85,85,85,85,85,85,85,85,85,85,85,85,85,85],"relics":["Burning Blood","Art of War","Pen Nib","Blood Vial","Tiny Chest","Dodecahedron","Velvet Choker","Toxic Egg 2","Regal Pillow","Orrery","Dream Catcher","Lantern","Happy Flower"],"card_choices":[{"not_picked":["Warcry","Havoc"],"picked":"True Grit","floor":1},{"not_picked":["Sentinel","Fire Breathing"],"picked":"Heavy Blade","floor":4},{"not_picked":["Warcry","Carnage"],"picked":"Whirlwind","floor":5},{"not_picked":["Second Wind","Bludgeon"],"picked":"Rampage","floor":11},{"not_picked":["Reaper","Feed"],"picked":"Limit Break","floor":16},{"not_picked":["Heavy Blade","Intimidate"],"picked":"Shrug It Off","floor":18},{"not_picked":["Wild Strike","Flex"],"picked":"Inflame","floor":19},{"not_picked":["Body Slam","Clash"],"picked":"Heavy Blade","floor":28},{"not_picked":["Havoc","Hemokinesis"],"picked":"Iron Wave","floor":30},{"not_picked":["Sword Boomerang","Inflame"],"picked":"Iron Wave","floor":34},{"not_picked":["Intimidate","Perfected Strike"],"picked":"Headbutt","floor":34},{"not_picked":["Sword Boomerang","Shrug It Off"],"picked":"Inflame","floor":37},{"not_picked":["Iron Wave","Pommel Strike"],"picked":"True Grit","floor":44}],"player_experience":135160,"potions_floor_usage":[11,21,28,31,36,47,50,50,50],"damage_taken":[{"damage":7,"enemies":"Cultist","floor":1,"turns":5},{"damage":6,"enemies":"2 Louse","floor":2,"turns":3},{"damage":6,"enemies":"Jaw Worm","floor":4,"turns":5},{"damage":6,"enemies":"Exordium Wildlife","floor":5,"turns":4},{"damage":27,"enemies":"3 Sentries","floor":6,"turns":6},{"damage":37,"enemies":"Lagavulin","floor":11,"turns":7},{"damage":60,"enemies":"The Guardian","floor":16,"turns":12},{"damage":17,"enemies":"Chosen","floor":18,"turns":5},{"damage":5,"enemies":"3 Byrds","floor":19,"turns":4},{"damage":17,"enemies":"Snake Plant","floor":21,"turns":4},{"damage":39,"enemies":"Cultist and Chosen","floor":24,"turns":6},{"damage":6,"enemies":"3 Cultists","floor":28,"turns":4},{"damage":18,"enemies":"Snake Plant","floor":29,"turns":3},{"damage":18,"enemies":"Centurion and Healer","floor":30,"turns":5},{"damage":12,"enemies":"3 Cultists","floor":31,"turns":3},{"damage":33,"enemies":"Champ","floor":33,"turns":9},{"damage":10,"enemies":"3 Darklings","floor":35,"turns":4},{"damage":0,"enemies":"Orb Walker","floor":36,"turns":3},{"damage":31,"enemies":"Sphere and 2 Shapes","floor":37,"turns":3},{"damage":32,"enemies":"4 Shapes","floor":38,"turns":4},{"damage":17,"enemies":"3 Darklings","floor":45,"turns":4},{"damage":18,"enemies":"Maw","floor":47,"turns":7},{"damage":97,"enemies":"Awakened One","floor":50,"turns":10}],"event_choices":[{"event_name":"Scrap Ooze","player_choice":"success","floor":12,"damage_taken":7},{"event_name":"Forgotten Altar","player_choice":"Shed Blood","floor":20,"damage_taken":0},{"event_name":"The Woman in Blue","player_choice":"Bought 1 Potion","floor":41,"damage_taken":0}],"boss_relics":[{"not_picked":["White Beast Statue","Black Star"],"picked":"Velvet Choker"},{"not_picked":["Philosopher\u0027s Stone","Mark of Pain"],"picked":"Orrery"}],"potions_floor_spawned":[4,6,16,19,30,33,35,45,47],"seed_played":"4731055179700295004","killed_by":"Awakened One","ascension_level":1,"is_trial":false}