{"gold_per_floor":[117,133,2,18,30,58,116,116,116,132,307,334,10,10,10,105,105,115,127,127,140,67,67],"floor_reached":23,"playtime":1589,"items_purged":["Doubt"],"score":201,"play_id":"26782ec7-695d-4564-8d06-2d90184a2e67","local_time":"20190604184004","is_ascension_mode":false,"campfire_choices":[{"floor":8,"key":"REST"},{"data":"Malaise","floor":15,"key":"SMITH"}],"neow_cost":"NONE","seed_source_timestamp":1413632575456142,"circlet_count":0,"master_deck":["Defend_G","Defend_G","Defend_G","Defend_G","Defend_G","Strike_G","Strike_G","Strike_G","Survivor","Neutralize","Flying Knee","Poisoned Stab","Dagger Spray","PiercingWail","Backflip","Poisoned Stab","Finisher","Malaise+1","Crippling Poison","Noxious Fumes","Blade Dance","Parasite","Glass Knife","Noxious Fumes","Leg Sweep","Footwork"],"relics":["Empty Cage","StoneCalendar","Shuriken","Kunai","Matryoshka","Chemical X","WristBlade"],"potions_floor_usage":[6,7,18,18,20,21],"damage_taken":[{"damage":4,"enemies":"Cultist","floor":1,"turns":5},{"damage":0,"enemies":"2 Louse","floor":2,"turns":3},{"damage":0,"enemies":"Small Slimes","floor":4,"turns":3},{"damage":3,"enemies":"2 Fungi Beasts","floor":5,"turns":5},{"damage":29,"enemies":"3 Sentries","floor":6,"turns":7},{"damage":20,"enemies":"Lagavulin Event","floor":7,"turns":6},{"damage":10,"enemies":"Exordium Thugs","floor":10,"turns":3},{"damage":13,"enemies":"Lagavulin","floor":12,"turns":6},{"damage":2,"enemies":"Hexaghost","floor":16,"turns":7},{"damage":12,"enemies":"Spheric Guardian","floor":18,"turns":5},{"damage":4,"enemies":"Shell Parasite","floor":19,"turns":6},{"damage":30,"enemies":"Colosseum Slavers","floor":20,"turns":5},{"damage":14,"enemies":"Centurion and Healer","floor":21,"turns":7},{"damage":14,"enemies":"Slavers","floor":23,"turns":1}],"seed_played":"589199247797519640","potions_obtained":[{"floor":2,"key":"Regen Potion"},{"floor":4,"key":"Energy Potion"},{"floor":5,"key":"SpeedPotion"},{"floor":12,"key":"Dexterity Potion"},{"floor":16,"key":"PowerPotion"},{"floor":18,"key":"Strength Potion"},{"floor":21,"key":"SkillPotion"}],"is_trial":false,"path_per_floor":["M","M","$","M","M","E","?","R","T","M","?","E","$","?","R","B",null,"M","M","?","M","$","E"],"character_chosen":"THE_SILENT","items_purchased":["Dagger Spray","PiercingWail","Backflip","Chemical X","Blade Dance","Footwork"],"campfire_rested":1,"item_purchase_floors":[3,3,3,13,13,22],"current_hp_per_floor":[66,66,66,66,63,34,29,50,50,40,40,27,27,44,44,42,70,58,54,24,10,10,0],"gold":67,"neow_bonus":"BOSS_RELIC","is_prod":false,"is_daily":false,"chose_seed":false,"campfire_upgraded":1,"win_rate":0,"timestamp":1559691604,"path_taken":["M","M","$","M","?","E","?","R","T","M","?","E","$","?","R","BOSS","M","M","?","M","$","E"],"build_version":"2019-01-23","purchased_purges":1,"victory":false,"max_hp_per_floor":[70,70,70,70,70,70,70,70,70,70,70,70,70,70,70,70,70,70,70,70,70,70,70],"card_choices":[{"not_picked":["Dodge and Roll","Underhanded Strike"],"picked":"Flying Knee","floor":1},{"not_picked":["Underhanded Strike","All Out Attack"],"picked":"Poisoned Stab","floor":2},{"not_picked":["Well Laid Plans","Concentrate"],"picked":"Poisoned Stab","floor":4},{"not_picked":["Terror","PiercingWail"],"picked":"Finisher","floor":5},{"not_picked":["Flying Knee","Deflect"],"picked":"Malaise","floor":6},{"not_picked":["Deadly Poison","Bane"],"picked":"Crippling Poison","floor":7},{"not_picked":["Dagger Spray","Concentrate"],"picked":"Noxious Fumes","floor":10},{"not_picked":["Terror","Reflex","Bouncing Flask"],"picked":"SKIP","floor":12},{"not_picked":["Unload","A Thousand Cuts"],"picked":"Glass Knife","floor":16},{"not_picked":["Crippling Poison+1","Quick Slash+1"],"picked":"Noxious Fumes","floor":18},{"not_picked":["Bane+1","Catalyst+1","Deadly Poison"],"picked":"SKIP","floor":19},{"not_picked":["Dagger Throw","Catalyst+1"],"picked":"Leg Sweep","floor":21}],"player_experience":736172,"relics_obtained":[{"floor":6,"key":"StoneCalendar"},{"floor":9,"key":"Kunai"},{"floor":12,"key":"Matryoshka"}],"event_choices":[{"damage_healed":0,"gold_gain":0,"player_choice":"Searched \u00272\u0027 times","damage_taken":0,"relics_obtained":["Shuriken"],"max_hp_gain":0,"max_hp_loss":0,"event_name":"Dead Adventurer","floor":7,"gold_loss":0},{"damage_healed":0,"gold_gain":175,"player_choice":"AGREE","damage_taken":0,"max_hp_gain":0,"max_hp_loss":0,"event_name":"Liars Game","floor":11,"gold_loss":0,"cards_obtained":["Doubt"]},{"damage_healed":17,"gold_gain":0,"player_choice":"Healed and dodged fight","damage_taken":0,"max_hp_gain":0,"max_hp_loss":0,"event_name":"Mushrooms","floor":14,"gold_loss":0,"cards_obtained":["Parasite"]},{"damage_healed":0,"gold_gain":0,"player_choice":"Fight","damage_taken":0,"max_hp_gain":0,"max_hp_loss":0,"event_name":"Colosseum","floor":20,"gold_loss":0},{"damage_healed":0,"gold_gain":0,"player_choice":"Fled From Nobs","damage_taken":0,"max_hp_gain":0,"max_hp_loss":0,"event_name":"Colosseum","floor":20,"gold_loss":0}],"is_beta":false,"boss_relics":[{"not_picked":["Calling Bell","Eternal Feather"],"picked":"WristBlade"}],"items_purged_floors":[13],"is_endless":false,"potions_floor_spawned":[2,4,5,12,16,18,21],"killed_by":"Slavers","ascension_level":0}