{"gold_per_floor":[116,18,37,37,2,63,63,97,124,124,142,174,34,34,34,34],"floor_reached":16,"playtime":371,"items_purged":[],"score":282,"play_id":"5c8140d8-6fb8-40db-af6e-fe7f7afd1371","local_time":"20190213180340","is_ascension_mode":true,"campfire_choices":[{"data":"Discovery","floor":7.0,"key":"SMITH"},{"data":"Go for the Eyes","floor":10.0,"key":"SMITH"},{"data":"Beam Cell","floor":15,"key":"SMITH"}],"neow_cost":"NONE","seed_source_timestamp":984698483647,"circlet_count":0,"master_deck":["AscendersBane","Strike_B","Strike_B","Strike_B","Strike_B","Defend_B+1","Defend_B","Defend_B","Defend_B","Zap+1","Dualcast","Genetic Algorithm","Discovery+1","Cold Snap","Beam Cell+1","Go for the Eyes+1","Meteor Strike","Rip and Tear","Flash of Steel","Defragment+1"],"special_seed":0,"relics":["Cracked Core","NeowsBlessing","Tiny Chest","Shuriken","Potion Belt","Kunai"],"potions_floor_usage":[],"damage_taken":[{"damage":0.0,"enemies":"2 Louse","floor":1.0,"turns":1.0},{"damage":0.0,"enemies":"Jaw Worm","floor":3.0,"turns":1.0},{"damage":0.0,"enemies":"Gremlin Nob","floor":6.0,"turns":1.0},{"damage":15.0,"enemies":"Lagavulin","floor":8.0,"turns":5.0},{"damage":4.0,"enemies":"Small Slimes","floor":11.0,"turns":3.0},{"damage":34.0,"enemies":"Gremlin Nob","floor":12.0,"turns":6.0},{"damage":12,"enemies":"Hexaghost","floor":16,"turns":7}],"seed_played":"-3182322796809560056","potions_obtained":[{"floor":6.0,"key":"Weak Potion"}],"is_trial":false,"path_per_floor":["M","$","M","?","?","E","R","E","T","R","M","E","$","?","R","B"],"character_chosen":"DEFECT","items_purchased":["Discovery","Flash of Steel","Defragment"],"campfire_rested":0,"item_purchase_floors":[2,13,13],"current_hp_per_floor":[64,64,64,43,60,60,60,45,45,45,41,7,7,7,7,0],"gold":34,"neow_bonus":"THREE_ENEMY_KILL","is_prod":false,"is_daily":false,"chose_seed":false,"campfire_upgraded":3,"win_rate":0,"timestamp":1550109820,"path_taken":["M","$","M","?","?","E","R","E","T","R","M","E","$","?","R","BOSS"],"build_version":"2019-02-06","purchased_purges":0,"victory":false,"max_hp_per_floor":[71,71,71,71,71,71,71,71,71,71,71,71,71,71,71,71],"card_choices":[{"not_picked":["Barrage","Scrape"],"picked":"Genetic Algorithm","floor":1.0},{"not_picked":["Beam Cell","Reinforced Body"],"picked":"Cold Snap","floor":3.0},{"not_picked":["Hyperbeam","Sweeping Beam"],"picked":"Beam Cell","floor":6.0},{"not_picked":["Stack","Redo"],"picked":"Go for the Eyes","floor":8.0},{"not_picked":["Leap","Barrage"],"picked":"Meteor Strike","floor":11.0},{"not_picked":["Steam","Melter"],"picked":"Rip and Tear","floor":12.0}],"player_experience":1159503,"relics_obtained":[{"floor":6.0,"key":"Tiny Chest"},{"floor":8.0,"key":"Shuriken"},{"floor":9.0,"key":"Potion Belt"},{"floor":12.0,"key":"Kunai"}],"event_choices":[{"damage_healed":0.0,"max_hp_gain":0.0,"max_hp_loss":0.0,"gold_gain":0.0,"event_name":"Shining Light","player_choice":"Entered Light","floor":4.0,"gold_loss":0.0,"damage_taken":21.0,"cards_upgraded":["Defend_B","Zap"]},{"damage_healed":17.0,"max_hp_gain":0.0,"max_hp_loss":0.0,"gold_gain":0.0,"event_name":"The Cleric","player_choice":"Healed","floor":5.0,"gold_loss":35.0,"damage_taken":0.0},{"damage_healed":0.0,"max_hp_gain":0.0,"max_hp_loss":0.0,"gold_gain":0.0,"event_name":"Living Wall","player_choice":"Grow","floor":14.0,"gold_loss":0.0,"damage_taken":0.0,"cards_upgraded":["Defragment"]}],"is_beta":true,"boss_relics":[],"items_purged_floors":[],"is_endless":false,"potions_floor_spawned":[6],"killed_by":"Hexaghost","ascension_level":20}