{"gold_per_floor":[366,376,388,401,35,35,60,125,194,194,194,219,219,64,64,138,138,151,30,30,49,59,59],"floor_reached":23,"playtime":1565,"items_purged":["Parasite","Strike_R"],"score":448,"play_id":"11b1bc5c-6940-4154-85d7-4b8a24dfae2f","local_time":"20190826223338","is_ascension_mode":true,"campfire_choices":[{"data":"Bash","floor":6.0,"key":"SMITH"},{"floor":10.0,"key":"REST"},{"data":"Inflame","floor":15.0,"key":"SMITH"}],"neow_cost":"CURSE","seed_source_timestamp":0,"circlet_count":0,"master_deck":["AscendersBane","Strike_R","Strike_R","Strike_R","Strike_R","Defend_R","Defend_R","Defend_R","Defend_R","Bash+1","Thunderclap","Inflame+1","Headbutt","Pummel","Twin Strike","Bandage Up","Offering","Metallicize","Combust","Offering","Sword Boomerang","Feed","Cleave","Second Wind","Feel No Pain","Spot Weakness","Havoc","Shockwave+1"],"special_seed":0,"relics":["Burning Blood","Champion Belt","Bag of Marbles","Question Card","Pen Nib","Philosopher\u0027s Stone"],"potions_floor_usage":[],"damage_taken":[{"damage":5.0,"enemies":"2 Louse","floor":1.0,"turns":3.0},{"damage":7.0,"enemies":"Jaw Worm","floor":2.0,"turns":4.0},{"damage":1.0,"enemies":"Cultist","floor":3.0,"turns":4.0},{"damage":7.0,"enemies":"Looter","floor":4.0,"turns":4.0},{"damage":26.0,"enemies":"Gremlin Nob","floor":7.0,"turns":4.0},{"damage":39.0,"enemies":"Lagavulin Event","floor":8.0,"turns":6.0},{"damage":27.0,"enemies":"Lagavulin","floor":12.0,"turns":5.0},{"damage":15.0,"enemies":"Slime Boss","floor":16.0,"turns":4.0},{"damage":21.0,"enemies":"Spheric Guardian","floor":18.0,"turns":3.0},{"damage":24.0,"enemies":"Shell Parasite","floor":21.0,"turns":3.0},{"damage":35.0,"enemies":"Cultist and Chosen","floor":22.0,"turns":7.0},{"damage":27,"enemies":"Gremlin Leader","floor":23,"turns":1}],"seed_played":"2629784421743930085","potions_obtained":[{"floor":3.0,"key":"Weak Potion"},{"floor":4.0,"key":"Explosive Potion"},{"floor":12.0,"key":"Poison Potion"},{"floor":18.0,"key":"Dexterity Potion"}],"is_trial":false,"path_per_floor":["M","M","M","M","$","R","E","?","T","R","?","E","?","$","R","B",null,"M","$","?","M","M","E"],"character_chosen":"IRONCLAD","items_purchased":["Twin Strike","Bandage Up","Offering","Sword Boomerang","Second Wind","Feel No Pain"],"campfire_rested":1,"item_purchase_floors":[5,5,5,14,19,19],"current_hp_per_floor":[69,68,73,72,72,72,56,27,27,48,48,31,55,55,55,50,67,59,59,59,48,26,0],"gold":59,"neow_bonus":"TWO_FIFTY_GOLD","is_prod":false,"is_daily":false,"chose_seed":false,"campfire_upgraded":2,"win_rate":0,"timestamp":1566884018,"path_taken":["M","M","M","M","$","R","E","?","T","R","?","E","?","?","R","BOSS","M","?","?","M","M","E"],"build_version":"2019-07-17","purchased_purges":2,"victory":false,"max_hp_per_floor":[75,75,75,75,72,72,72,72,72,72,72,72,72,72,72,72,72,75,75,75,78,81,81],"card_choices":[{"not_picked":["Perfected Strike","Iron Wave"],"picked":"Thunderclap","floor":1.0},{"not_picked":["Body Slam","Pommel Strike"],"picked":"Inflame","floor":2.0},{"not_picked":["Burning Pact","Anger"],"picked":"Headbutt","floor":3.0},{"not_picked":["Clash","Heavy Blade"],"picked":"Pummel","floor":4.0},{"not_picked":["Ghostly Armor","Twin Strike"],"picked":"Metallicize","floor":7.0},{"not_picked":["Shockwave","Heavy Blade"],"picked":"Combust","floor":8.0},{"not_picked":["Sever Soul","Pommel Strike","Intimidate"],"picked":"Offering","floor":12.0},{"not_picked":["Barricade","Double Tap","Demon Form"],"picked":"Feed","floor":16.0},{"not_picked":["Searing Blow","Corruption","Warcry"],"picked":"Cleave","floor":18.0},{"not_picked":["Sword Boomerang","Searing Blow","Burning Pact"],"picked":"Havoc","floor":21.0},{"not_picked":["Feel No Pain","Wild Strike","Iron Wave"],"picked":"Shockwave+1","floor":22.0}],"player_experience":729229,"relics_obtained":[{"floor":7.0,"key":"Champion Belt"},{"floor":8.0,"key":"Bag of Marbles"},{"floor":9.0,"key":"Question Card"},{"floor":12.0,"key":"Pen Nib"}],"event_choices":[{"damage_healed":0.0,"max_hp_gain":0.0,"max_hp_loss":0.0,"gold_gain":30.0,"event_name":"Dead Adventurer","player_choice":"Searched \u00272\u0027 times","floor":8.0,"gold_loss":0.0,"damage_taken":0.0},{"damage_healed":0.0,"max_hp_gain":0.0,"max_hp_loss":0.0,"gold_gain":0.0,"event_name":"Shining Light","player_choice":"Ignored","floor":11.0,"gold_loss":0.0,"damage_taken":0.0},{"damage_healed":24.0,"max_hp_gain":0.0,"max_hp_loss":0.0,"gold_gain":0.0,"event_name":"Big Fish","player_choice":"Banana","floor":13.0,"gold_loss":0.0,"damage_taken":0.0},{"damage_healed":0.0,"max_hp_gain":0.0,"max_hp_loss":0.0,"gold_gain":0.0,"event_name":"The Library","player_choice":"Read","floor":20.0,"gold_loss":0.0,"damage_taken":0.0,"cards_obtained":["Spot Weakness"]}],"is_beta":false,"boss_relics":[{"not_picked":["Ectoplasm","Astrolabe"],"picked":"Philosopher\u0027s Stone"}],"items_purged_floors":[5,14],"is_endless":false,"potions_floor_spawned":[3,4,12,18],"killed_by":"Gremlin Leader","ascension_level":16}