{"gold_per_floor":[118,136,286,356,8,39,39,72,98,130,145,158,158,30,30,102,102,112,62,79,95,105,105,16,16],"floor_reached":25,"playtime":579,"items_purged":["Doubt","Anger"],"score":492,"play_id":"0facbaf1-de05-47d3-898f-38c1d112db42","local_time":"20190414003457","is_ascension_mode":true,"campfire_choices":[{"data":"Bash","floor":7.0,"key":"SMITH"},{"data":"1","floor":13.0,"key":"LIFT"},{"data":"Armaments","floor":15.0,"key":"SMITH"},{"data":"2","floor":23,"key":"LIFT"}],"neow_cost":"NONE","seed_source_timestamp":22967046854986,"circlet_count":0,"master_deck":["AscendersBane","Strike_R","Strike_R","Strike_R","Strike_R","Strike_R","Defend_R","Defend_R","Defend_R","Defend_R","Bash+1","Shrug It Off","Anger","Clash","Cleave","Thunderclap","Rampage","Anger","Metallicize","Armaments+1","Bludgeon","Heavy Blade","Disarm","Blood for Blood","Metallicize","Ghostly Armor"],"special_seed":0,"relics":["Burning Blood","NeowsBlessing","Letter Opener","OrangePellets","Girya","PreservedInsect","Anchor","Smiling Mask","Snecko Eye"],"potions_floor_usage":[22],"damage_taken":[{"damage":0.0,"enemies":"Jaw Worm","floor":1.0,"turns":1.0},{"damage":0.0,"enemies":"Cultist","floor":2.0,"turns":1.0},{"damage":0.0,"enemies":"Lagavulin","floor":6.0,"turns":1.0},{"damage":4.0,"enemies":"Gremlin Nob","floor":8.0,"turns":3.0},{"damage":5.0,"enemies":"3 Sentries","floor":10.0,"turns":6.0},{"damage":0.0,"enemies":"2 Louse","floor":11.0,"turns":3.0},{"damage":4.0,"enemies":"Red Slaver","floor":12.0,"turns":2.0},{"damage":37.0,"enemies":"The Guardian","floor":16.0,"turns":10.0},{"damage":3,"enemies":"3 Byrds","floor":18,"turns":4},{"damage":0,"enemies":"Chosen","floor":20,"turns":3},{"damage":0,"enemies":"Centurion and Healer","floor":21,"turns":5},{"damage":16,"enemies":"Cultist and Chosen","floor":22,"turns":5},{"damage":6,"enemies":"Book of Stabbing","floor":25,"turns":4}],"seed_played":"-808905240982278383","potions_obtained":[{"floor":1.0,"key":"GamblersBrew"},{"floor":6.0,"key":"PowerPotion"},{"floor":10.0,"key":"Weak Potion"},{"floor":12.0,"key":"Explosive Potion"},{"floor":16.0,"key":"PowerPotion"},{"floor":18,"key":"GamblersBrew"}],"is_trial":false,"path_per_floor":["M","M","?","T","$","E","R","E","T","E","M","M","R","$","R","B",null,"M","?","M","M","M","R","$","E"],"character_chosen":"IRONCLAD","items_purchased":["OrangePellets","Clash","Metallicize","Armaments","Ghostly Armor"],"campfire_rested":0,"item_purchase_floors":[5,5,14,14,24],"current_hp_per_floor":[74,75,75,75,75,75,75,75,75,75,75,75,75,75,75,44,67,70,70,75,75,65,65,65,59],"gold":16,"neow_bonus":"THREE_ENEMY_KILL","is_prod":false,"is_daily":false,"chose_seed":false,"campfire_upgraded":2,"win_rate":0,"timestamp":1555227297,"path_taken":["M","M","?","?","$","E","R","E","T","E","M","?","R","$","R","BOSS","M","?","?","M","M","R","$","E"],"build_version":"2019-04-04","purchased_purges":2,"victory":false,"max_hp_per_floor":[75,75,75,75,75,75,75,75,75,75,75,75,75,75,75,75,75,75,75,75,75,75,75,75,75],"card_choices":[{"not_picked":["Metallicize","Cleave"],"picked":"Shrug It Off","floor":1.0},{"not_picked":["Clothesline","Warcry"],"picked":"Anger","floor":2.0},{"not_picked":["Wild Strike","Bloodletting"],"picked":"Cleave","floor":6.0},{"not_picked":["Headbutt","Fiend Fire"],"picked":"Anger","floor":8.0},{"not_picked":["Perfected Strike","Burning Pact"],"picked":"Thunderclap","floor":10.0},{"not_picked":["Warcry","Power Through"],"picked":"Rampage","floor":11.0},{"not_picked":["Clothesline","Twin Strike"],"picked":"Anger","floor":12.0},{"not_picked":["Dark Embrace","Juggernaut"],"picked":"Bludgeon","floor":16.0},{"not_picked":["Sword Boomerang","Clothesline"],"picked":"Heavy Blade","floor":18},{"not_picked":["Perfected Strike","Pommel Strike"],"picked":"Disarm","floor":20},{"not_picked":["Clash","Iron Wave+1"],"picked":"Blood for Blood","floor":21},{"not_picked":["Cleave","Double Tap"],"picked":"Metallicize","floor":22}],"player_experience":1423208,"relics_obtained":[{"floor":4.0,"key":"Letter Opener"},{"floor":6.0,"key":"Girya"},{"floor":8.0,"key":"PreservedInsect"},{"floor":9.0,"key":"Anchor"},{"floor":10.0,"key":"Smiling Mask"}],"event_choices":[{"damage_healed":0.0,"max_hp_gain":0.0,"max_hp_loss":0.0,"gold_gain":150.0,"event_name":"Liars Game","player_choice":"AGREE","floor":3.0,"gold_loss":0.0,"damage_taken":0.0,"cards_obtained":["Doubt"]},{"damage_healed":0,"gold_gain":0,"player_choice":"Bet on Murderer","damage_taken":0,"max_hp_gain":0,"max_hp_loss":0,"event_name":"The Joust","floor":19,"gold_loss":50}],"is_beta":true,"boss_relics":[{"not_picked":["Runic Dome","Sozu"],"picked":"Snecko Eye"}],"items_purged_floors":[5,24],"is_endless":false,"potions_floor_spawned":[1,6,10,12,16,18,21],"killed_by":"Book of Stabbing","ascension_level":20}