{"gold_per_floor":[119,40,59,59,70,70,86,86,86,98,128,189,215,234,234,308,308,308,308,308,2,2,2,2,2,2,2,2,2,2,2,2,2,2,2,2,0,0,0,0,0,0,0,0,0,0,0,0,0,0],"floor_reached":51,"playtime":2605,"items_purged":[],"score":1448,"play_id":"bf1e1784-f115-4f50-bbd8-1e639badff20","local_time":"20180727191004","is_ascension_mode":true,"campfire_choices":[{"data":"Defragment","floor":6,"key":"SMITH"},{"data":"Go for the Eyes","floor":8,"key":"SMITH"},{"data":"Loop","floor":15,"key":"SMITH"},{"data":"Buffer","floor":23,"key":"SMITH"},{"data":"Sunder","floor":25,"key":"SMITH"},{"floor":32,"key":"REST"},{"data":"Aggregate","floor":40,"key":"SMITH"},{"data":"White Noise","floor":42,"key":"SMITH"},{"data":"White Noise","floor":45,"key":"SMITH"},{"data":"Aggregate","floor":49,"key":"SMITH"}],"neow_cost":"NONE","seed_source_timestamp":325562645724417,"circlet_count":0,"master_deck":["Strike_B+1","Strike_B+1","Strike_B+1","Strike_B+1","Defend_B+1","Defend_B+1","Defend_B+1","Zap","Dualcast+1","AscendersBane","Stack","Defragment+1","Go for the Eyes+1","Glacier+1","Glacier","Storm","BootSequence","Loop+1","Rebound","Reboot","Go for the Eyes+1","Buffer+1","Glacier","Beam Cell","Sunder+1","Storm","Aggregate+1","Self Repair+1","White Noise+1","Echo Form","Go for the Eyes+1","White Noise+1","Go for the Eyes","Madness","Madness","BootSequence+1","Static Discharge","Aggregate+1"],"relics":["Eternal Feather","Cables","Kunai","Emotion Chip","Potion Belt","Ectoplasm","Calipers","Nilry\u0027s Codex","Unceasing Top","War Paint","Dream Catcher","Regal Pillow","Coffee Dripper","Peace Pipe","Red Mask","Pen Nib","Blue Candle"],"potions_floor_usage":[11,24,24,28,30,33,33],"damage_taken":[{"damage":5,"enemies":"Small Slimes","floor":1,"turns":4},{"damage":11,"enemies":"Cultist","floor":3,"turns":4},{"damage":0,"enemies":"Jaw Worm","floor":5,"turns":6},{"damage":25,"enemies":"Lots of Slimes","floor":7,"turns":7},{"damage":5,"enemies":"3 Louse","floor":10,"turns":5},{"damage":0,"enemies":"Lagavulin","floor":11,"turns":10},{"damage":9,"enemies":"Lagavulin Event","floor":12,"turns":8},{"damage":8,"enemies":"Gremlin Nob","floor":13,"turns":5},{"damage":4,"enemies":"Large Slime","floor":14,"turns":6},{"damage":15,"enemies":"Hexaghost","floor":16,"turns":13},{"damage":6,"enemies":"3 Byrds","floor":18,"turns":6},{"damage":0,"enemies":"Chosen","floor":19,"turns":7},{"damage":4,"enemies":"Snake Plant","floor":20,"turns":4},{"damage":9,"enemies":"Gremlin Leader","floor":24,"turns":7},{"damage":5,"enemies":"Slavers","floor":28,"turns":7},{"damage":10,"enemies":"Gremlin Leader","floor":30,"turns":8},{"damage":0,"enemies":"3 Cultists","floor":31,"turns":7},{"damage":24,"enemies":"Automaton","floor":33,"turns":8},{"damage":14,"enemies":"3 Shapes","floor":35,"turns":3},{"damage":0,"floor":36,"turns":3},{"damage":17,"enemies":"3 Darklings","floor":38,"turns":5},{"damage":0,"enemies":"4 Shapes","floor":39,"turns":4},{"damage":33,"enemies":"Flame Bruiser 2 Orb","floor":44,"turns":7},{"damage":0,"enemies":"Giant Head","floor":46,"turns":7},{"damage":0,"enemies":"Sphere and 2 Shapes","floor":48,"turns":5},{"damage":18,"enemies":"Donu and Deca","floor":50,"turns":8}],"seed_played":"5896833531679384701","potions_obtained":[{"floor":10,"key":"Fruit Juice"},{"floor":12,"key":"PowerPotion"},{"floor":14,"key":"Strength Potion"},{"floor":16,"key":"Dexterity Potion"},{"floor":19,"key":"Block Potion"},{"floor":24,"key":"SkillPotion"},{"floor":28,"key":"Strength Potion"},{"floor":33,"key":"SteroidPotion"},{"floor":35,"key":"AttackPotion"},{"floor":38,"key":"EntropicBrew"},{"floor":39,"key":"Regen Potion"}],"is_trial":false,"path_per_floor":["M","$","M","?","M","R","M","R","T","M","E","?","E","M","R","B",null,"M","M","M","$","?","R","E","R","T","?","E","?","E","M","R","B",null,"M","?","?","M","M","R","?","R","T","M","R","E","?","M","R","B"],"character_chosen":"DEFECT","items_purchased":["Defragment","Calipers"],"campfire_rested":1,"item_purchase_floors":[2,21],"current_hp_per_floor":[59,59,48,48,48,57,32,41,41,36,41,32,24,20,32,17,61,55,55,51,51,30,42,33,48,48,48,43,43,33,33,76,62,73,59,59,59,52,62,76,62,76,76,53,74,76,76,76,76,75],"gold":0,"neow_bonus":"BOSS_RELIC","is_prod":false,"is_daily":false,"chose_seed":false,"campfire_upgraded":9,"win_rate":0,"timestamp":1532743804,"path_taken":["M","$","M","?","M","R","M","R","T","?","E","?","E","?","R","BOSS","M","M","M","$","?","R","E","R","T","?","E","?","E","M","R","BOSS","M","?","?","M","?","R","?","R","T","M","R","E","?","?","R","BOSS"],"build_version":"2018-07-26","purchased_purges":0,"victory":true,"max_hp_per_floor":[71,71,71,71,71,71,71,71,71,71,76,76,76,76,76,76,76,76,76,76,76,76,76,76,76,76,76,76,76,76,76,76,76,76,76,76,76,76,76,76,76,76,76,76,76,76,76,76,76,76],"card_choices":[{"not_picked":["Compile Driver","Steam"],"picked":"Stack","floor":1},{"not_picked":["Reprogram","Barrage"],"picked":"Go for the Eyes","floor":3},{"not_picked":["Ball Lightning","Gash"],"picked":"Glacier","floor":5},{"not_picked":["Rip and Tear","Coolheaded"],"picked":"Storm","floor":7},{"not_picked":["Skim","Redo"],"picked":"BootSequence","floor":10},{"not_picked":["Lockon","Core Surge"],"picked":"Loop","floor":11},{"not_picked":["Compile Driver","Coolheaded"],"picked":"Rebound","floor":12},{"not_picked":["Chill","Darkness"],"picked":"Reboot","floor":13},{"not_picked":["Redo","Steam Power"],"picked":"Go for the Eyes","floor":14},{"not_picked":["Hyperbeam","Multi-Cast"],"picked":"Buffer","floor":16},{"not_picked":["Chill","Sweeping Beam"],"picked":"Glacier","floor":18},{"not_picked":["Compile Driver","Reprogram"],"picked":"Beam Cell","floor":19},{"not_picked":["Sweeping Beam","Leap"],"picked":"Sunder","floor":24},{"not_picked":["Compile Driver","Gash"],"picked":"Storm","floor":28},{"not_picked":["Auto Shields","Turbo+1"],"picked":"Aggregate","floor":30},{"not_picked":["Hologram","Hyperbeam"],"picked":"Self Repair+1","floor":31},{"not_picked":["Barrage+1","Double Energy"],"picked":"White Noise","floor":32},{"not_picked":["Reboot","Buffer"],"picked":"Echo Form","floor":33},{"not_picked":["Sweeping Beam","Steam"],"picked":"Go for the Eyes+1","floor":35},{"not_picked":["Redo+1","FTL"],"picked":"White Noise","floor":36},{"not_picked":["Reprogram","Leap"],"picked":"Go for the Eyes","floor":38},{"not_picked":["Compile Driver+1","Beam Cell"],"picked":"BootSequence+1","floor":44},{"not_picked":["Leap","Machine Learning"],"picked":"Static Discharge","floor":46},{"not_picked":["Streamline","Stack+1"],"picked":"Aggregate","floor":48}],"player_experience":700059,"relics_obtained":[{"floor":9,"key":"Cables"},{"floor":11,"key":"Kunai"},{"floor":12,"key":"Emotion Chip"},{"floor":13,"key":"Potion Belt"},{"floor":22,"key":"Nilry\u0027s Codex"},{"floor":24,"key":"Unceasing Top"},{"floor":26,"key":"War Paint"},{"floor":28,"key":"Dream Catcher"},{"floor":30,"key":"Regal Pillow"},{"floor":36,"key":"Peace Pipe"},{"floor":43,"key":"Pen Nib"},{"floor":46,"key":"Blue Candle"}],"event_choices":[{"event_name":"Transmorgrifier","player_choice":"Transform","floor":4,"damage_taken":0},{"event_name":"Dead Adventurer","player_choice":"Searched \u00272\u0027 times","floor":12,"damage_taken":0},{"event_name":"Cursed Tome","player_choice":"Obtained Book","floor":22,"damage_taken":0},{"event_name":"Back to Basics","player_choice":"Simplicity","floor":27,"damage_taken":0},{"event_name":"Upgrade Shrine","player_choice":"Upgraded","floor":29,"damage_taken":0},{"event_name":"Mysterious Sphere","player_choice":"Fight","floor":36,"damage_taken":0},{"event_name":"Tomb of Lord Red Mask","player_choice":"Paid","floor":37,"damage_taken":0},{"event_name":"Winding Halls","player_choice":"Embrace Madness","floor":41,"damage_taken":0},{"event_name":"The Lab","player_choice":"Got Potions","floor":47,"damage_taken":0}],"is_beta":true,"boss_relics":[{"not_picked":["Tiny House","Fusion Hammer"],"picked":"Ectoplasm"},{"not_picked":["Astrolabe","Philosopher\u0027s Stone"],"picked":"Coffee Dripper"}],"items_purged_floors":[],"is_endless":false,"potions_floor_spawned":[10,12,14,16,19,24,28,33,35,38,39,44,48],"ascension_level":15}