{"gold_per_floor":[111,111,111,111,128,128,156,168,168,199,199,3,30,30,30,109,109,109,20,0,0,0,0,0,0,0,0,0,0,0,0,0,0,0,0,0,0,0,0,0,0,0,0,0,0,0,0,0,0,0],"floor_reached":50,"playtime":1465,"items_purged":[],"score":1334,"play_id":"25150fd6-4a95-42ba-99b1-039e66077a7d","local_time":"20190331234250","is_ascension_mode":true,"campfire_choices":[{"data":"Bash","floor":6.0,"key":"SMITH"},{"data":"Carnage","floor":11.0,"key":"SMITH"},{"data":"Infernal Blade","floor":15.0,"key":"SMITH"},{"data":"Flame Barrier","floor":24.0,"key":"SMITH"},{"floor":30.0,"key":"REST"},{"floor":32.0,"key":"REST"},{"floor":40.0,"key":"REST"},{"floor":47.0,"key":"REST"},{"floor":49.0,"key":"REST"}],"neow_cost":"NONE","seed_source_timestamp":8731717543500,"circlet_count":0,"master_deck":["AscendersBane","Strike_R","Strike_R+1","Strike_R","Strike_R","Defend_R","Defend_R+1","Defend_R","Bash+1","Infernal Blade+1","Flame Barrier+1","Carnage+1","Anger","Evolve","Metallicize","Wild Strike+1","Immolate+1","Spot Weakness","Shrug It Off","Heavy Blade+1","Power Through+1","RitualDagger+1","Thunderclap+1","Clothesline+1","Clothesline+1","Decay","Anger+1","Dropkick+1","Reaper+1","Iron Wave+1","Headbutt+1","Heavy Blade+1","Pommel Strike+1","Uppercut+1","Impervious","Burning Pact"],"special_seed":0,"relics":["Burning Blood","NeowsBlessing","The Courier","Lantern","Bottled Lightning","Letter Opener","Oddly Smooth Stone","Molten Egg 2","Ectoplasm","Art of War","Blood Vial","Darkstone Periapt","Red Skull","Tiny Chest","Sozu","Du-Vu Doll","Red Mask","Dodecahedron","Anchor","Juzu Bracelet"],"potions_floor_usage":[],"damage_taken":[{"damage":0.0,"enemies":"Jaw Worm","floor":1.0,"turns":1.0},{"damage":0.0,"enemies":"2 Louse","floor":5.0,"turns":1.0},{"damage":0.0,"enemies":"3 Sentries","floor":7.0,"turns":1.0},{"damage":8.0,"enemies":"Cultist","floor":8.0,"turns":4.0},{"damage":36.0,"enemies":"Lagavulin","floor":10.0,"turns":8.0},{"damage":9.0,"enemies":"3 Sentries","floor":13.0,"turns":6.0},{"damage":43.0,"enemies":"The Guardian","floor":16.0,"turns":12.0},{"damage":3.0,"enemies":"Shell Parasite","floor":18.0,"turns":2.0},{"damage":8.0,"enemies":"Spheric Guardian","floor":21.0,"turns":3.0},{"damage":3.0,"enemies":"Gremlin Leader","floor":23.0,"turns":4.0},{"damage":28.0,"enemies":"Slavers","floor":25.0,"turns":3.0},{"damage":30.0,"enemies":"Book of Stabbing","floor":27.0,"turns":4.0},{"damage":0.0,"enemies":"Snecko","floor":29.0,"turns":3.0},{"damage":14.0,"enemies":"Slavers","floor":31.0,"turns":3.0},{"damage":28.0,"enemies":"Collector","floor":33.0,"turns":7.0},{"damage":36.0,"enemies":"3 Darklings","floor":35.0,"turns":5.0},{"damage":6.0,"enemies":"Orb Walker","floor":36.0,"turns":3.0},{"damage":26.0,"enemies":"Mind Bloom Boss Battle","floor":38.0,"turns":10.0},{"damage":26.0,"enemies":"Transient","floor":41.0,"turns":6.0},{"damage":38.0,"enemies":"Nemesis","floor":42.0,"turns":7.0},{"damage":31.0,"enemies":"Reptomancer","floor":45.0,"turns":5.0},{"damage":26.0,"enemies":"Jaw Worm Horde","floor":46.0,"turns":3.0},{"damage":1.0,"enemies":"Writhing Mass","floor":48.0,"turns":4.0},{"damage":102,"enemies":"Awakened One","floor":50,"turns":9}],"seed_played":"-7565155268315261477","potions_obtained":[{"floor":1.0,"key":"BloodPotion"},{"floor":5.0,"key":"Regen Potion"},{"floor":16.0,"key":"AttackPotion"},{"floor":21.0,"key":"SteroidPotion"},{"floor":23.0,"key":"SpeedPotion"},{"floor":25.0,"key":"Swift Potion"},{"floor":31.0,"key":"Poison Potion"}],"is_trial":false,"path_per_floor":["M","?","?","T","M","R","E","M","T","E","R","$","E","?","R","B",null,"M","$","?","M","?","E","R","E","T","E","?","M","R","E","R","B",null,"M","M","?","?","?","R","M","E","T","?","E","M","R","M","R","B"],"character_chosen":"IRONCLAD","items_purchased":["Oddly Smooth Stone","Evolve","Shrug It Off","Heavy Blade+1"],"campfire_rested":5,"item_purchase_floors":[12,12,19,19],"current_hp_per_floor":[74,51,51,51,57,57,63,68,68,50,50,50,47,47,47,10,59,62,62,62,60,54,57,57,35,35,13,19,27,51,45,69,49,73,60,62,62,49,49,73,70,40,40,40,47,43,67,74,81,0],"gold":0,"neow_bonus":"THREE_ENEMY_KILL","is_prod":false,"is_daily":false,"chose_seed":false,"campfire_upgraded":4,"win_rate":0,"timestamp":1554100970,"path_taken":["M","?","?","?","M","R","E","?","T","E","R","$","E","?","R","BOSS","M","?","?","M","?","E","R","E","T","E","?","?","R","E","R","BOSS","M","?","?","?","?","R","?","E","T","?","E","M","R","M","R","BOSS"],"build_version":"2019-03-15","purchased_purges":0,"victory":false,"max_hp_per_floor":[75,75,75,75,75,75,75,75,75,75,75,75,75,75,75,75,75,75,75,75,75,75,75,75,75,75,75,81,81,81,81,81,81,81,81,81,81,81,81,81,81,81,81,81,81,81,81,81,81,81],"card_choices":[{"not_picked":["Feel No Pain","Corruption"],"picked":"Infernal Blade","floor":5.0},{"not_picked":["Pummel","Power Through"],"picked":"Flame Barrier","floor":7.0},{"not_picked":["Armaments","Disarm"],"picked":"Carnage","floor":8.0},{"not_picked":["Wild Strike","Heavy Blade"],"picked":"Anger","floor":10.0},{"not_picked":["Combust","True Grit"],"picked":"Metallicize","floor":13.0},{"not_picked":["Juggernaut","Offering"],"picked":"Immolate+1","floor":16.0},{"not_picked":["Pummel+1","Dropkick+1"],"picked":"Spot Weakness","floor":18.0},{"not_picked":["Heavy Blade+1","Whirlwind+1"],"picked":"Power Through","floor":21.0},{"not_picked":["Wild Strike+1","Bloodletting"],"picked":"Thunderclap+1","floor":23.0},{"not_picked":["Second Wind","Battle Trance"],"picked":"Clothesline+1","floor":25.0},{"not_picked":["Fiend Fire+1","Rage"],"picked":"Clothesline+1","floor":27.0},{"not_picked":["Warcry","Combust"],"picked":"Anger+1","floor":29.0},{"not_picked":["Heavy Blade+1","Evolve"],"picked":"Dropkick+1","floor":31.0},{"not_picked":["Immolate+1","Berserk"],"picked":"Reaper+1","floor":33.0},{"not_picked":["Havoc","Reckless Charge+1"],"picked":"Iron Wave+1","floor":35.0},{"not_picked":["Sever Soul+1","Havoc"],"picked":"Headbutt+1","floor":36.0},{"not_picked":["Body Slam+1","Intimidate"],"picked":"Heavy Blade+1","floor":38.0},{"not_picked":["Bloodletting+1","Perfected Strike+1","Inflame"],"picked":"SKIP","floor":41.0},{"not_picked":["Rage+1","Cleave+1"],"picked":"Pommel Strike+1","floor":42.0},{"not_picked":["Cleave+1","Heavy Blade+1"],"picked":"Uppercut+1","floor":45.0},{"not_picked":["Clothesline+1","Thunderclap+1"],"picked":"Impervious","floor":46.0},{"not_picked":["Heavy Blade+1","Clash+1"],"picked":"Burning Pact","floor":48.0}],"player_experience":1394288,"relics_obtained":[{"floor":4.0,"key":"The Courier"},{"floor":7.0,"key":"Lantern"},{"floor":9.0,"key":"Bottled Lightning"},{"floor":10.0,"key":"Letter Opener"},{"floor":13.0,"key":"Molten Egg 2"},{"floor":23.0,"key":"Art of War"},{"floor":25.0,"key":"Blood Vial"},{"floor":26.0,"key":"Darkstone Periapt"},{"floor":27.0,"key":"Red Skull"},{"floor":31.0,"key":"Tiny Chest"},{"floor":38.0,"key":"Du-Vu Doll"},{"floor":42.0,"key":"Dodecahedron"},{"floor":43.0,"key":"Anchor"},{"floor":45.0,"key":"Juzu Bracelet"}],"event_choices":[{"damage_healed":0.0,"max_hp_gain":0.0,"max_hp_loss":0.0,"gold_gain":0.0,"event_name":"Shining Light","player_choice":"Entered Light","floor":2.0,"gold_loss":0.0,"damage_taken":23.0,"cards_upgraded":["Strike_R","Defend_R"]},{"damage_healed":0.0,"max_hp_gain":0.0,"max_hp_loss":0.0,"gold_gain":0.0,"event_name":"The Cleric","player_choice":"Leave","floor":3.0,"gold_loss":0.0,"damage_taken":0.0},{"damage_healed":0.0,"max_hp_gain":0.0,"max_hp_loss":0.0,"gold_gain":0.0,"cards_transformed":["Strike_R"],"event_name":"Transmorgrifier","player_choice":"Transformed","floor":14.0,"gold_loss":0.0,"damage_taken":0.0,"cards_obtained":["Wild Strike"]},{"damage_healed":0.0,"max_hp_gain":0.0,"max_hp_loss":0.0,"gold_gain":0.0,"event_name":"Masked Bandits","player_choice":"Paid Fearfully","floor":20.0,"gold_loss":20.0,"damage_taken":0.0},{"damage_healed":0.0,"max_hp_gain":0.0,"max_hp_loss":0.0,"gold_gain":0.0,"event_name":"Nest","player_choice":"Joined the Cult","floor":22.0,"gold_loss":0.0,"damage_taken":6.0,"cards_obtained":["RitualDagger"]},{"damage_healed":0.0,"max_hp_gain":0.0,"max_hp_loss":0.0,"gold_gain":0.0,"event_name":"Forgotten Altar","player_choice":"Smashed Altar","floor":28.0,"gold_loss":0.0,"damage_taken":0.0,"cards_obtained":["Decay"]},{"cards_removed":["Defend_R"],"damage_healed":0.0,"max_hp_gain":0.0,"max_hp_loss":0.0,"gold_gain":0.0,"event_name":"Falling","player_choice":"Removed Skill","floor":37.0,"gold_loss":0.0,"damage_taken":0.0},{"damage_healed":0.0,"max_hp_gain":0.0,"max_hp_loss":0.0,"gold_gain":0.0,"event_name":"MindBloom","player_choice":"Fight","floor":38.0,"gold_loss":0.0,"damage_taken":0.0},{"damage_healed":0.0,"max_hp_gain":0.0,"max_hp_loss":0.0,"gold_gain":0.0,"event_name":"Tomb of Lord Red Mask","player_choice":"Paid","floor":39.0,"gold_loss":0.0,"damage_taken":0.0,"relics_obtained":["Red Mask"]},{"damage_healed":0.0,"max_hp_gain":0.0,"max_hp_loss":0.0,"gold_gain":0.0,"event_name":"Upgrade Shrine","player_choice":"Upgraded","floor":44.0,"gold_loss":0.0,"damage_taken":0.0,"cards_upgraded":["Power Through"]}],"is_beta":true,"boss_relics":[{"not_picked":["Calling Bell","Busted Crown"],"picked":"Ectoplasm"},{"not_picked":["Pandora\u0027s Box","Runic Cube"],"picked":"Sozu"}],"items_purged_floors":[],"is_endless":false,"potions_floor_spawned":[1,5,16,21,23,25,31,41,46,48],"killed_by":"Awakened One","ascension_level":20}