{"gold_per_floor":[114,114,144,115,129,163,178,178,260,260,285,303,303,303,303,399,399,422,156,171,10,33,33,76,100,125,141,141,141,162,162,162,252,252,276,246,260,260],"floor_reached":38,"playtime":2247,"items_purged":["Strike_B"],"score":794,"play_id":"ebc7f076-a6bb-47ee-9094-55cd425f4dcb","local_time":"20190827195513","is_ascension_mode":true,"campfire_choices":[{"data":"Darkness","floor":8.0,"key":"SMITH"},{"data":"Compile Driver","floor":10.0,"key":"SMITH"},{"data":"Recycle","floor":13.0,"key":"SMITH"},{"data":"Coolheaded","floor":15.0,"key":"SMITH"},{"floor":23.0,"key":"REST"},{"floor":29.0,"key":"REST"},{"floor":32.0,"key":"REST"}],"neow_cost":"NONE","seed_source_timestamp":292754776388862,"circlet_count":0,"master_deck":["AscendersBane","Defend_B+1","Defend_B","Defend_B","Defend_B","Zap+1","Dualcast","Streamline","Rebound","Darkness+1","Coolheaded+1","Compile Driver+1","Recycle+1","Ball Lightning","Electrodynamics","Defragment","Capacitor+1","Self Repair","Conserve Battery+1","White Noise","Defragment","Creative AI","Meteor Strike+1","Turbo","Capacitor+1","Seek","Conserve Battery"],"special_seed":0,"relics":["Cracked Core","NeowsBlessing","Tiny Chest","War Paint","Ornamental Fan","Pantograph","Golden Idol","Fusion Hammer","Cables","Molten Egg 2","Dream Catcher","Cursed Key"],"potions_floor_usage":[35,37],"damage_taken":[{"damage":0.0,"enemies":"Jaw Worm","floor":1.0,"turns":1.0},{"damage":0.0,"enemies":"Small Slimes","floor":5.0,"turns":1.0},{"damage":0.0,"enemies":"Lagavulin","floor":6.0,"turns":1.0},{"damage":0.0,"enemies":"2 Louse","floor":7.0,"turns":2.0},{"damage":9.0,"enemies":"Gremlin Nob","floor":11.0,"turns":4.0},{"damage":9.0,"enemies":"Red Slaver","floor":12.0,"turns":4.0},{"damage":42.0,"enemies":"The Guardian","floor":16.0,"turns":9.0},{"damage":3.0,"enemies":"Chosen","floor":18.0,"turns":3.0},{"damage":22.0,"enemies":"2 Thieves","floor":20.0,"turns":2.0},{"damage":9.0,"enemies":"Chosen and Byrds","floor":22.0,"turns":5.0},{"damage":17.0,"enemies":"Gremlin Leader","floor":24.0,"turns":5.0},{"damage":32.0,"enemies":"Shelled Parasite and Fungi","floor":25.0,"turns":7.0},{"damage":6.0,"enemies":"Snecko","floor":27.0,"turns":4.0},{"damage":25.0,"enemies":"Snake Plant","floor":30.0,"turns":4.0},{"damage":29.0,"enemies":"Collector","floor":33.0,"turns":7.0},{"damage":31,"enemies":"3 Darklings","floor":35,"turns":4},{"damage":0,"enemies":"3 Shapes","floor":37,"turns":3},{"damage":28,"enemies":"Writhing Mass","floor":38,"turns":3}],"seed_played":"-8325899383878286573","potions_obtained":[{"floor":7.0,"key":"Dexterity Potion"},{"floor":11.0,"key":"GamblersBrew"},{"floor":16.0,"key":"Dexterity Potion"},{"floor":22.0,"key":"FearPotion"},{"floor":24.0,"key":"SkillPotion"},{"floor":30.0,"key":"SkillPotion"},{"floor":33.0,"key":"SpeedPotion"},{"floor":36,"key":"EssenceOfSteel"},{"floor":36,"key":"Fire Potion"},{"floor":37,"key":"Explosive Potion"}],"is_trial":false,"path_per_floor":["M","?","?","$","M","E","M","R","T","R","E","M","R","?","R","B",null,"M","$","M","$","M","R","E","M","T","M","?","R","M","?","R","B",null,"M","?","M","M"],"character_chosen":"DEFECT","items_purchased":["Rebound","Cables","Self Repair"],"campfire_rested":3,"item_purchase_floors":[4,19,21],"current_hp_per_floor":[64,64,53,53,53,53,53,53,53,53,44,35,35,35,35,18,53,50,50,28,28,26,45,35,10,10,11,11,30,12,12,31,34,57,26,26,26,0],"gold":260,"neow_bonus":"THREE_ENEMY_KILL","is_prod":false,"is_daily":false,"chose_seed":false,"campfire_upgraded":4,"win_rate":0,"timestamp":1566960913,"path_taken":["M","?","?","$","M","E","M","R","T","R","E","M","R","?","R","BOSS","M","$","M","$","M","R","E","M","T","M","?","R","?","?","R","BOSS","M","?","M","?"],"build_version":"2019-07-17","purchased_purges":1,"victory":false,"max_hp_per_floor":[71,71,71,71,71,71,71,71,71,71,71,71,71,64,64,64,64,64,64,64,64,64,64,64,64,64,64,64,64,64,64,64,64,64,64,64,64,64],"card_choices":[{"not_picked":["Go for the Eyes","Conserve Battery"],"picked":"Streamline","floor":1.0},{"not_picked":["Skim","Hello World"],"picked":"Darkness","floor":5.0},{"not_picked":["BootSequence","Sweeping Beam"],"picked":"Coolheaded","floor":6.0},{"not_picked":["Hologram","All For One"],"picked":"Compile Driver","floor":7.0},{"not_picked":["Turbo","Beam Cell"],"picked":"Recycle","floor":11.0},{"not_picked":["Meteor Strike","Redo"],"picked":"Ball Lightning","floor":12.0},{"not_picked":["Multi-Cast","Seek"],"picked":"Electrodynamics","floor":16.0},{"not_picked":["Redo","Steam Power"],"picked":"Defragment","floor":18.0},{"not_picked":["Static Discharge","Conserve Battery"],"picked":"Capacitor+1","floor":20.0},{"not_picked":["Go for the Eyes","Gash","Recycle"],"picked":"SKIP","floor":22.0},{"not_picked":["Steam","Recycle"],"picked":"Conserve Battery+1","floor":24.0},{"not_picked":["Hologram","Ball Lightning+1"],"picked":"White Noise","floor":25.0},{"not_picked":["Cold Snap+1","Aggregate","Hologram"],"picked":"SKIP","floor":27.0},{"not_picked":["Cold Snap+1","Barrage+1"],"picked":"Defragment","floor":29.0},{"not_picked":["Steam","Rebound+1"],"picked":"Creative AI","floor":30.0},{"not_picked":["Recycle","Gash+1"],"picked":"Capacitor+1","floor":32.0},{"not_picked":["Fission","Echo Form"],"picked":"Seek","floor":33.0},{"not_picked":["Consume","Rebound+1"],"picked":"Conserve Battery","floor":35},{"not_picked":["Hologram","Go for the Eyes+1","FTL+1"],"picked":"SKIP","floor":37}],"player_experience":741383,"relics_obtained":[{"floor":6.0,"key":"War Paint"},{"floor":9.0,"key":"Ornamental Fan"},{"floor":11.0,"key":"Pantograph"},{"floor":24.0,"key":"Molten Egg 2"},{"floor":26.0,"key":"Dream Catcher"}],"event_choices":[{"damage_healed":0.0,"max_hp_gain":0.0,"max_hp_loss":0.0,"gold_gain":0.0,"event_name":"The Cleric","player_choice":"Leave","floor":2.0,"gold_loss":0.0,"damage_taken":0.0},{"damage_healed":0.0,"max_hp_gain":0.0,"max_hp_loss":0.0,"gold_gain":0.0,"event_name":"Scrap Ooze","player_choice":"Success","floor":3.0,"gold_loss":0.0,"damage_taken":11.0,"relics_obtained":["Tiny Chest"]},{"damage_healed":0.0,"max_hp_gain":0.0,"max_hp_loss":7.0,"gold_gain":0.0,"event_name":"Golden Idol","player_choice":"Lose Max HP","floor":14.0,"gold_loss":0.0,"damage_taken":0.0,"relics_obtained":["Golden Idol"]},{"cards_removed":["Strike_B"],"damage_healed":0.0,"max_hp_gain":0.0,"max_hp_loss":0.0,"gold_gain":0.0,"event_name":"Purifier","player_choice":"Purged","floor":28.0,"gold_loss":0.0,"damage_taken":0.0},{"damage_healed":0.0,"max_hp_gain":0.0,"max_hp_loss":0.0,"gold_gain":0.0,"cards_transformed":["Strike_B","Strike_B"],"event_name":"Drug Dealer","player_choice":"Became Test Subject","floor":31.0,"gold_loss":0.0,"damage_taken":0.0,"cards_obtained":["Meteor Strike","Turbo"]},{"damage_healed":0,"gold_gain":0,"player_choice":"Bought 2 Potions","damage_taken":0,"max_hp_gain":0,"max_hp_loss":0,"event_name":"The Woman in Blue","floor":36,"gold_loss":0}],"is_beta":false,"boss_relics":[{"not_picked":["Black Star","White Beast Statue"],"picked":"Fusion Hammer"},{"not_picked":["Nuclear Battery","Empty Cage"],"picked":"Cursed Key"}],"items_purged_floors":[21],"is_endless":false,"potions_floor_spawned":[7,11,16,22,24,30,33,37],"killed_by":"Writhing Mass","ascension_level":17}