{"gold_per_floor":[118,118,43,118,18,47,63,24,48,63,75,85,85,110,110,213,213,228,228,33,33,49,49,149,64,64,84,84,104,104,124,124,227,227,238,285,385,385,403,415,186,215,215,228,53,88,98,118,118,118],"floor_reached":51,"playtime":1909,"items_purged":["Defend_G","Defend_G","Strike_G","Strike_G+1","Strike_G+1"],"score":853,"play_id":"0bf00213-7073-4b3f-a154-71af28a1f91a","local_time":"20190228195941","is_ascension_mode":true,"campfire_choices":[{"data":"Neutralize","floor":13.0,"key":"SMITH"},{"data":"Footwork","floor":15.0,"key":"SMITH"},{"data":"Caltrops","floor":23.0,"key":"SMITH"},{"floor":28.0,"key":"DIG"},{"floor":30.0,"key":"DIG"},{"floor":32.0,"key":"DIG"},{"floor":49,"key":"DIG"}],"neow_cost":"NONE","seed_source_timestamp":8515719561246,"circlet_count":0,"master_deck":["Defend_G+1","Defend_G+1","Neutralize+1","Infinite Blades","Footwork+1","Well Laid Plans","Caltrops+1","Caltrops","Caltrops+1","Flying Knee+1","Choke+1","Noxious Fumes"],"special_seed":0,"relics":["Ring of the Snake","NeowsBlessing","Whetstone","War Paint","Vajra","Coffee Dripper","Potion Belt","FossilizedHelix","Paper Crane","Shovel","Mummified Hand","Snake Skull","Regal Pillow","Happy Flower","Astrolabe","The Specimen","Bird Faced Urn","Letter Opener","Anchor","Dodecahedron","Gremlin Horn"],"potions_floor_usage":[46],"damage_taken":[{"damage":0.0,"enemies":"2 Louse","floor":1.0,"turns":1.0},{"damage":0.0,"enemies":"Gremlin Nob","floor":6.0,"turns":1.0},{"damage":0.0,"enemies":"Jaw Worm","floor":7.0,"turns":1.0},{"damage":2.0,"enemies":"Small Slimes","floor":10.0,"turns":4.0},{"damage":0.0,"enemies":"3 Louse","floor":11.0,"turns":3.0},{"damage":3.0,"enemies":"Exordium Thugs","floor":12.0,"turns":6.0},{"damage":12.0,"enemies":"Lagavulin","floor":14.0,"turns":8.0},{"damage":24.0,"enemies":"Slime Boss","floor":16.0,"turns":11.0},{"damage":1.0,"enemies":"3 Byrds","floor":18.0,"turns":7.0},{"damage":0.0,"enemies":"Chosen","floor":22.0,"turns":6.0},{"damage":2.0,"enemies":"Colosseum Slavers","floor":24.0,"turns":6.0},{"damage":19.0,"enemies":"Colosseum Nobs","floor":24.0,"turns":6.0},{"damage":0.0,"enemies":"Snecko","floor":27.0,"turns":6.0},{"damage":0.0,"enemies":"3 Cultists","floor":29.0,"turns":5.0},{"damage":4.0,"enemies":"Sentry and Sphere","floor":31.0,"turns":5.0},{"damage":10.0,"enemies":"Collector","floor":33.0,"turns":17.0},{"damage":10.0,"enemies":"3 Darklings","floor":35.0,"turns":3.0},{"damage":6.0,"enemies":"2 Orb Walkers","floor":36.0,"turns":5.0},{"damage":6.0,"enemies":"Mind Bloom Boss Battle","floor":37.0,"turns":4.0},{"damage":13.0,"enemies":"Orb Walker","floor":39.0,"turns":3.0},{"damage":0.0,"enemies":"Transient","floor":40.0,"turns":5.0},{"damage":24,"enemies":"Nemesis","floor":42,"turns":5},{"damage":0,"enemies":"Sphere and 2 Shapes","floor":44,"turns":6},{"damage":0,"enemies":"Giant Head","floor":46,"turns":8},{"damage":0,"enemies":"Spire Growth","floor":47,"turns":4},{"damage":16,"enemies":"3 Darklings","floor":48,"turns":4},{"damage":26,"enemies":"Time Eater","floor":50,"turns":10}],"seed_played":"7560758308245410223","potions_obtained":[{"floor":1.0,"key":"Weak Potion"},{"floor":6.0,"key":"Ancient Potion"},{"floor":14.0,"key":"Block Potion"},{"floor":18.0,"key":"LiquidBronze"},{"floor":29.0,"key":"FearPotion"},{"floor":35.0,"key":"Block Potion"},{"floor":39.0,"key":"Explosive Potion"},{"floor":44,"key":"FearPotion"},{"floor":48,"key":"Weak Potion"}],"is_trial":false,"path_per_floor":["M","?","$","?","$","E","M","$","T","M","M","M","R","E","R","B",null,"M","?","$","?","M","R","?","?","T","M","R","M","R","M","R","B",null,"M","?","?","?","M","M","$","E","T","M","$","E","M","M","R","B",null],"character_chosen":"THE_SILENT","items_purchased":["Infinite Blades","Well Laid Plans","Noxious Fumes"],"campfire_rested":0,"item_purchase_floors":[8,20,41],"current_hp_per_floor":[70,70,70,59,59,59,59,59,59,57,57,54,54,42,42,18,70,69,56,56,56,56,56,35,35,35,35,35,35,35,31,31,21,75,65,59,53,53,52,64,64,53,53,67,67,71,71,55,55,43],"gold":118,"neow_bonus":"THREE_ENEMY_KILL","is_prod":false,"is_daily":false,"chose_seed":false,"campfire_upgraded":3,"win_rate":0,"timestamp":1551412781,"path_taken":["M","?","$","?","$","E","M","?","T","M","M","M","R","E","R","BOSS","M","?","$","?","?","R","?","?","T","M","R","?","R","M","R","BOSS","M","?","?","?","M","?","$","E","T","M","$","E","M","M","R","BOSS"],"build_version":"2019-02-06","purchased_purges":5,"victory":true,"max_hp_per_floor":[70,70,70,70,70,70,70,70,70,70,70,70,70,70,70,70,70,70,75,75,75,75,75,75,75,75,75,75,75,75,75,75,75,75,75,75,75,71,71,71,71,71,71,71,71,71,71,71,71,71],"card_choices":[{"not_picked":["Acrobatics","Slice"],"picked":"Footwork","floor":12.0},{"not_picked":["Deflect+1","Predator"],"picked":"Caltrops","floor":22.0},{"not_picked":["Flying Knee","Calculated Gamble+1"],"picked":"Caltrops","floor":27.0},{"not_picked":["Reflex","Calculated Gamble","Flying Knee"],"picked":"SKIP","floor":31.0},{"not_picked":["Dagger Spray","Night Terror","Calculated Gamble"],"picked":"SKIP","floor":39.0},{"not_picked":["Sucker Punch+1","Poisoned Stab+1","Acrobatics"],"picked":"SKIP","floor":40.0},{"not_picked":["Flechettes","Poisoned Stab+1","Dagger Throw+1"],"picked":"SKIP","floor":42},{"not_picked":["Quick Slash","Concentrate+1","All Out Attack"],"picked":"SKIP","floor":44},{"not_picked":["Grand Finale","Terror","Escape Plan"],"picked":"SKIP","floor":46},{"not_picked":["PiercingWail+1","Sucker Punch","Slice"],"picked":"SKIP","floor":47},{"not_picked":["Backflip+1","Acrobatics","All Out Attack"],"picked":"SKIP","floor":48}],"player_experience":1233219,"relics_obtained":[{"floor":6.0,"key":"Whetstone"},{"floor":9.0,"key":"War Paint"},{"floor":14.0,"key":"Vajra"},{"floor":24.0,"key":"FossilizedHelix"},{"floor":24.0,"key":"Paper Crane"},{"floor":26.0,"key":"Mummified Hand"},{"floor":28.0,"key":"Snake Skull"},{"floor":30.0,"key":"Regal Pillow"},{"floor":32.0,"key":"Happy Flower"},{"floor":36.0,"key":"The Specimen"},{"floor":37.0,"key":"Bird Faced Urn"},{"floor":42,"key":"Letter Opener"},{"floor":43,"key":"Anchor"},{"floor":46,"key":"Dodecahedron"},{"floor":49,"key":"Gremlin Horn"}],"event_choices":[{"cards_removed":["Strike_G"],"damage_healed":0.0,"max_hp_gain":0.0,"max_hp_loss":0.0,"gold_gain":0.0,"event_name":"Living Wall","player_choice":"Forget","floor":2.0,"gold_loss":0.0,"damage_taken":0.0},{"damage_healed":0.0,"max_hp_gain":0.0,"max_hp_loss":0.0,"gold_gain":75.0,"event_name":"World of Goop","player_choice":"Gather Gold","floor":4.0,"gold_loss":0.0,"damage_taken":11.0},{"damage_healed":0.0,"max_hp_gain":5.0,"max_hp_loss":0.0,"gold_gain":0.0,"event_name":"Forgotten Altar","player_choice":"Shed Blood","floor":19.0,"gold_loss":0.0,"damage_taken":18.0},{"damage_healed":0.0,"max_hp_gain":0.0,"max_hp_loss":0.0,"gold_gain":0.0,"event_name":"WeMeetAgain","player_choice":"Gave Potion","floor":21.0,"gold_loss":0.0,"damage_taken":0.0,"relics_obtained":["Potion Belt"]},{"damage_healed":0.0,"max_hp_gain":0.0,"max_hp_loss":0.0,"gold_gain":0.0,"event_name":"Colosseum","player_choice":"Fight","floor":24.0,"gold_loss":0.0,"damage_taken":0.0},{"damage_healed":0.0,"max_hp_gain":0.0,"max_hp_loss":0.0,"gold_gain":0.0,"event_name":"Colosseum","player_choice":"Fought Nobs","floor":24.0,"gold_loss":0.0,"damage_taken":0.0},{"damage_healed":0.0,"max_hp_gain":0.0,"max_hp_loss":0.0,"gold_gain":0.0,"event_name":"Addict","player_choice":"Obtained Relic","floor":25.0,"gold_loss":85.0,"damage_taken":0.0,"relics_obtained":["Shovel"]},{"damage_healed":0.0,"max_hp_gain":0.0,"max_hp_loss":0.0,"gold_gain":0.0,"event_name":"Mysterious Sphere","player_choice":"Fight","floor":36.0,"gold_loss":0.0,"damage_taken":0.0},{"damage_healed":0.0,"max_hp_gain":0.0,"max_hp_loss":0.0,"gold_gain":0.0,"event_name":"MindBloom","player_choice":"Fight","floor":37.0,"gold_loss":0.0,"damage_taken":0.0},{"damage_healed":0.0,"max_hp_gain":0.0,"max_hp_loss":4.0,"gold_gain":0.0,"event_name":"Winding Halls","player_choice":"Max HP","floor":38.0,"gold_loss":0.0,"damage_taken":0.0}],"is_beta":true,"boss_relics":[{"not_picked":["Eternal Feather","Busted Crown"],"picked":"Coffee Dripper"},{"not_picked":["Snecko Eye","Ring of the Serpent"],"picked":"Astrolabe"}],"items_purged_floors":[3,5,20,41,45],"is_endless":false,"potions_floor_spawned":[1,6,14,18,24,29,35,39,44,48],"ascension_level":1}