{"gold_per_floor":[119,119,131,131,151,181,181,206,206,50,68,23,57,76,76,181,181,197,123,123,123,133,133,54,83,155,188,188,199,217,248,248,349,349,365,385,397,245,255,314,314,341,387,191,191,201,201,218,218,218,218,218,1,27,27],"floor_reached":56,"playtime":9168,"items_purged":["Strike_G","Strike_G"],"score":1769,"play_id":"c8a29fc3-190c-40c0-a040-98044d560c61","local_time":"20190815000232","is_ascension_mode":true,"campfire_choices":[{"floor":7,"key":"REST"},{"data":"Footwork","floor":15,"key":"SMITH"},{"data":"Deadly Poison","floor":23,"key":"SMITH"},{"data":"Dagger Spray","floor":28,"key":"SMITH"},{"data":"Well Laid Plans","floor":32,"key":"SMITH"},{"floor":41,"key":"RECALL"},{"floor":47,"key":"REST"},{"floor":49,"key":"REST"},{"floor":52,"key":"REST"}],"neow_cost":"NONE","seed_source_timestamp":0,"circlet_count":0,"master_deck":["Strike_G","Strike_G","Defend_G+1","Defend_G","Defend_G","Defend_G","Defend_G","Survivor","Neutralize+1","Catalyst+1","Well Laid Plans+1","Escape Plan","Deadly Poison+1","Dagger Spray+1","Blur+1","Dodge and Roll+1","Reflex+1","Backflip+1","Footwork+1","Adrenaline+1","Catalyst+1","Reflex+1","Deadly Poison+1","Well Laid Plans","Reflex+1","Deadly Poison+1","Bouncing Flask+1","Adrenaline+1","Blur+1","Backflip+1","Tactician+1","Deadly Poison+1","After Image","Noxious Fumes","Caltrops","Dodge and Roll+1","Calculated Gamble+1","Escape Plan+1","PiercingWail+1","Deadly Poison+1","Crippling Poison+1","Leg Sweep+1"],"special_seed":0,"relics":["Ring of the Snake","Dream Catcher","Snake Skull","Toxic Egg 2","Meat on the Bone","HoveringKite","Mummified Hand","Bottled Tornado","Torii","Oddly Smooth Stone","Fusion Hammer","Tiny Chest","Blood Vial","Ancient Tea Set","Anchor","Tingsha"],"potions_floor_usage":[6,14,16,25,31,46,50,55],"damage_taken":[{"damage":2,"enemies":"Small Slimes","floor":1,"turns":6},{"damage":2,"enemies":"Cultist","floor":3,"turns":5},{"damage":0,"enemies":"2 Louse","floor":5,"turns":3},{"damage":36,"enemies":"3 Sentries","floor":6,"turns":15},{"damage":5,"enemies":"Lagavulin","floor":8,"turns":5},{"damage":0,"enemies":"Exordium Wildlife","floor":11,"turns":3},{"damage":2,"enemies":"Gremlin Nob","floor":13,"turns":4},{"damage":2,"enemies":"Lots of Slimes","floor":14,"turns":6},{"damage":22,"enemies":"Slime Boss","floor":16,"turns":18},{"damage":3,"enemies":"Shell Parasite","floor":18,"turns":6},{"damage":0,"enemies":"3 Byrds","floor":22,"turns":6},{"damage":8,"enemies":"Gremlin Leader","floor":25,"turns":5},{"damage":0,"enemies":"Book of Stabbing","floor":27,"turns":3},{"damage":0,"enemies":"Snecko","floor":29,"turns":3},{"damage":0,"enemies":"Sentry and Sphere","floor":30,"turns":5},{"damage":0,"enemies":"Gremlin Leader","floor":31,"turns":3},{"damage":0,"enemies":"Collector","floor":33,"turns":3},{"damage":0,"enemies":"3 Shapes","floor":35,"turns":4},{"damage":0,"enemies":"3 Darklings","floor":36,"turns":3},{"damage":0,"enemies":"Spire Growth","floor":37,"turns":3},{"damage":0,"enemies":"Sphere and 2 Shapes","floor":39,"turns":4},{"damage":11,"enemies":"Nemesis","floor":40,"turns":5},{"damage":49,"enemies":"Reptomancer","floor":42,"turns":3},{"damage":11,"enemies":"3 Darklings","floor":46,"turns":4},{"damage":0,"enemies":"Maw","floor":48,"turns":4},{"damage":14,"enemies":"Awakened One","floor":50,"turns":13},{"damage":45,"enemies":"Shield and Spear","floor":54,"turns":6},{"damage":40,"enemies":"The Heart","floor":55,"turns":7}],"seed_played":"-351560032904915413","potions_obtained":[{"floor":1,"key":"Block Potion"},{"floor":6,"key":"FearPotion"},{"floor":11,"key":"FairyPotion"},{"floor":13,"key":"SkillPotion"},{"floor":14,"key":"SpeedPotion"},{"floor":27,"key":"Swift Potion"},{"floor":29,"key":"SteroidPotion"},{"floor":33,"key":"FearPotion"},{"floor":39,"key":"Dexterity Potion"},{"floor":40,"key":"Regen Potion"},{"floor":46,"key":"Block Potion"},{"floor":54,"key":"Energy Potion"}],"is_trial":false,"path_per_floor":["M","?","M","?","M","E","R","E","T","$","M","$","E","M","R","B",null,"M","$","?","?","M","R","$","E","T","E","R","M","M","E","R","B",null,"M","M","M","$","M","E","R","E","T","$","?","M","R","M","R","B",null,"R","$","E","B",null],"character_chosen":"THE_SILENT","items_purchased":["Blur+1","Dodge and Roll+1","Backflip+1","Catalyst+1","Deadly Poison+1","Well Laid Plans","Deadly Poison+1","Caltrops","Dodge and Roll+1","Calculated Gamble+1","Crippling Poison+1","Anchor"],"campfire_rested":4,"item_purchase_floors":[10,10,12,19,24,24,38,44,44,44,53,53],"current_hp_per_floor":[68,54,52,52,52,16,37,32,32,32,32,32,30,40,40,30,70,67,67,54,54,54,54,54,46,46,46,46,46,46,46,46,46,75,75,75,75,75,75,64,64,27,27,27,27,42,64,66,75,61,75,75,75,42,16],"gold":27,"neow_bonus":"RANDOM_COMMON_RELIC","is_prod":false,"is_daily":false,"chose_seed":false,"campfire_upgraded":4,"win_rate":0,"timestamp":1565845352,"path_taken":["M","?","M","?","?","E","R","E","T","$","M","?","E","M","R","BOSS","M","$","?","?","M","R","$","E","T","E","R","M","M","E","R","BOSS","M","M","M","$","M","E","R","E","T","$","?","M","R","M","R","BOSS","R","$","E","BOSS"],"build_version":"2019-07-17","purchased_purges":2,"victory":true,"max_hp_per_floor":[70,70,70,70,70,70,70,70,70,70,70,70,70,70,70,70,70,70,70,75,75,75,75,75,75,75,75,75,75,75,75,75,75,75,75,75,75,75,75,75,75,75,75,75,75,75,75,75,75,75,75,75,75,75,75],"card_choices":[{"not_picked":["Dagger Throw","Underhanded Strike"],"picked":"Catalyst","floor":1},{"not_picked":["Underhanded Strike","Sucker Punch"],"picked":"Well Laid Plans","floor":3},{"not_picked":["Deflect","PiercingWail"],"picked":"Escape Plan","floor":5},{"not_picked":["Underhanded Strike","Glass Knife"],"picked":"Deadly Poison","floor":6},{"not_picked":["Quick Slash","Skewer"],"picked":"Dagger Spray","floor":7},{"not_picked":["Bane","Skewer","Finisher"],"picked":"SKIP","floor":8},{"not_picked":["Acrobatics+1","Terror+1"],"picked":"Reflex+1","floor":11},{"not_picked":["Tactician+1","Distraction+1"],"picked":"Footwork","floor":13},{"not_picked":["Riddle With Holes","Sucker Punch","Dash"],"picked":"SKIP","floor":14},{"not_picked":["Doppelganger+1","Bullet Time+1"],"picked":"Adrenaline+1","floor":16},{"not_picked":["Riddle With Holes","Blade Dance+1","Skewer"],"picked":"SKIP","floor":18},{"not_picked":["Backstab","Dash","Masterful Stab+1"],"picked":"SKIP","floor":22},{"not_picked":["PiercingWail+1","Underhanded Strike"],"picked":"Reflex+1","floor":25},{"not_picked":["Blade Dance+1","Dagger Throw","Flying Knee+1"],"picked":"SKIP","floor":27},{"not_picked":["Backflip+1","Quick Slash"],"picked":"Deadly Poison+1","floor":29},{"not_picked":["Distraction+1","Dagger Spray+1","Outmaneuver+1"],"picked":"SKIP","floor":30},{"not_picked":["Sucker Punch+1","Slice+1"],"picked":"Bouncing Flask+1","floor":31},{"not_picked":["Phantasmal Killer+1","Venomology+1"],"picked":"Adrenaline+1","floor":33},{"not_picked":["Bouncing Flask+1","Prepared+1"],"picked":"Blur+1","floor":35},{"not_picked":["Underhanded Strike+1","Sucker Punch+1"],"picked":"Backflip+1","floor":36},{"not_picked":["Sucker Punch+1","Deflect+1"],"picked":"Tactician+1","floor":37},{"not_picked":["Underhanded Strike+1","Setup+1","Predator"],"picked":"SKIP","floor":39},{"not_picked":["Underhanded Strike","Riddle With Holes"],"picked":"After Image","floor":40},{"not_picked":["All Out Attack+1","Bouncing Flask+1"],"picked":"Noxious Fumes","floor":42},{"not_picked":["Skewer","Outmaneuver+1","Bane"],"picked":"SKIP","floor":46},{"not_picked":["Flechettes+1","Dodge and Roll+1"],"picked":"Escape Plan+1","floor":47},{"not_picked":["Masterful Stab+1","Blade Dance+1"],"picked":"PiercingWail+1","floor":48},{"not_picked":["Accuracy+1","Endless Agony"],"picked":"Deadly Poison+1","floor":49},{"not_picked":["Distraction+1","Terror+1"],"picked":"Leg Sweep+1","floor":54}],"player_experience":434251,"relics_obtained":[{"floor":6,"key":"Snake Skull"},{"floor":8,"key":"Toxic Egg 2"},{"floor":13,"key":"Meat on the Bone"},{"floor":25,"key":"Mummified Hand"},{"floor":26,"key":"Bottled Tornado"},{"floor":27,"key":"Torii"},{"floor":31,"key":"Oddly Smooth Stone"},{"floor":40,"key":"Tiny Chest"},{"floor":42,"key":"Blood Vial"},{"floor":43,"key":"Ancient Tea Set"},{"floor":54,"key":"Tingsha"}],"event_choices":[{"damage_healed":0,"gold_gain":0,"player_choice":"Entered Light","damage_taken":14,"max_hp_gain":0,"max_hp_loss":0,"event_name":"Shining Light","floor":2,"gold_loss":0,"cards_upgraded":["Defend_G","Neutralize"]},{"damage_healed":0,"gold_gain":0,"player_choice":"Upgraded","damage_taken":0,"max_hp_gain":0,"max_hp_loss":0,"event_name":"Upgrade Shrine","floor":4,"gold_loss":0,"cards_upgraded":["Catalyst"]},{"damage_healed":0,"gold_gain":0,"player_choice":"Shed Blood","damage_taken":18,"max_hp_gain":5,"max_hp_loss":0,"event_name":"Forgotten Altar","floor":20,"gold_loss":0},{"damage_healed":0,"gold_gain":0,"player_choice":"Read","damage_taken":0,"max_hp_gain":0,"max_hp_loss":0,"event_name":"The Library","floor":21,"gold_loss":0,"cards_obtained":["Reflex"]},{"cards_removed":["Strike_G"],"damage_healed":0,"gold_gain":0,"player_choice":"Offered Basic","damage_taken":0,"max_hp_gain":0,"max_hp_loss":0,"event_name":"Bonfire Elementals","floor":45,"gold_loss":0}],"is_beta":false,"boss_relics":[{"not_picked":["Lizard Tail","Pandora\u0027s Box"],"picked":"HoveringKite"},{"not_picked":["Velvet Choker","Coffee Dripper"],"picked":"Fusion Hammer"}],"items_purged_floors":[10,38],"is_endless":false,"potions_floor_spawned":[1,6,11,13,14,27,29,33,39,40,46,54],"ascension_level":2}