{"gold_per_floor":[114,33,33,33,33,33,33,61,87,137,137,154,154,171,171,244,244,258,79,129,144,144,144,163,163,187,187,187,203,223,252,252,326,356,376,376,152,152,165,165,165],"floor_reached":41,"playtime":1424,"items_purged":["Injury"],"score":734,"play_id":"32a42a3f-e00c-4c5e-a813-c562ad589f9d","local_time":"20180714132500","is_ascension_mode":true,"campfire_choices":[{"data":"A Thousand Cuts","floor":6.0,"key":"SMITH"},{"floor":11.0,"key":"REST"},{"data":"Cloak And Dagger","floor":13.0,"key":"SMITH"},{"data":"Cloak And Dagger","floor":15.0,"key":"SMITH"},{"data":"Neutralize","floor":23.0,"key":"SMITH"},{"data":"Burst","floor":25.0,"key":"SMITH"},{"data":"Blind","floor":28.0,"key":"SMITH"},{"floor":32.0,"key":"REST"},{"data":"Noxious Fumes","floor":40,"key":"SMITH"}],"neow_cost":"","seed_source_timestamp":303568212037334,"circlet_count":0,"master_deck":["Defend_G","Defend_G","Defend_G","Defend_G","Survivor","Neutralize+1","AscendersBane","Distraction+1","A Thousand Cuts+1","Quick Slash","Cloak And Dagger+1","Cloak And Dagger+1","Burst+1","Riddle With Holes+1","Blind+1","Bite+1","Bite+1","Bite+1","Bite+1","Bite+1","Dagger Throw+1","Skewer+1","Burst+1","Deflect+1","Night Terror","Noxious Fumes+1"],"special_seed":0,"relics":["Ring of the Snake","Juzu Bracelet","Shuriken","Molten Egg 2","Orichalcum","Busted Crown","Lantern","Centennial Puzzle","Tiny House","The Courier"],"potions_floor_usage":[41],"damage_taken":[{"damage":8.0,"enemies":"Small Slimes","floor":1.0,"turns":6.0},{"damage":32.0,"enemies":"Lagavulin","floor":8.0,"turns":8.0},{"damage":2.0,"enemies":"Cultist","floor":12.0,"turns":4.0},{"damage":0.0,"enemies":"2 Louse","floor":14.0,"turns":4.0},{"damage":18.0,"enemies":"The Guardian","floor":16.0,"turns":10.0},{"damage":0.0,"enemies":"3 Byrds","floor":18.0,"turns":4.0},{"damage":6.0,"enemies":"Shell Parasite","floor":21.0,"turns":6.0},{"damage":10.0,"enemies":"Cultist and Chosen","floor":24.0,"turns":6.0},{"damage":9.0,"enemies":"Slaver and Parasite","floor":29.0,"turns":5.0},{"damage":6.0,"enemies":"Centurion and Healer","floor":30.0,"turns":5.0},{"damage":35.0,"enemies":"Gremlin Leader","floor":31.0,"turns":11.0},{"damage":65.0,"enemies":"Collector","floor":33.0,"turns":9.0},{"damage":14,"enemies":"Flame Bruiser 1 Orb","floor":35,"turns":5},{"damage":12,"enemies":"3 Shapes","floor":39,"turns":4},{"damage":40,"enemies":"2 Orb Walkers","floor":41,"turns":4}],"seed_played":"-5414810278492146626","potions_obtained":[{"floor":1.0,"key":"SkillPotion"},{"floor":3.0,"key":"Fruit Juice"},{"floor":12.0,"key":"FearPotion"},{"floor":14.0,"key":"SpeedPotion"},{"floor":31.0,"key":"Strength Potion"}],"is_trial":false,"path_per_floor":["M","$","?","?","?","R","T","E","T","?","R","M","R","M","R","B",null,"M","$","?","M","?","R","M","R","T","?","R","M","M","E","R","B",null,"M","?","$","T","M","R"],"character_chosen":"THE_SILENT","items_purchased":["A Thousand Cuts","Riddle With Holes+1","Blind","Night Terror","Noxious Fumes"],"campfire_rested":2,"item_purchase_floors":[2,19,19,37,37],"current_hp_per_floor":[51,51,51,40,40,40,40,13,13,13,34,32,32,32,32,14,57,57,57,57,51,49,49,45,45,45,45,45,49,49,35,49,14,45,43,43,43,43,40,40,12],"gold":165,"neow_bonus":"","is_prod":false,"is_daily":false,"chose_seed":false,"campfire_upgraded":7,"win_rate":0,"timestamp":1531599900,"path_taken":["M","$","?","?","?","R","?","E","T","?","R","M","R","M","R","BOSS","M","$","?","M","?","R","M","R","T","?","R","M","M","E","R","BOSS","M","?","$","?","M","R","E"],"build_version":"2018-07-13","purchased_purges":1,"victory":false,"max_hp_per_floor":[66,66,66,66,66,66,66,71,71,71,71,71,71,71,71,71,71,71,71,71,71,49,49,49,49,49,49,49,49,49,49,49,49,54,54,54,54,54,54,54,54],"card_choices":[{"not_picked":["Bane","Blur"],"picked":"Distraction","floor":1.0},{"not_picked":["Quick Slash","Dagger Throw"],"picked":"Cloak And Dagger","floor":8.0},{"not_picked":["PiercingWail","Crippling Poison"],"picked":"Cloak And Dagger","floor":12.0},{"not_picked":["Venomology","Night Terror"],"picked":"Burst","floor":16.0},{"not_picked":[],"picked":"Dagger Throw+1","floor":29.0},{"not_picked":[],"picked":"Skewer+1","floor":31.0},{"not_picked":[],"picked":"Burst","floor":33.0},{"not_picked":[],"picked":"Deflect+1","floor":35}],"player_experience":638245,"relics_obtained":[{"floor":7.0,"key":"Shuriken"},{"floor":8.0,"key":"Molten Egg 2"},{"floor":9.0,"key":"Orichalcum"},{"floor":26.0,"key":"Lantern"},{"floor":31.0,"key":"Centennial Puzzle"},{"floor":38,"key":"The Courier"}],"event_choices":[{"event_name":"The Lab","player_choice":"Got Potions","floor":3.0,"damage_taken":0.0},{"event_name":"Scrap Ooze","player_choice":"success","floor":4.0,"damage_taken":11.0},{"event_name":"Match and Keep!","player_choice":"1 cards matched","floor":5.0,"damage_taken":0.0},{"event_name":"Golden Shrine","player_choice":"Pray","floor":10.0,"damage_taken":0.0},{"event_name":"Nest","player_choice":"Stole From Cult","floor":20.0,"damage_taken":0.0},{"event_name":"Vampires","player_choice":"Became a vampire","floor":22.0,"damage_taken":0.0},{"event_name":"Purifier","player_choice":"One Purge","floor":27.0,"damage_taken":0.0},{"event_name":"Accursed Blacksmith","player_choice":"Forge","floor":36,"damage_taken":0}],"boss_relics":[{"not_picked":["Snecko Eye","Empty Cage"],"picked":"Busted Crown"},{"not_picked":["Astrolabe","Velvet Choker"],"picked":"Tiny House"}],"items_purged_floors":[37],"is_endless":false,"potions_floor_spawned":[1,12,14,31,33],"killed_by":"2 Orb Walkers","ascension_level":15}