{"gold_per_floor":[110,26,26,44,2,34,96,125,201,219,219,219,252,270,270,344,344,364,2,2,2,14,31,59,78,78,78,106,206,206,239,239,316,316,330,6,59,71,16,16,45,62,111,111,121,148,148,181,181,181,181,181,181,46,76,76],"floor_reached":56,"playtime":2535,"items_purged":[],"score":2528,"play_id":"29bef0c9-acc7-4561-8940-7a1665f68df7","local_time":"20181230215500","is_ascension_mode":true,"campfire_choices":[{"data":"Neutralize","floor":12.0,"key":"SMITH"},{"data":"Footwork","floor":15.0,"key":"SMITH"},{"data":"Footwork","floor":27.0,"key":"SMITH"},{"data":"Skewer","floor":30.0,"key":"SMITH"},{"floor":32,"key":"RECALL"},{"floor":40,"key":"REST"},{"floor":49,"key":"DIG"},{"data":"After Image","floor":53,"key":"SMITH"}],"neow_cost":"NONE","seed_source_timestamp":1688110961838845,"circlet_count":0,"master_deck":["AscendersBane","Defend_G+1","Defend_G+1","Defend_G+1","Defend_G+1","Defend_G+1","Strike_G+1","Strike_G+1","Strike_G+1","Strike_G+1","Survivor+1","Neutralize+1","Quick Slash","Backstab","Dagger Spray","Footwork+1","Caltrops","Caltrops","Dagger Spray","Endless Agony","Deflect+1","Bullet Time","Skewer+1","Dash","Footwork+1","Deadly Poison+1","Blur+1","Cloak And Dagger+1","Cloak And Dagger+1","Blade Dance+1","Night Terror+1","Terror+1","After Image+1","Dodge and Roll+1","PiercingWail+1","Dodge and Roll+1","Dodge and Roll+1","Escape Plan+1","Writhe","Footwork+1","Dodge and Roll+1","Finesse+1","Storm of Steel+1","Dodge and Roll+1","Wraith Form v2"],"special_seed":0,"relics":["Ring of the Snake","NeowsBlessing","PreservedInsect","Whetstone","Pen Nib","Vajra","Shuriken","Ninja Scroll","Philosopher\u0027s Stone","Toxic Egg 2","Incense Burner","War Paint","Du-Vu Doll","Pantograph","Boot","Runic Pyramid","Anchor","Shovel","Mercury Hourglass","Oddly Smooth Stone","Calipers","Potion Belt","Kunai","The Specimen"],"potions_floor_usage":[33,35,46,50,50,55,56],"damage_taken":[{"damage":0.0,"enemies":"2 Louse","floor":1.0,"turns":1.0},{"damage":0.0,"enemies":"Small Slimes","floor":4.0,"turns":1.0},{"damage":0.0,"enemies":"Lagavulin","floor":6.0,"turns":1.0},{"damage":16.0,"enemies":"Lagavulin Event","floor":7.0,"turns":6.0},{"damage":1.0,"enemies":"Gremlin Nob","floor":8.0,"turns":4.0},{"damage":0.0,"enemies":"Cultist","floor":10.0,"turns":3.0},{"damage":9.0,"enemies":"Lagavulin","floor":13.0,"turns":5.0},{"damage":0.0,"enemies":"Looter","floor":14.0,"turns":1.0},{"damage":0.0,"enemies":"Hexaghost","floor":16.0,"turns":8.0},{"damage":3.0,"enemies":"3 Byrds","floor":18.0,"turns":4.0},{"damage":12.0,"enemies":"2 Thieves","floor":22.0,"turns":3.0},{"damage":1.0,"enemies":"Cultist and Chosen","floor":23.0,"turns":4.0},{"damage":0.0,"enemies":"Gremlin Leader","floor":24.0,"turns":2.0},{"damage":0.0,"enemies":"Centurion and Healer","floor":25.0,"turns":4.0},{"damage":6.0,"enemies":"Book of Stabbing","floor":28.0,"turns":3.0},{"damage":0.0,"enemies":"Colosseum Slavers","floor":29.0,"turns":4.0},{"damage":0.0,"enemies":"Colosseum Nobs","floor":29.0,"turns":2.0},{"damage":0,"enemies":"Gremlin Leader","floor":31,"turns":3},{"damage":11,"enemies":"Champ","floor":33,"turns":8},{"damage":45,"enemies":"3 Shapes","floor":35,"turns":5},{"damage":0,"enemies":"2 Orb Walkers","floor":37,"turns":4},{"damage":0,"enemies":"Orb Walker","floor":38,"turns":1},{"damage":0,"enemies":"Giant Head","floor":41,"turns":7},{"damage":0,"enemies":"Sphere and 2 Shapes","floor":42,"turns":5},{"damage":0,"enemies":"Transient","floor":45,"turns":6},{"damage":0,"enemies":"Nemesis","floor":46,"turns":3},{"damage":0,"enemies":"Giant Head","floor":48,"turns":5},{"damage":43,"enemies":"Awakened One","floor":50,"turns":11},{"damage":14,"enemies":"Time Eater","floor":51,"turns":13},{"damage":0,"enemies":"Shield and Spear","floor":55,"turns":8},{"damage":107,"enemies":"The Heart","floor":56,"turns":3}],"seed_played":"760717930990083320","potions_obtained":[{"floor":1.0,"key":"LiquidBronze"},{"floor":4.0,"key":"Strength Potion"},{"floor":6.0,"key":"EntropicBrew"},{"floor":14.0,"key":"SkillPotion"},{"floor":18.0,"key":"SpeedPotion"},{"floor":23.0,"key":"GhostInAJar"},{"floor":33,"key":"Block Potion"},{"floor":35,"key":"PowerPotion"},{"floor":42,"key":"GhostInAJar"},{"floor":48,"key":"EssenceOfSteel"},{"floor":55,"key":"Fruit Juice"}],"is_trial":false,"path_per_floor":["M","$","?","M","$","E","?","E","T","M","?","R","E","M","R","B",null,"M","$","?","?","M","M","E","M","T","R","E","?","R","R","B",null,"M","$","?","M","$","R","E","M","T","?","M","E","?","E","R","B","B",null,"R","$","E","B"],"character_chosen":"THE_SILENT","items_purchased":["Backstab","Catalyst","Toxic Egg 2","Dash","After Image","Anchor","Dodge and Roll+1","GhostInAJar","Dodge and Roll+1"],"campfire_rested":1,"item_purchase_floors":[2,5,19,19,36,36,39,54,54],"current_hp_per_floor":[59,59,54,54,54,54,38,37,37,37,30,30,21,21,21,21,55,52,52,52,52,40,39,39,39,39,39,33,33,33,33,33,47,61,16,16,16,16,16,35,35,35,35,48,48,48,48,48,48,23,34,58,58,58,58,0],"gold":76,"neow_bonus":"THREE_ENEMY_KILL","is_prod":false,"is_daily":false,"chose_seed":false,"campfire_upgraded":5,"win_rate":0,"timestamp":1546235700,"path_taken":["M","$","?","M","$","E","?","E","T","M","?","R","E","M","R","BOSS","M","$","?","?","M","M","E","?","T","R","E","?","R","E","R","BOSS","M","$","?","M","$","R","E","M","T","?","M","E","?","E","R","BOSS","BOSS","R","$","E","BOSS"],"build_version":"2018-12-25","purchased_purges":0,"victory":false,"max_hp_per_floor":[66,66,66,66,66,66,66,66,66,66,66,66,66,66,66,66,66,66,66,66,66,66,66,66,66,66,66,66,66,66,66,66,66,66,66,66,66,66,66,66,66,66,66,66,66,66,66,66,66,66,66,66,66,66,66,71],"card_choices":[{"not_picked":["Sucker Punch","Deflect"],"picked":"Quick Slash","floor":1.0},{"not_picked":["Deadly Poison","Dodge and Roll"],"picked":"Dagger Spray","floor":4.0},{"not_picked":["Burst","Flying Knee"],"picked":"Footwork","floor":6.0},{"not_picked":["Outmaneuver","Flying Knee"],"picked":"Caltrops","floor":7.0},{"not_picked":["Heel Hook","Dagger Throw"],"picked":"Caltrops","floor":8.0},{"not_picked":["Bane","Slice"],"picked":"Dagger Spray","floor":10.0},{"not_picked":["Acrobatics","Sucker Punch"],"picked":"Endless Agony","floor":13.0},{"not_picked":["Sucker Punch","Catalyst"],"picked":"Deflect","floor":14.0},{"not_picked":["Phantasmal Killer","Doppelganger"],"picked":"Bullet Time","floor":16.0},{"not_picked":["Bane","Bouncing Flask"],"picked":"Skewer","floor":18.0},{"not_picked":["Dagger Spray","Acrobatics+1"],"picked":"Footwork","floor":22.0},{"not_picked":["Calculated Gamble+1","Escape Plan+1"],"picked":"Deadly Poison+1","floor":23.0},{"not_picked":["Caltrops","Bouncing Flask+1"],"picked":"Blur+1","floor":24.0},{"not_picked":["Eviscerate","Terror+1"],"picked":"Cloak And Dagger+1","floor":28.0},{"not_picked":["Unload","Dash"],"picked":"Cloak And Dagger+1","floor":29.0},{"not_picked":["Prepared+1","Catalyst+1"],"picked":"Blade Dance+1","floor":31},{"not_picked":["Corpse Explosion+1","A Thousand Cuts"],"picked":"Night Terror+1","floor":33},{"not_picked":["Slice","Quick Slash"],"picked":"Terror+1","floor":35},{"not_picked":["Dagger Spray+1","Deadly Poison+1"],"picked":"Dodge and Roll+1","floor":37},{"not_picked":["Outmaneuver+1","Bane"],"picked":"PiercingWail+1","floor":38},{"not_picked":["Skewer","Riddle With Holes"],"picked":"Dodge and Roll+1","floor":41},{"not_picked":["Bullet Time+1","Masterful Stab+1"],"picked":"Escape Plan+1","floor":42},{"not_picked":["Dodge and Roll+1","PiercingWail+1"],"picked":"Footwork+1","floor":45},{"not_picked":["Escape Plan+1","Heel Hook"],"picked":"Dodge and Roll+1","floor":46},{"not_picked":["Impatience+1","Swift Strike"],"picked":"Finesse+1","floor":47},{"not_picked":["Predator","Catalyst+1"],"picked":"Storm of Steel+1","floor":48},{"not_picked":["Bane","Sucker Punch"],"picked":"Wraith Form v2","floor":55}],"player_experience":1001480,"relics_obtained":[{"floor":6.0,"key":"Whetstone"},{"floor":8.0,"key":"Vajra"},{"floor":9.0,"key":"Shuriken"},{"floor":13.0,"key":"Ninja Scroll"},{"floor":24.0,"key":"Incense Burner"},{"floor":28.0,"key":"War Paint"},{"floor":29.0,"key":"Du-Vu Doll"},{"floor":29.0,"key":"Pantograph"},{"floor":31,"key":"Boot"},{"floor":37,"key":"Shovel"},{"floor":41,"key":"Mercury Hourglass"},{"floor":43,"key":"Oddly Smooth Stone"},{"floor":46,"key":"Calipers"},{"floor":48,"key":"Potion Belt"},{"floor":49,"key":"Kunai"},{"floor":55,"key":"The Specimen"}],"event_choices":[{"damage_healed":0.0,"max_hp_gain":0.0,"max_hp_loss":0.0,"gold_gain":0.0,"event_name":"Scrap Ooze","player_choice":"Success","floor":3.0,"gold_loss":0.0,"damage_taken":5.0,"relics_obtained":["PreservedInsect"]},{"damage_healed":0.0,"max_hp_gain":0.0,"max_hp_loss":0.0,"gold_gain":0.0,"event_name":"Dead Adventurer","player_choice":"Searched \u00272\u0027 times","floor":7.0,"gold_loss":0.0,"damage_taken":0.0,"relics_obtained":["Pen Nib"]},{"cards_removed":["Strike_G"],"damage_healed":0.0,"max_hp_gain":0.0,"max_hp_loss":0.0,"gold_gain":0.0,"event_name":"Golden Wing","player_choice":"Card Removal","floor":11.0,"gold_loss":0.0,"damage_taken":7.0},{"damage_healed":0.0,"max_hp_gain":0.0,"max_hp_loss":0.0,"gold_gain":0.0,"event_name":"Back to Basics","player_choice":"Simplicity","floor":20.0,"gold_loss":0.0,"damage_taken":0.0,"cards_upgraded":["Defend_G","Defend_G","Defend_G","Defend_G","Defend_G","Strike_G","Strike_G"]},{"cards_removed":["Catalyst"],"damage_healed":0.0,"max_hp_gain":0.0,"max_hp_loss":0.0,"gold_gain":0.0,"event_name":"Purifier","player_choice":"Purged","floor":21.0,"gold_loss":0.0,"damage_taken":0.0},{"damage_healed":0.0,"max_hp_gain":0.0,"max_hp_loss":0.0,"gold_gain":0.0,"event_name":"Colosseum","player_choice":"Fight","floor":29.0,"gold_loss":0.0,"damage_taken":0.0},{"damage_healed":0.0,"max_hp_gain":0.0,"max_hp_loss":0.0,"gold_gain":0.0,"event_name":"Colosseum","player_choice":"Fought Nobs","floor":29.0,"gold_loss":0.0,"damage_taken":0.0},{"damage_healed":0,"gold_gain":0,"player_choice":"Fight","damage_taken":0,"max_hp_gain":0,"max_hp_loss":0,"event_name":"Mysterious Sphere","floor":37,"gold_loss":0},{"damage_healed":13,"gold_gain":0,"player_choice":"Writhe","damage_taken":0,"max_hp_gain":0,"max_hp_loss":0,"event_name":"Winding Halls","floor":44,"gold_loss":0,"cards_obtained":["Writhe"]},{"damage_healed":0,"gold_gain":0,"player_choice":"Memory 1","damage_taken":0,"max_hp_gain":0,"max_hp_loss":0,"event_name":"SensoryStone","floor":47,"gold_loss":0}],"is_beta":true,"boss_relics":[{"not_picked":["Eternal Feather","Ring of the Serpent"],"picked":"Philosopher\u0027s Stone"},{"not_picked":["Orrery","Snecko Eye"],"picked":"Runic Pyramid"}],"items_purged_floors":[],"is_endless":false,"potions_floor_spawned":[1,4,6,14,18,23,28,33,35,38,42,48,55],"killed_by":"The Heart","ascension_level":20}