{"gold_per_floor":[110,128,128,56,68,97,97,48,101,101,151,177,193,208,208,287,287,287,136,136,136,89,89,89,89],"floor_reached":25,"playtime":666,"items_purged":[],"score":373,"play_id":"3787a3ad-e099-4013-846d-ff3e41bcd1f1","local_time":"20180728005919","is_ascension_mode":true,"campfire_choices":[{"data":"Armaments","floor":7,"key":"SMITH"},{"data":"Perfected Strike","floor":10,"key":"SMITH"},{"data":"True Grit","floor":15,"key":"SMITH"},{"data":"Immolate","floor":23,"key":"SMITH"}],"neow_cost":"","seed_source_timestamp":336557906193364,"circlet_count":0,"master_deck":["Strike_R","Strike_R","Strike_R","Strike_R","Strike_R","Defend_R","Defend_R","Defend_R","Bash","AscendersBane","Wild Strike","Perfected Strike+1","Dark Embrace","True Grit+1","Armaments+1","Shrug It Off","Inflame","Headbutt","Twin Strike","Inflame","Twin Strike","Immolate+1","Twin Strike+1","Shrug It Off","Flash of Steel","Thunderclap","Perfected Strike","Intimidate"],"relics":["Burning Blood","Orichalcum","Tiny Chest","Centennial Puzzle","Ectoplasm"],"potions_floor_usage":[20,24],"damage_taken":[{"damage":5,"enemies":"Cultist","floor":1,"turns":4},{"damage":2,"enemies":"Small Slimes","floor":2,"turns":4},{"damage":7,"enemies":"Jaw Worm","floor":5,"turns":3},{"damage":27,"enemies":"Lagavulin","floor":6,"turns":6},{"damage":2,"enemies":"Gremlin Nob","floor":12,"turns":3},{"damage":6,"enemies":"Red Slaver","floor":13,"turns":2},{"damage":9,"enemies":"Lots of Slimes","floor":14,"turns":6},{"damage":32,"enemies":"Slime Boss","floor":16,"turns":10},{"damage":11,"enemies":"Shell Parasite","floor":18,"turns":6},{"damage":0,"enemies":"2 Thieves","floor":20,"turns":1},{"damage":23,"enemies":"Centurion and Healer","floor":21,"turns":4},{"damage":18,"enemies":"Snake Plant","floor":24,"turns":2},{"damage":46,"enemies":"Gremlin Leader","floor":25,"turns":5}],"seed_played":"-7758689289893685244","potions_obtained":[{"floor":6,"key":"SmokeBomb"},{"floor":13,"key":"Dexterity Potion"},{"floor":21,"key":"BloodPotion"}],"is_trial":false,"path_per_floor":["M","M","?","$","M","E","R","$","T","R","?","E","M","M","R","B",null,"M","$","M","M","$","R","M"],"character_chosen":"IRONCLAD","items_purchased":["True Grit","Armaments","Headbutt","Shrug It Off","Flash of Steel","Perfected Strike"],"campfire_rested":0,"item_purchase_floors":[4,4,8,19,19,22],"current_hp_per_floor":[69,73,73,73,72,51,51,51,51,51,51,55,55,52,52,26,63,58,58,64,47,47,47,42,0],"gold":89,"neow_bonus":"","is_prod":false,"is_daily":false,"chose_seed":false,"campfire_upgraded":4,"win_rate":0,"timestamp":1532764759,"path_taken":["M","M","?","$","M","E","R","$","T","R","?","E","?","M","R","BOSS","M","$","M","M","?","R","M","E"],"build_version":"2018-07-26","purchased_purges":0,"victory":false,"max_hp_per_floor":[75,75,75,75,75,75,75,75,75,75,75,75,75,75,75,75,75,75,75,75,75,75,75,75,75],"card_choices":[{"not_picked":["Havoc","Battle Trance"],"picked":"Wild Strike","floor":1},{"not_picked":["Armaments","Fiend Fire"],"picked":"Perfected Strike","floor":2},{"not_picked":["Sword Boomerang","Havoc"],"picked":"Shrug It Off","floor":5},{"not_picked":["Heavy Blade","Berserk"],"picked":"Inflame","floor":6},{"not_picked":["Rupture","Wild Strike"],"picked":"Twin Strike","floor":12},{"not_picked":["Intimidate","Sentinel"],"picked":"Inflame","floor":13},{"not_picked":["Warcry","Cleave"],"picked":"Twin Strike","floor":14},{"not_picked":["Limit Break","Juggernaut"],"picked":"Immolate","floor":16},{"not_picked":["Clash","Rampage"],"picked":"Twin Strike+1","floor":18},{"not_picked":["Pommel Strike","Havoc"],"picked":"Thunderclap","floor":21},{"not_picked":["Juggernaut","Rupture"],"picked":"Intimidate","floor":24}],"player_experience":702933,"relics_obtained":[{"floor":6,"key":"Orichalcum"},{"floor":9,"key":"Tiny Chest"},{"floor":12,"key":"Centennial Puzzle"}],"event_choices":[{"event_name":"Transmorgrifier","player_choice":"Transform","floor":3,"damage_taken":0},{"event_name":"Golden Shrine","player_choice":"Pray","floor":11,"damage_taken":0}],"is_beta":true,"boss_relics":[{"not_picked":["Empty Cage","Orrery"],"picked":"Ectoplasm"}],"items_purged_floors":[],"is_endless":false,"potions_floor_spawned":[6,13,14,21],"killed_by":"Gremlin Leader","ascension_level":15}