{"gold_per_floor":[111,123,139,153,22,22,51,71,98,133,147,147,167,167,167,239,239,256,256,275,75,94,94,122,136,136,36,70,70,70,100,100,172,172,192,207,225,28,28,28,44,44,44,44,71,71,71,82,82,82],"floor_reached":51,"playtime":2728,"items_purged":["Defend_B","Defend_B"],"score":1254,"play_id":"ab20c096-84de-4417-b77d-59e968ea6291","local_time":"20180812130255","is_ascension_mode":true,"campfire_choices":[{"data":"Chill","floor":6.0,"key":"SMITH"},{"data":"Streamline","floor":12.0,"key":"SMITH"},{"data":"Go for the Eyes","floor":15.0,"key":"SMITH"},{"data":"Echo Form","floor":23.0,"key":"SMITH"},{"data":"Zap","floor":30.0,"key":"SMITH"},{"floor":32.0,"key":"REST"},{"floor":40.0,"key":"REST"},{"floor":42.0,"key":"REST"},{"data":"Doom and Gloom","floor":44.0,"key":"SMITH"},{"floor":49,"key":"REST"}],"neow_cost":"NONE","seed_source_timestamp":0,"circlet_count":0,"master_deck":["Strike_B","Strike_B","Strike_B","Defend_B","Defend_B","Zap+1","Dualcast","AscendersBane","Chill+1","FTL","Coolheaded+1","Cold Snap","White Noise","Conserve Battery","Melter","Cold Snap","Streamline+1","Reboot","Go for the Eyes+1","Echo Form+1","Glacier","Stack","Conserve Battery+1","Doom and Gloom+1","Writhe","Defragment+1"],"special_seed":0,"relics":["Runic Pyramid","Boot","Lantern","Strawberry","Busted Crown","Bronze Scales","War Paint","Red Mask","Bottled Lightning","Inserter","TheAbacus","Matryoshka","Bag of Preparation"],"potions_floor_usage":[50,50],"damage_taken":[{"damage":0.0,"enemies":"Cultist","floor":1.0,"turns":3.0},{"damage":7.0,"enemies":"Small Slimes","floor":2.0,"turns":5.0},{"damage":0.0,"enemies":"2 Louse","floor":3.0,"turns":4.0},{"damage":5.0,"enemies":"Blue Slaver","floor":4.0,"turns":4.0},{"damage":1.0,"enemies":"Lagavulin","floor":7.0,"turns":8.0},{"damage":0.0,"enemies":"2 Fungi Beasts","floor":8.0,"turns":5.0},{"damage":16.0,"enemies":"Gremlin Nob","floor":10.0,"turns":5.0},{"damage":2.0,"enemies":"Exordium Thugs","floor":11.0,"turns":4.0},{"damage":0.0,"enemies":"Looter","floor":13.0,"turns":3.0},{"damage":3.0,"enemies":"Hexaghost","floor":16.0,"turns":10.0},{"damage":14.0,"enemies":"2 Thieves","floor":18.0,"turns":4.0},{"damage":2.0,"enemies":"3 Byrds","floor":20.0,"turns":5.0},{"damage":2.0,"enemies":"Centurion and Healer","floor":22.0,"turns":7.0},{"damage":7.0,"enemies":"Gremlin Leader","floor":24.0,"turns":10.0},{"damage":0.0,"enemies":"Sentry and Sphere","floor":25.0,"turns":4.0},{"damage":1.0,"floor":28.0,"turns":6.0},{"damage":0.0,"enemies":"Slavers","floor":31.0,"turns":4.0},{"damage":28.0,"enemies":"Automaton","floor":33.0,"turns":10.0},{"damage":28.0,"enemies":"Flame Bruiser 1 Orb","floor":35.0,"turns":8.0},{"damage":3.0,"enemies":"Orb Walker","floor":36.0,"turns":4.0},{"damage":32.0,"enemies":"Transient","floor":37.0,"turns":5.0},{"damage":3.0,"enemies":"3 Darklings","floor":41.0,"turns":5.0},{"damage":7.0,"enemies":"Giant Head","floor":45.0,"turns":10.0},{"damage":0.0,"enemies":"Spire Growth","floor":48.0,"turns":6.0},{"damage":19,"enemies":"Awakened One","floor":50,"turns":16}],"seed_played":"5936643300684619598","potions_obtained":[{"floor":1.0,"key":"Weak Potion"},{"floor":2.0,"key":"Dexterity Potion"},{"floor":10.0,"key":"SpeedPotion"},{"floor":20.0,"key":"EssenceOfSteel"},{"floor":25.0,"key":"PowerPotion"},{"floor":31.0,"key":"GamblersBrew"},{"floor":36.0,"key":"SpeedPotion"},{"floor":41.0,"key":"Energy Potion"},{"floor":45.0,"key":"Block Potion"},{"floor":48.0,"key":"SpeedPotion"}],"is_trial":false,"path_per_floor":["M","M","M","M","$","R","E","M","T","E","M","R","M","?","R","B",null,"M","?","M","$","M","R","E","M","T","$","?","?","R","E","R","B",null,"M","M","M","$","?","R","M","R","T","R","E","?","?","M","R","B"],"character_chosen":"DEFECT","items_purchased":["White Noise","Conserve Battery","Glacier","Stack","TheAbacus"],"campfire_rested":4,"item_purchase_floors":[5,5,21,21,38],"current_hp_per_floor":[64,57,57,52,52,52,51,51,51,42,40,40,40,33,33,37,68,54,54,52,52,50,50,43,43,43,43,42,42,42,42,65,37,68,40,37,5,5,21,44,41,64,64,64,57,57,57,57,78,59],"gold":82,"neow_bonus":"BOSS_RELIC","is_prod":false,"is_daily":false,"chose_seed":false,"campfire_upgraded":6,"win_rate":0,"timestamp":1534104175,"path_taken":["M","M","M","?","$","R","E","M","T","E","M","R","?","?","R","BOSS","M","?","?","$","M","R","E","M","T","$","?","?","R","E","R","BOSS","M","M","M","$","?","R","M","R","T","R","E","?","?","?","R","BOSS"],"build_version":"2018-08-08","purchased_purges":2,"victory":true,"max_hp_per_floor":[71,71,71,71,71,71,71,71,71,78,78,78,78,78,78,78,78,78,78,78,78,78,78,78,78,78,78,78,78,78,78,78,78,78,78,78,78,78,78,78,78,78,78,78,78,78,78,78,78,78],"card_choices":[{"not_picked":["Recycle","Turbo"],"picked":"Chill","floor":1.0},{"not_picked":["Steam","Darkness"],"picked":"FTL","floor":2.0},{"not_picked":["Gash","Leap"],"picked":"Coolheaded","floor":3.0},{"not_picked":["All For One","Redo"],"picked":"Cold Snap","floor":4.0},{"not_picked":["Force Field","Compile Driver"],"picked":"Melter","floor":7.0},{"not_picked":["Coolheaded","Rebound"],"picked":"Cold Snap","floor":8.0},{"not_picked":["Scrape","Consume"],"picked":"Streamline","floor":10.0},{"not_picked":["Steam","Streamline"],"picked":"Reboot","floor":11.0},{"not_picked":["Undo","Gash"],"picked":"Go for the Eyes","floor":13.0},{"not_picked":["Core Surge","Amplify"],"picked":"Echo Form","floor":16.0},{"not_picked":[],"picked":"Conserve Battery","floor":24.0},{"not_picked":["Force Field"],"picked":"SKIP","floor":25.0},{"not_picked":[],"picked":"Doom and Gloom","floor":31.0},{"not_picked":[],"picked":"Defragment","floor":45.0},{"not_picked":["Genetic Algorithm"],"picked":"SKIP","floor":48.0}],"player_experience":803520,"relics_obtained":[{"floor":7.0,"key":"Boot"},{"floor":9.0,"key":"Lantern"},{"floor":10.0,"key":"Strawberry"},{"floor":24.0,"key":"Bronze Scales"},{"floor":26.0,"key":"War Paint"},{"floor":28.0,"key":"Red Mask"},{"floor":31.0,"key":"Bottled Lightning"},{"floor":43.0,"key":"Matryoshka"},{"floor":45.0,"key":"Bag of Preparation"}],"event_choices":[{"event_name":"Golden Wing","player_choice":"Card Removal","floor":14.0,"damage_taken":0.0},{"event_name":"The Mausoleum","player_choice":"No","floor":19.0,"damage_taken":0.0},{"event_name":"Masked Bandits","player_choice":"Fought Bandits","floor":28.0,"damage_taken":0.0},{"event_name":"Addict","player_choice":"Ignored","floor":29.0,"damage_taken":0.0},{"event_name":"Winding Halls","player_choice":"Writhe","floor":39.0,"damage_taken":0.0},{"event_name":"Accursed Blacksmith","player_choice":"Forge","floor":46.0,"damage_taken":0.0},{"event_name":"SecretPortal","player_choice":"Rejected Portal.","floor":47.0,"damage_taken":0.0}],"is_beta":true,"boss_relics":[{"not_picked":["Orrery","Velvet Choker"],"picked":"Busted Crown"},{"not_picked":["Lizard Tail","Cursed Key"],"picked":"Inserter"}],"items_purged_floors":[21,27],"is_endless":false,"potions_floor_spawned":[1,2,3,10,11,20,25,31,36,41,45,48],"ascension_level":15}