{"gold_per_floor":[212,287,23,43,218,249,7,7,7,20,53,53,83,100,100,203,203,218,218,218,229,11,11,21,51,51,51,70,25,25,39,39,138,138,151,251,251,266,32,32,59,59,59,70,70,70,83,21,21,21],"floor_reached":50,"playtime":2023,"items_purged":["Strike_R","Doubt"],"score":853,"play_id":"5bbd000b-7a82-4e5f-b7d6-7d702333dfee","local_time":"20190826232206","is_ascension_mode":true,"campfire_choices":[{"floor":8,"key":"REST"},{"data":"Sword Boomerang","floor":12,"key":"SMITH"},{"data":"Inflame","floor":15,"key":"SMITH"},{"data":"Metallicize","floor":23,"key":"SMITH"},{"data":"Body Slam","floor":27,"key":"SMITH"},{"floor":30,"key":"REST"},{"floor":32,"key":"REST"},{"data":"Barricade","floor":40,"key":"SMITH"},{"data":"Metallicize","floor":42,"key":"SMITH"},{"floor":45,"key":"REST"},{"floor":49,"key":"REST"}],"neow_cost":"NONE","seed_source_timestamp":556495905235099,"circlet_count":0,"master_deck":["Defend_R","Defend_R","Defend_R","Defend_R","Bash","Twin Strike","Inflame+1","Iron Wave","Pommel Strike","Sword Boomerang+1","Spot Weakness","Havoc","Twin Strike","Offering","Brutality+1","Juggernaut+1","Metallicize+1","Twin Strike","Bite","Bite","Bite","Bite","Bite","RitualDagger","Heavy Blade+1","Metallicize+1","Barricade+1","Body Slam+1","Warcry+1","Metallicize+1","Shrug It Off","Disarm","Impervious","Cleave+1","Juggernaut+1","Dual Wield","Magnetism","Madness","Madness","True Grit+1","Corruption","Shrug It Off"],"relics":["Burning Blood","PreservedInsect","Happy Flower","Membership Card","Blue Candle","Pear","Pocketwatch","Astrolabe","Mummified Hand","Red Skull","Du-Vu Doll","Shuriken","Busted Crown","Prayer Wheel","DollysMirror","Calipers","Peace Pipe"],"potions_floor_usage":[11,24,25,25,33,38,47],"damage_taken":[{"damage":12,"enemies":"Small Slimes","floor":1,"turns":4},{"damage":2,"enemies":"Jaw Worm","floor":4,"turns":3},{"damage":40,"enemies":"3 Sentries","floor":6,"turns":9},{"damage":1,"enemies":"Cultist","floor":10,"turns":3},{"damage":25,"enemies":"Lagavulin","floor":11,"turns":5},{"damage":5,"enemies":"3 Sentries","floor":13,"turns":5},{"damage":9,"enemies":"Red Slaver","floor":14,"turns":2},{"damage":0,"enemies":"Slime Boss","floor":16,"turns":5},{"damage":31,"enemies":"2 Thieves","floor":18,"turns":4},{"damage":20,"enemies":"Spheric Guardian","floor":21,"turns":4},{"damage":19,"enemies":"Snake Plant","floor":24,"turns":2},{"damage":23,"enemies":"Slavers","floor":25,"turns":2},{"damage":14,"enemies":"Sentry and Sphere","floor":28,"turns":4},{"damage":7,"enemies":"Cultist and Chosen","floor":31,"turns":4},{"damage":34,"enemies":"Collector","floor":33,"turns":7},{"damage":0,"enemies":"Orb Walker","floor":35,"turns":4},{"damage":9,"enemies":"Mind Bloom Boss Battle","floor":36,"turns":4},{"damage":22,"enemies":"3 Darklings","floor":38,"turns":5},{"damage":28,"enemies":"Reptomancer","floor":41,"turns":4},{"damage":22,"enemies":"Transient","floor":44,"turns":5},{"damage":25,"enemies":"Jaw Worm Horde","floor":47,"turns":3},{"damage":72,"enemies":"Time Eater","floor":50,"turns":6}],"seed_played":"-3285452315992079578","potions_obtained":[{"floor":10,"key":"SkillPotion"},{"floor":11,"key":"FearPotion"},{"floor":13,"key":"Swift Potion"},{"floor":16,"key":"Poison Potion"},{"floor":28,"key":"Explosive Potion"},{"floor":31,"key":"SpeedPotion"},{"floor":33,"key":"AttackPotion"},{"floor":36,"key":"Weak Potion"},{"floor":38,"key":"GamblersBrew"},{"floor":41,"key":"BloodPotion"},{"floor":47,"key":"SteroidPotion"}],"is_trial":false,"path_per_floor":["M","?","$","M","?","E","$","R","T","M","E","R","E","M","R","B",null,"M","?","?","M","$","R","M","E","T","R","M","$","R","M","R","B",null,"M","?","?","M","$","R","E","R","T","M","R","?","M","$","R","B"],"character_chosen":"IRONCLAD","items_purchased":["PreservedInsect","Inflame","Membership Card","Mummified Hand","Metallicize","Red Skull","Metallicize","Shrug It Off","DollysMirror","Dual Wield","Magnetism","Corruption","Shrug It Off"],"campfire_rested":5,"item_purchase_floors":[3,3,7,22,22,22,29,29,39,39,39,48,48],"current_hp_per_floor":[66,55,55,59,59,25,25,49,49,54,45,45,46,43,43,49,80,55,55,49,43,43,43,34,21,21,21,15,15,33,36,54,38,56,62,62,62,56,56,56,40,40,40,32,50,42,42,42,60,0],"gold":21,"neow_bonus":"HUNDRED_GOLD","is_prod":false,"is_daily":false,"chose_seed":false,"campfire_upgraded":6,"win_rate":0,"timestamp":1566829326,"path_taken":["M","?","?","M","?","E","$","R","T","M","E","R","E","M","R","BOSS","M","?","?","M","$","R","?","E","T","R","M","?","R","?","R","BOSS","M","?","?","M","$","R","E","R","T","M","R","?","M","?","R","BOSS"],"build_version":"2019-07-17","purchased_purges":2,"victory":false,"max_hp_per_floor":[80,80,80,80,80,80,80,80,80,80,90,90,90,90,90,90,90,90,62,62,62,62,62,62,62,62,62,62,62,62,62,62,62,62,62,62,62,62,62,62,62,62,62,62,62,62,62,62,62,62],"card_choices":[{"not_picked":["Iron Wave","Armaments"],"picked":"Twin Strike","floor":1},{"not_picked":["Wild Strike","Second Wind"],"picked":"Iron Wave","floor":4},{"not_picked":["Cleave","Ghostly Armor"],"picked":"Pommel Strike","floor":6},{"not_picked":["Pommel Strike","Havoc"],"picked":"Sword Boomerang","floor":10},{"not_picked":["Sentinel","Perfected Strike"],"picked":"Spot Weakness","floor":11},{"not_picked":["Cleave","Entrench"],"picked":"Havoc","floor":13},{"not_picked":["Anger","True Grit"],"picked":"Twin Strike","floor":14},{"not_picked":["Barricade","Dark Embrace"],"picked":"Offering","floor":16},{"not_picked":["Dropkick","Clothesline+1"],"picked":"Twin Strike","floor":18},{"not_picked":["Carnage","Headbutt"],"picked":"Heavy Blade+1","floor":21},{"not_picked":["Havoc","Ghostly Armor"],"picked":"Barricade","floor":24},{"not_picked":["Iron Wave","Flex"],"picked":"Body Slam","floor":25},{"not_picked":["Twin Strike","Sever Soul"],"picked":"Warcry+1","floor":28},{"not_picked":["Blood for Blood+1","Perfected Strike"],"picked":"Disarm","floor":31},{"not_picked":["Offering","Brutality"],"picked":"Impervious","floor":33},{"not_picked":[],"picked":"Cleave+1","floor":35},{"not_picked":["Thunderclap"],"picked":"SKIP","floor":38},{"not_picked":["Berserk"],"picked":"SKIP","floor":38},{"not_picked":["Rupture"],"picked":"SKIP","floor":41},{"not_picked":["Flex"],"picked":"SKIP","floor":44},{"not_picked":["Havoc"],"picked":"SKIP","floor":44},{"not_picked":[],"picked":"True Grit+1","floor":47},{"not_picked":["Headbutt+1"],"picked":"SKIP","floor":47}],"player_experience":259458,"relics_obtained":[{"floor":6,"key":"Happy Flower"},{"floor":9,"key":"Blue Candle"},{"floor":11,"key":"Pear"},{"floor":13,"key":"Pocketwatch"},{"floor":25,"key":"Du-Vu Doll"},{"floor":26,"key":"Shuriken"},{"floor":36,"key":"Prayer Wheel"},{"floor":41,"key":"Calipers"},{"floor":43,"key":"Peace Pipe"}],"event_choices":[{"damage_healed":0,"gold_gain":75,"player_choice":"Gather Gold","damage_taken":11,"max_hp_gain":0,"max_hp_loss":0,"event_name":"World of Goop","floor":2,"gold_loss":0},{"damage_healed":0,"gold_gain":175,"player_choice":"AGREE","damage_taken":0,"max_hp_gain":0,"max_hp_loss":0,"event_name":"Liars Game","floor":5,"gold_loss":0,"cards_obtained":["Doubt"]},{"damage_healed":0,"gold_gain":0,"player_choice":"Became a vampire","damage_taken":0,"max_hp_gain":0,"max_hp_loss":28,"event_name":"Vampires","floor":19,"gold_loss":0,"cards_obtained":["Bite","Bite","Bite","Bite","Bite"]},{"damage_healed":0,"gold_gain":0,"player_choice":"Joined the Cult","damage_taken":6,"max_hp_gain":0,"max_hp_loss":0,"event_name":"Nest","floor":20,"gold_loss":0,"cards_obtained":["RitualDagger"]},{"damage_healed":0,"gold_gain":0,"player_choice":"Fight","damage_taken":0,"max_hp_gain":0,"max_hp_loss":0,"event_name":"MindBloom","floor":36,"gold_loss":0},{"damage_healed":0,"gold_gain":0,"player_choice":"Ignored","damage_taken":0,"max_hp_gain":0,"max_hp_loss":0,"event_name":"Tomb of Lord Red Mask","floor":37,"gold_loss":0},{"damage_healed":0,"gold_gain":0,"player_choice":"Embrace Madness","damage_taken":8,"max_hp_gain":0,"max_hp_loss":0,"event_name":"Winding Halls","floor":46,"gold_loss":0,"cards_obtained":["Madness","Madness"]}],"is_beta":false,"boss_relics":[{"not_picked":["Empty Cage","Calling Bell"],"picked":"Astrolabe"},{"not_picked":["Runic Pyramid","Lizard Tail"],"picked":"Busted Crown"}],"items_purged_floors":[3,7],"is_endless":false,"potions_floor_spawned":[10,11,13,16,21,28,31,33,36,38,41,47],"killed_by":"Time Eater","ascension_level":8}