{"gold_per_floor":[109,109,129,140,290,290,318,336,381,415,415,425,47,12,12,85,85,95,105,122,140,155,155],"floor_reached":23,"playtime":917,"items_purged":["Strike_B"],"score":369,"play_id":"a2320ba2-54e8-4bbe-bf66-d18584a3e325","local_time":"20190818183927","is_ascension_mode":true,"campfire_choices":[{"data":"Echo Form","floor":6.0,"key":"SMITH"},{"data":"Defragment","floor":15.0,"key":"SMITH"}],"neow_cost":"NONE","seed_source_timestamp":250298003544700,"circlet_count":0,"master_deck":["AscendersBane","Strike_B","Strike_B","Defend_B","Defend_B","Defend_B","Defend_B","Zap","Dualcast","Static Discharge","Go for the Eyes","Compile Driver","Echo Form+1","Streamline","Coolheaded","Conserve Battery","Loop","Defragment+1","Echo Form+1","Electrodynamics","Coolheaded","Conserve Battery","BootSequence+1"],"special_seed":0,"relics":["Cracked Core","Pear","Blood Vial","Art of War","DollysMirror","Sozu"],"potions_floor_usage":[],"damage_taken":[{"damage":4.0,"enemies":"Jaw Worm","floor":1.0,"turns":3.0},{"damage":1.0,"enemies":"Cultist","floor":3.0,"turns":3.0},{"damage":0.0,"enemies":"Small Slimes","floor":4.0,"turns":2.0},{"damage":20.0,"enemies":"Lagavulin","floor":7.0,"turns":7.0},{"damage":11.0,"enemies":"2 Fungi Beasts","floor":8.0,"turns":4.0},{"damage":23.0,"enemies":"3 Sentries","floor":10.0,"turns":7.0},{"damage":9.0,"enemies":"Looter","floor":12.0,"turns":3.0},{"damage":19.0,"enemies":"Slime Boss","floor":16.0,"turns":10.0},{"damage":4.0,"enemies":"Shell Parasite","floor":18.0,"turns":5.0},{"damage":40.0,"enemies":"3 Byrds","floor":19.0,"turns":3.0},{"damage":17.0,"enemies":"3 Cultists","floor":20.0,"turns":4.0},{"damage":2.0,"enemies":"Snecko","floor":21.0,"turns":6.0},{"damage":14.0,"enemies":"Snake Plant","floor":22.0,"turns":6.0},{"damage":9,"enemies":"Gremlin Leader","floor":23,"turns":2}],"seed_played":"-5366135580834385737","potions_obtained":[{"floor":2.0,"key":"Poison Potion"},{"floor":2.0,"key":"GamblersBrew"},{"floor":3.0,"key":"Regen Potion"},{"floor":7.0,"key":"LiquidBronze"}],"is_trial":false,"path_per_floor":["M","?","M","M","?","R","E","M","T","E","?","M","$","?","R","B",null,"M","M","M","M","M","E"],"character_chosen":"DEFECT","items_purchased":["Defragment","DollysMirror"],"campfire_rested":0,"item_purchase_floors":[13,13],"current_hp_per_floor":[60,60,59,59,59,59,64,53,53,32,32,25,25,45,45,28,68,66,28,13,13,1,0],"gold":155,"neow_bonus":"TRANSFORM_CARD","is_prod":false,"is_daily":false,"chose_seed":false,"campfire_upgraded":2,"win_rate":0,"timestamp":1566121167,"path_taken":["M","?","M","?","?","R","E","M","T","E","?","M","$","?","R","BOSS","M","M","M","M","M","E"],"build_version":"2019-07-17","purchased_purges":1,"victory":false,"max_hp_per_floor":[71,71,71,71,71,71,81,81,81,81,81,81,81,81,81,81,81,81,81,81,81,81,81],"card_choices":[{"not_picked":["Reprogram","Stack"],"picked":"Go for the Eyes","floor":1.0},{"not_picked":["Barrage","Coolheaded"],"picked":"Compile Driver","floor":3.0},{"not_picked":["Cold Snap","BootSequence"],"picked":"Echo Form","floor":4.0},{"not_picked":["Leap","Undo"],"picked":"Streamline","floor":7.0},{"not_picked":["Streamline","Steam"],"picked":"Coolheaded","floor":8.0},{"not_picked":["Sweeping Beam","Amplify"],"picked":"Conserve Battery","floor":10.0},{"not_picked":["Go for the Eyes","Turbo"],"picked":"Loop","floor":12.0},{"not_picked":["All For One","Rainbow"],"picked":"Electrodynamics","floor":16.0},{"not_picked":["Gash","Rip and Tear"],"picked":"Coolheaded","floor":18.0},{"not_picked":["Sweeping Beam","Blizzard+1"],"picked":"Conserve Battery","floor":19.0},{"not_picked":["Gash","Steam Power","Storm"],"picked":"SKIP","floor":20.0},{"not_picked":["Hologram","Static Discharge","All For One"],"picked":"SKIP","floor":21.0},{"not_picked":["Barrage","Hologram"],"picked":"BootSequence+1","floor":22.0}],"player_experience":196589,"relics_obtained":[{"floor":7.0,"key":"Pear"},{"floor":9.0,"key":"Blood Vial"},{"floor":10.0,"key":"Art of War"}],"event_choices":[{"damage_healed":0.0,"max_hp_gain":0.0,"max_hp_loss":0.0,"gold_gain":0.0,"event_name":"Lab","player_choice":"Got Potions","floor":2.0,"gold_loss":0.0,"damage_taken":0.0},{"damage_healed":0.0,"max_hp_gain":0.0,"max_hp_loss":0.0,"gold_gain":150.0,"event_name":"Liars Game","player_choice":"AGREE","floor":5.0,"gold_loss":0.0,"damage_taken":0.0,"cards_obtained":["Doubt"]},{"cards_removed":["Doubt"],"damage_healed":0.0,"max_hp_gain":0.0,"max_hp_loss":0.0,"gold_gain":0.0,"event_name":"Living Wall","player_choice":"Forget","floor":11.0,"gold_loss":0.0,"damage_taken":0.0},{"damage_healed":20.0,"max_hp_gain":0.0,"max_hp_loss":0.0,"gold_gain":0.0,"event_name":"The Cleric","player_choice":"Healed","floor":14.0,"gold_loss":35.0,"damage_taken":0.0}],"is_beta":false,"boss_relics":[{"not_picked":["FrozenCore","Lizard Tail"],"picked":"Sozu"}],"items_purged_floors":[13],"is_endless":false,"potions_floor_spawned":[3,7,10,18,20],"killed_by":"Gremlin Leader","ascension_level":16}