{"path_per_floor":["M","?","M","$","M","R","E","R","T","M","M","E","R","M","R","B",null,"M","$","M","?","$","R","E","M","T","E","?","?","$","?","R"],"character_chosen":"THE_SILENT","items_purchased":["Gremlin Horn"],"gold_per_floor":[111,111,123,48,68,68,99,99,99,117,127,161,161,174,174,270,270,280,40,58,58,58,58,91,106,136,171,171,94,94,94,94,94],"floor_reached":33,"campfire_rested":3,"playtime":1663,"item_purchase_floors":[19],"current_hp_per_floor":[65,58,56,56,56,56,65,84,84,81,79,62,62,52,77,38,84,84,84,83,83,83,83,66,55,55,55,39,39,39,23,49,0],"items_purged":["Strike_G"],"gold":94,"score":343,"play_id":"1b940c2d-ea65-4af2-8e8c-10e79aceaca7","local_time":"20180604223031","is_prod":false,"is_daily":false,"chose_seed":false,"is_ascension_mode":false,"campfire_upgraded":3,"win_rate":0.0,"timestamp":1528165831,"campfire_choices":[{"data":"Riddle With Holes","floor":6,"key":"SMITH"},{"floor":8,"key":"REST"},{"data":"Dagger Spray","floor":13,"key":"SMITH"},{"floor":15,"key":"REST"},{"data":"Endless Agony","floor":23,"key":"SMITH"},{"floor":32,"key":"REST"}],"path_taken":["M","?","M","$","?","R","E","R","T","M","M","E","R","M","R","BOSS","M","$","M","?","?","R","E","M","T","E","?","?","$","?","R","BOSS"],"build_version":"2018-05-31","seed_source_timestamp":48156608982988,"purchased_purges":1,"victory":false,"master_deck":["Defend_G","Defend_G","Defend_G","Defend_G","Strike_G","Strike_G","Strike_G","Survivor","Neutralize","Endless Agony+1","Dagger Spray+1","Riddle With Holes+1","Backstab","Acrobatics","PiercingWail","Die Die Die","Dagger Spray+1","Riddle With Holes","J.A.X.","Necronomicurse"],"max_hp_per_floor":[70,70,70,70,70,70,84,84,84,84,84,84,84,84,84,84,84,84,84,84,84,84,84,84,84,84,84,89,89,89,89,89,89],"relics":["Ring of the Snake","Mango","Matryoshka","Torii","Gremlin Horn","Bronze Scales","Tiny Chest","Pen Nib","Juzu Bracelet","Necronomicon"],"card_choices":[{"not_picked":["Dodge and Roll","Underhanded Strike"],"picked":"Dagger Spray","floor":1},{"not_picked":["Skewer","Deflect"],"picked":"Riddle With Holes","floor":3},{"not_picked":["Poisoned Stab","PiercingWail"],"picked":"Backstab","floor":5},{"not_picked":["Deadly Poison","Flying Knee","Footwork"],"picked":"SKIP","floor":7},{"not_picked":["Tools of the Trade","Sucker Punch","Reflex"],"picked":"SKIP","floor":10},{"not_picked":["Dagger Throw","Blade Dance"],"picked":"Acrobatics","floor":11},{"not_picked":["Backflip","Prepared"],"picked":"PiercingWail","floor":12},{"not_picked":["Riddle With Holes","Dagger Throw","Outmaneuver"],"picked":"SKIP","floor":14},{"not_picked":["Envenom","Phantasmal Killer"],"picked":"Die Die Die","floor":16},{"not_picked":["Backflip","Underhanded Strike+1","Flying Knee"],"picked":"SKIP","floor":18},{"not_picked":["Acrobatics","All Out Attack+1"],"picked":"Dagger Spray+1","floor":20},{"not_picked":["Eviscerate","Crippling Poison","Quick Slash"],"picked":"SKIP","floor":24},{"not_picked":["PiercingWail","Expertise"],"picked":"Riddle With Holes","floor":25},{"not_picked":["Acrobatics","Flying Knee","Slice"],"picked":"SKIP","floor":27}],"player_experience":42726,"potions_floor_usage":[7,16],"damage_taken":[{"damage":5,"enemies":"Small Slimes","floor":1,"turns":5},{"damage":2,"enemies":"Jaw Worm","floor":3,"turns":4},{"damage":0,"enemies":"Cultist","floor":5,"turns":3},{"damage":5,"enemies":"Lagavulin","floor":7,"turns":8},{"damage":3,"enemies":"Lots of Slimes","floor":10,"turns":2},{"damage":2,"enemies":"3 Louse","floor":11,"turns":2},{"damage":17,"enemies":"3 Sentries","floor":12,"turns":6},{"damage":10,"enemies":"Looter","floor":14,"turns":2},{"damage":39,"enemies":"Slime Boss","floor":16,"turns":10},{"damage":0,"enemies":"3 Byrds","floor":18,"turns":3},{"damage":1,"enemies":"Spheric Guardian","floor":20,"turns":3},{"damage":17,"enemies":"Slavers","floor":24,"turns":3},{"damage":11,"enemies":"Cultist and Chosen","floor":25,"turns":5},{"damage":0,"enemies":"Gremlin Leader","floor":27,"turns":4},{"damage":69,"enemies":"Collector","floor":33,"turns":9}],"relics_obtained":[{"floor":7,"key":"Mango"},{"floor":9,"key":"Matryoshka"},{"floor":12,"key":"Torii"},{"floor":24,"key":"Bronze Scales"},{"floor":26,"key":"Tiny Chest"},{"floor":26,"key":"Pen Nib"},{"floor":27,"key":"Juzu Bracelet"},{"floor":31,"key":"Necronomicon"}],"event_choices":[{"event_name":"Golden Wing","player_choice":"Card Removal","floor":2,"damage_taken":0},{"event_name":"Addict","player_choice":"Ignored","floor":21,"damage_taken":0},{"event_name":"Forgotten Altar","player_choice":"Shed Blood","floor":28,"damage_taken":0},{"event_name":"Drug Dealer","player_choice":"Got JAXXED","floor":29,"damage_taken":0},{"event_name":"Cursed Tome","player_choice":"Obtained Book","floor":31,"damage_taken":0}],"boss_relics":[{"not_picked":["Snecko Eye","Ectoplasm","Runic Dome"]}],"items_purged_floors":[4],"potions_floor_spawned":[3,5,12,16,18,27],"seed_played":"-4879207149228094252","killed_by":"Collector","ascension_level":0,"potions_obtained":[{"floor":3,"key":"Ancient Potion"},{"floor":5,"key":"Weak Potion"},{"floor":12,"key":"SmokeBomb"},{"floor":16,"key":"SteroidPotion"},{"floor":18,"key":"LiquidBronze"},{"floor":27,"key":"FairyPotion"}],"is_trial":false}