{"gold_per_floor":[110,60,60,60,60,60,60,85,132,132,162,162,87,87,87,188,188,200,2,16,16,16,16,115,134,134,166,166,114,144,154,154,250,250,270,270,230,230,230,230,246,246,246,246,246,246,271,271,271,271],"floor_reached":51,"playtime":2129,"items_purged":["Strike_R"],"score":1011,"play_id":"771fe609-0b6b-4429-9656-4681d2d9f620","local_time":"20190316221944","is_ascension_mode":true,"campfire_choices":[{"data":"Bash","floor":6.0,"key":"SMITH"},{"data":"Defend_R","floor":15.0,"key":"SMITH"},{"data":"Strike_R","floor":23.0,"key":"SMITH"},{"data":"Strike_R","floor":28.0,"key":"SMITH"},{"data":"Strike_R","floor":32.0,"key":"SMITH"},{"floor":40.0,"key":"RECALL"},{"floor":42.0,"key":"REST"},{"floor":45.0,"key":"REST"},{"floor":49,"key":"REST"}],"neow_cost":"NONE","seed_source_timestamp":559792037235,"circlet_count":0,"master_deck":["Strike_R+1","Strike_R+1","Strike_R+1","Defend_R+1","Defend_R+1","Bash+1"],"special_seed":0,"relics":["Burning Blood","NeowsBlessing","Centennial Puzzle","Juzu Bracelet","Ancient Tea Set","Snecko Eye","TheAbacus","Enchiridion","Unceasing Top","FossilizedHelix","Paper Frog","Fusion Hammer","Boot","PreservedInsect","Red Skull"],"potions_floor_usage":[50,50,50],"damage_taken":[{"damage":0.0,"enemies":"2 Louse","floor":1.0,"turns":1.0},{"damage":0.0,"enemies":"3 Sentries","floor":11.0,"turns":2.0},{"damage":0.0,"enemies":"The Guardian","floor":16.0,"turns":1.0},{"damage":0.0,"enemies":"Spheric Guardian","floor":18.0,"turns":1.0},{"damage":0.0,"enemies":"3 Byrds","floor":20.0,"turns":5.0},{"damage":0.0,"enemies":"Centurion and Healer","floor":25.0,"turns":5.0},{"damage":12.0,"enemies":"Slavers","floor":27.0,"turns":9.0},{"damage":0.0,"enemies":"Book of Stabbing","floor":30.0,"turns":5.0},{"damage":0.0,"enemies":"Chosen and Byrds","floor":31.0,"turns":7.0},{"damage":61.0,"enemies":"Champ","floor":33.0,"turns":25.0},{"damage":1.0,"enemies":"Orb Walker","floor":35.0,"turns":3.0},{"damage":2.0,"enemies":"3 Darklings","floor":41.0,"turns":5.0},{"damage":22.0,"enemies":"Nemesis","floor":47.0,"turns":6.0},{"damage":40,"enemies":"Awakened One","floor":50,"turns":24}],"seed_played":"3402255794768618238","potions_obtained":[{"floor":1.0,"key":"SkillPotion"},{"floor":12.0,"key":"EntropicBrew"},{"floor":12.0,"key":"Poison Potion"},{"floor":16.0,"key":"Fire Potion"},{"floor":18.0,"key":"GamblersBrew"},{"floor":27.0,"key":"Ancient Potion"},{"floor":35.0,"key":"AttackPotion"},{"floor":37.0,"key":"Block Potion"},{"floor":37.0,"key":"Strength Potion"},{"floor":37.0,"key":"SpeedPotion"}],"is_trial":false,"path_per_floor":["M","?","?","?","$","R","$","T","T","?","E","?","$","?","R","B",null,"M","$","M","?","?","R","?","M","T","E","R","$","E","M","R","B",null,"M","?","?","$","$","R","M","R","T","$","R","?","E","?","R","B",null],"character_chosen":"IRONCLAD","items_purchased":["TheAbacus","SkillPotion"],"campfire_rested":3,"item_purchase_floors":[19,29],"current_hp_per_floor":[80,80,80,80,80,80,80,80,80,80,80,80,80,73,73,79,80,80,80,80,64,64,64,64,70,70,64,64,64,70,76,76,36,80,80,80,80,80,80,80,80,80,80,80,80,80,64,64,80,46],"gold":271,"neow_bonus":"THREE_ENEMY_KILL","is_prod":false,"is_daily":false,"chose_seed":false,"campfire_upgraded":5,"win_rate":0,"timestamp":1552799984,"path_taken":["M","?","?","?","$","R","$","?","T","?","E","?","?","?","R","BOSS","M","$","M","?","?","R","?","M","T","E","R","$","E","M","R","BOSS","M","?","?","?","$","R","M","R","T","$","R","?","E","?","R","BOSS"],"build_version":"2019-03-15","purchased_purges":1,"victory":true,"max_hp_per_floor":[80,80,80,80,80,80,80,80,80,80,80,80,80,80,80,80,80,80,80,80,80,80,80,80,80,80,80,80,80,80,80,80,80,80,80,80,80,80,80,80,80,80,80,80,80,80,80,80,80,80],"card_choices":[{"not_picked":["Perfected Strike","Wild Strike","Havoc"],"picked":"SKIP","floor":18.0},{"not_picked":["Second Wind","Havoc","Heavy Blade"],"picked":"SKIP","floor":20.0},{"not_picked":["Feel No Pain+1","Twin Strike+1","Rage"],"picked":"SKIP","floor":25.0},{"not_picked":["Barricade","Shrug It Off+1","Twin Strike"],"picked":"SKIP","floor":27.0},{"not_picked":["Heavy Blade","Anger","Reckless Charge+1"],"picked":"SKIP","floor":30.0},{"not_picked":["Perfected Strike+1","Seeing Red","Burning Pact"],"picked":"SKIP","floor":31.0},{"not_picked":["Thunderclap+1","Reckless Charge+1","Warcry+1"],"picked":"SKIP","floor":47.0}],"player_experience":1306807,"relics_obtained":[{"floor":8.0,"key":"Centennial Puzzle"},{"floor":9.0,"key":"Juzu Bracelet"},{"floor":11.0,"key":"Ancient Tea Set"},{"floor":21.0,"key":"Enchiridion"},{"floor":26.0,"key":"Unceasing Top"},{"floor":27.0,"key":"FossilizedHelix"},{"floor":30.0,"key":"Paper Frog"},{"floor":36.0,"key":"Boot"},{"floor":43.0,"key":"PreservedInsect"},{"floor":47.0,"key":"Red Skull"}],"event_choices":[{"cards_removed":["Defend_R"],"damage_healed":0.0,"max_hp_gain":0.0,"max_hp_loss":0.0,"gold_gain":0.0,"event_name":"The Cleric","player_choice":"Card Removal","floor":2.0,"gold_loss":50.0,"damage_taken":0.0},{"cards_removed":["Defend_R"],"damage_healed":0.0,"max_hp_gain":0.0,"max_hp_loss":0.0,"gold_gain":0.0,"event_name":"Living Wall","player_choice":"Forget","floor":3.0,"gold_loss":0.0,"damage_taken":0.0},{"damage_healed":0.0,"max_hp_gain":0.0,"max_hp_loss":0.0,"gold_gain":0.0,"event_name":"Liars Game","player_choice":"Ignored","floor":4.0,"gold_loss":0.0,"damage_taken":0.0},{"damage_healed":0.0,"max_hp_gain":0.0,"max_hp_loss":0.0,"gold_gain":0.0,"event_name":"Upgrade Shrine","player_choice":"Upgraded","floor":10.0,"gold_loss":0.0,"damage_taken":0.0,"cards_upgraded":["Defend_R"]},{"damage_healed":0.0,"max_hp_gain":0.0,"max_hp_loss":0.0,"gold_gain":0.0,"event_name":"Lab","player_choice":"Got Potions","floor":12.0,"gold_loss":0.0,"damage_taken":0.0},{"cards_removed":["Strike_R"],"damage_healed":0.0,"max_hp_gain":0.0,"max_hp_loss":0.0,"gold_gain":0.0,"event_name":"Golden Wing","player_choice":"Card Removal","floor":14.0,"gold_loss":0.0,"damage_taken":7.0},{"damage_healed":0.0,"max_hp_gain":0.0,"max_hp_loss":0.0,"gold_gain":0.0,"event_name":"Cursed Tome","player_choice":"Obtained Book","floor":21.0,"gold_loss":0.0,"damage_taken":16.0},{"damage_healed":0.0,"max_hp_gain":0.0,"max_hp_loss":0.0,"gold_gain":99.0,"event_name":"Nest","player_choice":"Stole From Cult","floor":24.0,"gold_loss":0.0,"damage_taken":0.0},{"damage_healed":0.0,"max_hp_gain":0.0,"max_hp_loss":0.0,"gold_gain":0.0,"event_name":"Wheel of Change","player_choice":"Relic","floor":36.0,"gold_loss":0.0,"damage_taken":0.0},{"damage_healed":0.0,"max_hp_gain":0.0,"max_hp_loss":0.0,"gold_gain":0.0,"event_name":"The Woman in Blue","player_choice":"Bought 3 Potions","floor":37.0,"gold_loss":0.0,"damage_taken":0.0},{"damage_healed":0.0,"max_hp_gain":0.0,"max_hp_loss":0.0,"gold_gain":0.0,"event_name":"SensoryStone","player_choice":"Memory 1","floor":46.0,"gold_loss":0.0,"damage_taken":0.0},{"damage_healed":0,"gold_gain":0,"player_choice":"Ignored","damage_taken":0,"max_hp_gain":0,"max_hp_loss":0,"event_name":"Mysterious Sphere","floor":48,"gold_loss":0}],"is_beta":true,"boss_relics":[{"not_picked":["Runic Pyramid","Empty Cage"],"picked":"Snecko Eye"},{"not_picked":["Runic Dome","Coffee Dripper"],"picked":"Fusion Hammer"}],"items_purged_floors":[13],"is_endless":false,"potions_floor_spawned":[1,16,18,27,35,41],"ascension_level":1}