{"gold_per_floor":[110,110,128,148,14,14,27,54,54,54,54,70,70,102,102,175,175,193,207,207,257,257,283,40,40,65,91,107,107],"floor_reached":29,"playtime":1025,"items_purged":["Defend_R","Defend_R"],"score":567,"play_id":"faa79d2e-b5a3-4922-af20-8d43cd202388","local_time":"20190812231404","is_ascension_mode":true,"campfire_choices":[{"data":"True Grit","floor":6.0,"key":"SMITH"},{"data":"True Grit","floor":11.0,"key":"SMITH"},{"data":"Bash","floor":13.0,"key":"SMITH"},{"data":"Dual Wield","floor":15.0,"key":"SMITH"},{"floor":25,"key":"REST"}],"neow_cost":"NONE","seed_source_timestamp":226739618052,"circlet_count":0,"master_deck":["AscendersBane","Strike_R","Strike_R","Strike_R","Strike_R","Strike_R","Defend_R","Bash+1","Clash","Clash","Cleave","True Grit+1","Clothesline","Clash","Pommel Strike","True Grit+1","Inflame","Iron Wave","Dual Wield+1","Battle Trance","Offering","Clash","Clash","True Grit","Metallicize"],"special_seed":0,"relics":["Orrery","Vajra","Singing Bowl","Prayer Wheel","Busted Crown","Orichalcum","Dream Catcher","Paper Frog"],"potions_floor_usage":[23],"damage_taken":[{"damage":0.0,"enemies":"Small Slimes","floor":1.0,"turns":2.0},{"damage":4.0,"enemies":"Jaw Worm","floor":3.0,"turns":3.0},{"damage":4.0,"enemies":"Cultist","floor":4.0,"turns":3.0},{"damage":11.0,"enemies":"Lots of Slimes","floor":7.0,"turns":4.0},{"damage":16.0,"enemies":"3 Sentries","floor":8.0,"turns":5.0},{"damage":0.0,"enemies":"Exordium Wildlife","floor":12.0,"turns":2.0},{"damage":17.0,"enemies":"Lagavulin","floor":14.0,"turns":5.0},{"damage":19.0,"enemies":"Hexaghost","floor":16.0,"turns":8.0},{"damage":16.0,"enemies":"3 Byrds","floor":18.0,"turns":5.0},{"damage":7.0,"enemies":"Shell Parasite","floor":19.0,"turns":2.0},{"damage":39,"enemies":"Gremlin Leader","floor":23,"turns":4},{"damage":16,"enemies":"Book of Stabbing","floor":27,"turns":3},{"damage":9,"enemies":"Centurion and Healer","floor":28,"turns":4},{"damage":16,"enemies":"3 Cultists","floor":29,"turns":4}],"seed_played":"-5054346355288146357","potions_obtained":[{"floor":4.0,"key":"PowerPotion"},{"floor":8.0,"key":"Strength Potion"},{"floor":12.0,"key":"PowerPotion"},{"floor":14.0,"key":"LiquidBronze"},{"floor":18.0,"key":"LiquidBronze"},{"floor":28,"key":"PowerPotion"}],"is_trial":false,"path_per_floor":["M","?","M","M","$","R","M","E","T","?","R","M","R","E","R","B",null,"M","M","?","?","?","E","$","R","T","E","M","M"],"character_chosen":"IRONCLAD","items_purchased":["True Grit","True Grit","Metallicize"],"campfire_rested":1,"item_purchase_floors":[5,24,24],"current_hp_per_floor":[68,61,57,53,53,53,42,26,26,51,51,51,51,34,34,15,60,48,43,43,43,43,6,6,30,30,16,11,0],"gold":107,"neow_bonus":"BOSS_RELIC","is_prod":false,"is_daily":false,"chose_seed":false,"campfire_upgraded":4,"win_rate":0,"timestamp":1565676844,"path_taken":["M","?","M","M","$","R","M","E","T","?","R","M","R","E","R","BOSS","M","M","?","?","?","E","$","R","T","E","?","M"],"build_version":"2019-07-18","purchased_purges":2,"victory":false,"max_hp_per_floor":[75,75,75,75,75,75,75,75,75,75,75,75,75,75,75,75,75,79,81,81,81,81,83,83,83,83,85,89,89],"card_choices":[{"not_picked":["Thunderclap","Sentinel"],"picked":"Clash","floor":0.0},{"not_picked":["Anger","Cleave"],"picked":"Clash","floor":0.0},{"not_picked":["Twin Strike","Havoc"],"picked":"Cleave","floor":0.0},{"not_picked":["Armaments","Shrug It Off"],"picked":"True Grit","floor":0.0},{"not_picked":["Combust","Fire Breathing"],"picked":"Clothesline","floor":0.0},{"not_picked":["Heavy Blade","Armaments"],"picked":"Clash","floor":1.0},{"not_picked":["Limit Break","Heavy Blade"],"picked":"Pommel Strike","floor":3.0},{"not_picked":["Dropkick","Infernal Blade","Warcry"],"picked":"SKIP","floor":4.0},{"not_picked":["Heavy Blade","Clothesline"],"picked":"Inflame","floor":7.0},{"not_picked":["Warcry","Feel No Pain"],"picked":"Iron Wave","floor":8.0},{"not_picked":["Clothesline","Evolve"],"picked":"Dual Wield","floor":12.0},{"not_picked":["Anger","Flex"],"picked":"Battle Trance","floor":14.0},{"not_picked":["Fiend Fire","Berserk"],"picked":"Offering","floor":16.0},{"not_picked":["Burning Pact"],"picked":"Singing Bowl","floor":18.0},{"not_picked":["Feel No Pain"],"picked":"Singing Bowl","floor":18.0},{"not_picked":[],"picked":"Clash","floor":19.0},{"not_picked":["Blood for Blood+1"],"picked":"Singing Bowl","floor":19.0},{"not_picked":["Power Through+1"],"picked":"Singing Bowl","floor":23},{"not_picked":["Body Slam"],"picked":"Singing Bowl","floor":27},{"not_picked":["Burning Pact"],"picked":"Singing Bowl","floor":28},{"not_picked":["Rampage+1"],"picked":"Singing Bowl","floor":28}],"player_experience":1403206,"relics_obtained":[{"floor":8.0,"key":"Vajra"},{"floor":9.0,"key":"Singing Bowl"},{"floor":14.0,"key":"Prayer Wheel"},{"floor":23,"key":"Orichalcum"},{"floor":26,"key":"Dream Catcher"},{"floor":27,"key":"Paper Frog"}],"event_choices":[{"cards_removed":["Defend_R"],"damage_healed":0.0,"max_hp_gain":0.0,"max_hp_loss":0.0,"gold_gain":0.0,"event_name":"Golden Wing","player_choice":"Card Removal","floor":2.0,"gold_loss":0.0,"damage_taken":7.0},{"damage_healed":25.0,"max_hp_gain":0.0,"max_hp_loss":0.0,"gold_gain":0.0,"event_name":"Big Fish","player_choice":"Banana","floor":10.0,"gold_loss":0.0,"damage_taken":0.0},{"damage_healed":0,"gold_gain":0,"player_choice":"Ignored","damage_taken":0,"max_hp_gain":0,"max_hp_loss":0,"event_name":"The Mausoleum","floor":20,"gold_loss":0},{"damage_healed":0,"gold_gain":50,"player_choice":"Stole From Cult","damage_taken":0,"max_hp_gain":0,"max_hp_loss":0,"event_name":"Nest","floor":21,"gold_loss":0},{"damage_healed":0,"gold_gain":0,"player_choice":"Copied","damage_taken":0,"max_hp_gain":0,"max_hp_loss":0,"event_name":"Duplicator","floor":22,"gold_loss":0,"cards_obtained":["Clash"]}],"is_beta":true,"boss_relics":[{"not_picked":["Velvet Choker","Pandora\u0027s Box"],"picked":"Busted Crown"}],"items_purged_floors":[5,24],"is_endless":false,"potions_floor_spawned":[4,8,12,14,18,28],"killed_by":"3 Cultists","ascension_level":20}