{"gold_per_floor":[167,32,45,65,20,20,50,50,73,73,73,90,90,90,90,161,161,177,189,189,205,54,54,54],"floor_reached":24,"playtime":951,"items_purged":[],"score":340,"play_id":"584d2588-1d65-4b09-b65f-54643ff32b4c","local_time":"20180805145146","is_ascension_mode":true,"campfire_choices":[{"data":"Hologram","floor":6,"key":"SMITH"},{"data":"Hologram","floor":10,"key":"SMITH"},{"data":"Blizzard","floor":13,"key":"SMITH"},{"data":"Loop","floor":15,"key":"SMITH"},{"floor":23,"key":"REST"}],"neow_cost":"NONE","seed_source_timestamp":687095836867995,"circlet_count":0,"master_deck":["Strike_B","Strike_B","Strike_B","Defend_B","Defend_B","Defend_B+1","Zap","Dualcast","AscendersBane","Sweeping Beam","Loop+1","Hologram+1","Conserve Battery","Capacitor","Coolheaded","Hologram+1","Chill","Hello World","Reinforced Body","Blizzard+1","Rainbow","Go for the Eyes","FTL+1","Necronomicurse","Discovery","Stack"],"relics":["Tiny House","Happy Flower","Vajra","Busted Crown","Necronomicon"],"potions_floor_usage":[16,16],"damage_taken":[{"damage":1,"enemies":"Cultist","floor":1,"turns":5},{"damage":6,"enemies":"Small Slimes","floor":3,"turns":5},{"damage":1,"enemies":"2 Louse","floor":4,"turns":6},{"damage":9,"enemies":"Looter","floor":5,"turns":5},{"damage":12,"enemies":"3 Sentries","floor":7,"turns":10},{"damage":0,"enemies":"Exordium Thugs","floor":12,"turns":6},{"damage":12,"enemies":"The Guardian","floor":16,"turns":13},{"damage":4,"enemies":"Shell Parasite","floor":18,"turns":7},{"damage":6,"enemies":"Chosen","floor":19,"turns":6},{"damage":12,"enemies":"Centurion and Healer","floor":21,"turns":7},{"damage":0,"enemies":"Gremlin Leader","floor":24,"turns":1}],"seed_played":"7859971484776938884","potions_obtained":[{"floor":0,"key":"Energy Potion"},{"floor":1,"key":"SneckoOil"},{"floor":7,"key":"Fire Potion"},{"floor":21,"key":"Swift Potion"}],"is_trial":false,"path_per_floor":["M","$","M","M","M","R","E","?","T","R","$","M","R","?","R","B",null,"M","M","?","M","$","R"],"character_chosen":"DEFECT","items_purchased":["Hologram","Conserve Battery","Capacitor","Discovery","Stack"],"campfire_rested":1,"item_purchase_floors":[2,2,2,22,22],"current_hp_per_floor":[68,68,62,61,52,52,40,40,40,40,40,40,40,40,40,28,64,60,54,33,21,21,43,43],"gold":54,"neow_bonus":"BOSS_RELIC","is_prod":false,"is_daily":false,"chose_seed":false,"campfire_upgraded":4,"win_rate":0,"timestamp":1533505906,"path_taken":["M","$","?","M","M","R","E","?","T","R","$","M","R","?","R","BOSS","M","M","?","M","$","R","E"],"build_version":"2018-08-01","purchased_purges":0,"victory":false,"max_hp_per_floor":[76,76,76,76,76,76,76,76,76,76,76,76,76,76,76,76,76,76,76,76,76,76,76,76],"card_choices":[{"not_picked":["Storm","Aggregate"],"picked":"Sweeping Beam","floor":0},{"not_picked":["Conserve Battery","Reinforced Body"],"picked":"Loop","floor":1},{"not_picked":["Compile Driver","Ball Lightning"],"picked":"Coolheaded","floor":3},{"not_picked":["Auto Shields","Gash"],"picked":"Hologram","floor":4},{"not_picked":["Consume","Compile Driver"],"picked":"Chill","floor":5},{"not_picked":["Melter","White Noise"],"picked":"Hello World","floor":7},{"not_picked":["Chaos","Rebound"],"picked":"Blizzard","floor":12},{"not_picked":["Seek","Machine Learning"],"picked":"Rainbow","floor":16},{"not_picked":[],"picked":"Go for the Eyes","floor":18},{"not_picked":[],"picked":"FTL+1","floor":19}],"player_experience":743138,"relics_obtained":[{"floor":7,"key":"Happy Flower"},{"floor":9,"key":"Vajra"},{"floor":20,"key":"Necronomicon"}],"event_choices":[{"event_name":"Transmorgrifier","player_choice":"Transform","floor":8,"damage_taken":0},{"event_name":"Purifier","player_choice":"One Purge","floor":14,"damage_taken":0},{"event_name":"Cursed Tome","player_choice":"Obtained Book","floor":20,"damage_taken":0}],"is_beta":true,"boss_relics":[{"not_picked":["Velvet Choker","Empty Cage"],"picked":"Busted Crown"}],"items_purged_floors":[],"is_endless":false,"potions_floor_spawned":[1,4,7,12,21],"killed_by":"Gremlin Leader","ascension_level":15}