{"gold_per_floor":[113,113,62,82,232,259,24,24,24,36,36,48,79,89,89,162,162,176,191,204,129,145,145,145,145,145,180,180,191,206,265,265,339,339,351,351,371,74,94,94,94,122,145,175,189,209,209,220,220,220,220],"floor_reached":52,"playtime":1991,"items_purged":["Doubt","Strike_R+1"],"score":2053,"play_id":"e0f3f121-285e-4f6d-815a-ff4ced81f717","local_time":"20190424233612","is_ascension_mode":true,"campfire_choices":[{"data":"Uppercut","floor":8.0,"key":"SMITH"},{"data":"Whirlwind","floor":11.0,"key":"SMITH"},{"data":"Demon Form","floor":15.0,"key":"SMITH"},{"data":"True Grit","floor":23,"key":"SMITH"},{"floor":25,"key":"REST"},{"data":"Disarm","floor":28,"key":"SMITH"},{"data":"Clothesline","floor":32,"key":"SMITH"},{"data":"Flame Barrier","floor":40,"key":"SMITH"},{"data":"Uppercut","floor":47,"key":"SMITH"},{"data":"Rampage","floor":49,"key":"SMITH"}],"neow_cost":"NONE","seed_source_timestamp":47618600764879,"circlet_count":0,"master_deck":["AscendersBane","Strike_R+1","Strike_R+1","Defend_R+1","Defend_R+1","Defend_R+1","Defend_R+1","Bash","Uppercut+1","Rampage+1","Whirlwind+1","Demon Form+1","Headbutt","Disarm+1","Limit Break+1","Shrug It Off+1","Reaper","Carnage","True Grit+1","Clothesline+1","True Grit+1","Flame Barrier+1","Shrug It Off+1","Entrench","Exhume","Shrug It Off","Shrug It Off","Apotheosis","Uppercut+1","Spot Weakness+1"],"special_seed":0,"relics":["Burning Blood","NeowsBlessing","Paper Frog","Pantograph","Blue Candle","Question Card","Bottled Tornado","Snecko Eye","Regal Pillow","War Paint","Tiny Chest","Sozu","Shuriken","Anchor","Du-Vu Doll"],"potions_floor_usage":[20,27,30,50],"damage_taken":[{"damage":0.0,"enemies":"Small Slimes","floor":1.0,"turns":1.0},{"damage":0.0,"enemies":"2 Louse","floor":4.0,"turns":1.0},{"damage":0.0,"enemies":"Gremlin Nob","floor":6.0,"turns":1.0},{"damage":0.0,"enemies":"Cultist","floor":10.0,"turns":2.0},{"damage":3.0,"enemies":"Looter","floor":12.0,"turns":2.0},{"damage":21.0,"enemies":"Lagavulin","floor":13.0,"turns":6.0},{"damage":6.0,"enemies":"Exordium Wildlife","floor":14.0,"turns":4.0},{"damage":38.0,"enemies":"The Guardian","floor":16.0,"turns":7.0},{"damage":20.0,"enemies":"2 Thieves","floor":18.0,"turns":3.0},{"damage":11.0,"enemies":"Spheric Guardian","floor":19.0,"turns":3.0},{"damage":49,"enemies":"Chosen and Byrds","floor":20,"turns":9},{"damage":30,"enemies":"Snake Plant","floor":22,"turns":3},{"damage":26,"enemies":"Gremlin Leader","floor":27,"turns":5},{"damage":12,"enemies":"Centurion and Healer","floor":29,"turns":5},{"damage":11,"enemies":"3 Cultists","floor":30,"turns":4},{"damage":15,"enemies":"Book of Stabbing","floor":31,"turns":6},{"damage":46,"enemies":"Automaton","floor":33,"turns":7},{"damage":0,"enemies":"Orb Walker","floor":35,"turns":3},{"damage":23,"enemies":"3 Darklings","floor":37,"turns":5},{"damage":32,"enemies":"Sphere and 2 Shapes","floor":39,"turns":7},{"damage":25,"enemies":"Nemesis","floor":42,"turns":7},{"damage":0,"enemies":"Giant Head","floor":44,"turns":5},{"damage":0,"enemies":"Transient","floor":45,"turns":6},{"damage":19,"enemies":"4 Shapes","floor":46,"turns":3},{"damage":8,"enemies":"Jaw Worm Horde","floor":48,"turns":3},{"damage":59,"enemies":"Awakened One","floor":50,"turns":11},{"damage":37,"enemies":"Time Eater","floor":51,"turns":9}],"seed_played":"-697240905483485847","potions_obtained":[{"floor":4.0,"key":"Explosive Potion"},{"floor":10.0,"key":"Strength Potion"},{"floor":13.0,"key":"Swift Potion"},{"floor":19.0,"key":"Strength Potion"},{"floor":20,"key":"Explosive Potion"},{"floor":27,"key":"SneckoOil"},{"floor":33,"key":"Block Potion"}],"is_trial":false,"path_per_floor":["M","?","?","M","?","E","$","R","T","M","R","M","E","M","R","B",null,"M","M","M","?","M","R","?","R","T","E","R","M","M","E","R","B",null,"M","?","M","$","M","R","$","E","T","E","M","M","R","M","R","B","B",null],"character_chosen":"IRONCLAD","items_purchased":["Demon Form","Apotheosis"],"campfire_rested":1,"item_purchase_floors":[7,38],"current_hp_per_floor":[74,69,69,75,75,75,75,75,75,75,75,75,60,60,60,43,67,61,65,42,42,37,37,37,59,59,74,74,75,70,75,75,75,75,75,75,75,75,75,75,75,75,75,75,75,62,62,75,75,72,57],"gold":220,"neow_bonus":"THREE_ENEMY_KILL","is_prod":false,"is_daily":false,"chose_seed":false,"campfire_upgraded":9,"win_rate":0,"timestamp":1556174172,"path_taken":["M","?","?","?","?","E","$","R","T","M","R","M","E","M","R","BOSS","M","M","M","?","M","R","?","R","T","E","R","M","M","E","R","BOSS","M","?","M","$","M","R","?","E","T","E","?","M","R","M","R","BOSS","BOSS"],"build_version":"2019-04-04","purchased_purges":2,"victory":true,"max_hp_per_floor":[75,75,75,75,75,75,75,75,75,75,75,75,75,75,75,75,75,75,75,75,75,75,75,75,75,75,75,75,75,75,75,75,75,75,75,75,75,75,75,75,75,75,75,75,75,75,75,75,75,75,75],"card_choices":[{"not_picked":["Clash","Body Slam"],"picked":"Uppercut","floor":1.0},{"not_picked":["Wild Strike","Entrench"],"picked":"Rampage","floor":4.0},{"not_picked":["Clash","Bloodletting"],"picked":"Whirlwind","floor":6.0},{"not_picked":["Searing Blow","Cleave","Spot Weakness"],"picked":"Headbutt","floor":10.0},{"not_picked":["Shockwave","Twin Strike","Clothesline"],"picked":"Disarm","floor":12.0},{"not_picked":["Blood for Blood","Exhume","Body Slam"],"picked":"Limit Break","floor":13.0},{"not_picked":["Iron Wave","Spot Weakness","Clash"],"picked":"Shrug It Off","floor":14.0},{"not_picked":["Fiend Fire","Juggernaut","Feed"],"picked":"Reaper","floor":16.0},{"not_picked":["Headbutt","Anger","Ghostly Armor"],"picked":"Carnage","floor":18.0},{"not_picked":["Battle Trance","Fire Breathing","Body Slam"],"picked":"True Grit","floor":19.0},{"not_picked":["Warcry","Cleave","Iron Wave"],"picked":"Clothesline","floor":20},{"not_picked":["Wild Strike","Blood for Blood+1","Clash"],"picked":"True Grit+1","floor":22},{"not_picked":["Rupture+1","Sword Boomerang","Warcry","Carnage"],"picked":"SKIP","floor":27},{"not_picked":["Searing Blow","Clothesline","Rage"],"picked":"Flame Barrier","floor":29},{"not_picked":["Searing Blow","Body Slam","Shockwave"],"picked":"Shrug It Off+1","floor":30},{"not_picked":["Iron Wave","Second Wind","Cleave"],"picked":"Entrench","floor":31},{"not_picked":["Immolate","Berserk","Bludgeon"],"picked":"Exhume","floor":33},{"not_picked":["Rage+1","Headbutt","Cleave"],"picked":"Shrug It Off","floor":35},{"not_picked":["Sword Boomerang+1","Iron Wave","Burning Pact"],"picked":"Shrug It Off","floor":37},{"not_picked":["Headbutt","Thunderclap+1","Body Slam+1"],"picked":"Uppercut","floor":42},{"not_picked":["Combust","Body Slam+1","True Grit","Iron Wave"],"picked":"SKIP","floor":44},{"not_picked":["Pommel Strike","Fire Breathing+1","Flex"],"picked":"Spot Weakness+1","floor":45},{"not_picked":["Burning Pact","Flex","Armaments+1","Wild Strike"],"picked":"SKIP","floor":46}],"player_experience":1430396,"relics_obtained":[{"floor":6.0,"key":"Blue Candle"},{"floor":9.0,"key":"Question Card"},{"floor":13.0,"key":"Bottled Tornado"},{"floor":26,"key":"Regal Pillow"},{"floor":27,"key":"War Paint"},{"floor":31,"key":"Tiny Chest"},{"floor":42,"key":"Shuriken"},{"floor":43,"key":"Anchor"},{"floor":44,"key":"Du-Vu Doll"}],"event_choices":[{"damage_healed":0.0,"max_hp_gain":0.0,"max_hp_loss":0.0,"gold_gain":0.0,"event_name":"Scrap Ooze","player_choice":"Success","floor":2.0,"gold_loss":0.0,"damage_taken":5.0,"relics_obtained":["Paper Frog"]},{"damage_healed":0.0,"max_hp_gain":0.0,"max_hp_loss":0.0,"gold_gain":0.0,"event_name":"WeMeetAgain","player_choice":"Paid Gold","floor":3.0,"gold_loss":51.0,"damage_taken":0.0,"relics_obtained":["Pantograph"]},{"damage_healed":0.0,"max_hp_gain":0.0,"max_hp_loss":0.0,"gold_gain":150.0,"event_name":"Liars Game","player_choice":"AGREE","floor":5.0,"gold_loss":0.0,"damage_taken":0.0,"cards_obtained":["Doubt"]},{"cards_removed":["Strike_R"],"damage_healed":0,"gold_gain":0,"player_choice":"Gave Gold","damage_taken":0,"max_hp_gain":0,"max_hp_loss":0,"event_name":"Beggar","floor":21,"gold_loss":75},{"damage_healed":0,"gold_gain":0,"player_choice":"Simplicity","damage_taken":0,"max_hp_gain":0,"max_hp_loss":0,"event_name":"Back to Basics","floor":24,"gold_loss":0,"cards_upgraded":["Strike_R","Strike_R","Strike_R","Strike_R","Defend_R","Defend_R","Defend_R","Defend_R"]},{"cards_removed":["Strike_R"],"damage_healed":0,"gold_gain":0,"player_choice":"Offered Basic","damage_taken":0,"max_hp_gain":0,"max_hp_loss":0,"event_name":"Bonfire Elementals","floor":36,"gold_loss":0}],"is_beta":true,"boss_relics":[{"not_picked":["Coffee Dripper","Cursed Key"],"picked":"Snecko Eye"},{"not_picked":["Runic Dome","Velvet Choker"],"picked":"Sozu"}],"items_purged_floors":[7,38],"is_endless":false,"potions_floor_spawned":[4,10,13,19,20,27,33,42,44,45,48],"ascension_level":20}