{"gold_per_floor":[111,123,123,142,162,197,197,197,243,273,9,21,45,120,120,216,216,234,234,234,250,250,284,284,301,301,330,348,348,348,19,19,115,115,130,0,18,18,36,36,63,63,115,115,115,129,78,94,94,94],"floor_reached":51,"playtime":2040,"items_purged":["Strike_G"],"score":1051,"play_id":"7750af96-d9fc-4afb-b2b2-78b1dfc5e01f","local_time":"20190816183306","is_ascension_mode":true,"campfire_choices":[{"data":"Neutralize","floor":7,"key":"SMITH"},{"floor":15,"key":"REST"},{"floor":24,"key":"REST"},{"data":"Envenom","floor":29,"key":"SMITH"},{"floor":32,"key":"REST"},{"floor":40,"key":"REST"},{"floor":42,"key":"REST"},{"floor":44,"key":"REST"},{"floor":49,"key":"REST"}],"neow_cost":"NONE","seed_source_timestamp":76082245986600,"circlet_count":0,"master_deck":["Defend_G","Defend_G","Defend_G","Defend_G","Survivor","Neutralize+1","Dagger Spray","Poisoned Stab","Bouncing Flask","Quick Slash","PiercingWail","Backstab+1","Crippling Poison","Poisoned Stab+1","Envenom+1","Dagger Spray+1","Dash+1","Sucker Punch+1","Predator+1","Deadly Poison+1","Poisoned Stab+1","Noxious Fumes","Doppelganger","Backflip+1","Distraction+1","Wraith Form v2+1","Choke+1","Deflect+1","Dark Shackles","Footwork","PiercingWail"],"relics":["Velvet Choker","Juzu Bracelet","Pen Nib","Smiling Mask","Molten Egg 2","Regal Pillow","Odd Mushroom","Philosopher\u0027s Stone","MutagenicStrength","Sundial","Omamori","Ornamental Fan","Gambling Chip","Mummified Hand","Astrolabe","Red Mask","Bottled Tornado","PreservedInsect"],"potions_floor_usage":[6,10,16,16,33,41,46,50,50,50],"damage_taken":[{"damage":0,"enemies":"2 Louse","floor":1,"turns":4},{"damage":0,"enemies":"Cultist","floor":2,"turns":4},{"damage":0,"enemies":"Small Slimes","floor":4,"turns":2},{"damage":3,"enemies":"3 Louse","floor":5,"turns":3},{"damage":7,"enemies":"Lagavulin","floor":6,"turns":4},{"damage":14,"enemies":"Gremlin Nob","floor":10,"turns":4},{"damage":0,"enemies":"2 Fungi Beasts","floor":12,"turns":2},{"damage":0,"enemies":"The Mushroom Lair","floor":13,"turns":2},{"damage":20,"enemies":"Slime Boss","floor":16,"turns":11},{"damage":11,"enemies":"3 Byrds","floor":18,"turns":4},{"damage":9,"enemies":"Shell Parasite","floor":21,"turns":2},{"damage":19,"enemies":"Slavers","floor":23,"turns":3},{"damage":1,"enemies":"Centurion and Healer","floor":25,"turns":5},{"damage":19,"enemies":"Book of Stabbing","floor":27,"turns":4},{"damage":0,"enemies":"3 Cultists","floor":28,"turns":4},{"damage":53,"enemies":"Champ","floor":33,"turns":9},{"damage":30,"enemies":"3 Darklings","floor":35,"turns":6},{"damage":0,"enemies":"Orb Walker","floor":37,"turns":2},{"damage":24,"enemies":"Writhing Mass","floor":39,"turns":5},{"damage":37,"enemies":"Nemesis","floor":41,"turns":7},{"damage":0,"enemies":"4 Shapes","floor":46,"turns":1},{"damage":17,"enemies":"3 Darklings","floor":48,"turns":4},{"damage":53,"enemies":"Donu and Deca","floor":50,"turns":13}],"seed_played":"-2244092796492937359","potions_obtained":[{"floor":1,"key":"AttackPotion"},{"floor":4,"key":"Swift Potion"},{"floor":6,"key":"LiquidBronze"},{"floor":12,"key":"Swift Potion"},{"floor":13,"key":"SteroidPotion"},{"floor":18,"key":"LiquidBronze"},{"floor":21,"key":"Ancient Potion"},{"floor":41,"key":"Dexterity Potion"},{"floor":46,"key":"Fruit Juice"},{"floor":48,"key":"Explosive Potion"}],"is_trial":false,"path_per_floor":["M","M","?","M","M","E","R","T","T","E","$","M","?","?","R","B",null,"M","?","?","M","?","E","R","M","T","E","M","R","?","$","R","B",null,"M","?","M","?","M","R","E","R","T","R","?","M","$","M","R","B",null],"character_chosen":"THE_SILENT","items_purchased":["Regal Pillow","Crippling Poison","Mummified Hand","Noxious Fumes","PowerPotion"],"campfire_rested":7,"item_purchase_floors":[11,11,31,31,47],"current_hp_per_floor":[63,63,63,63,60,53,53,53,53,39,39,39,39,28,64,44,64,53,53,53,44,44,25,61,60,60,41,41,41,41,41,70,17,57,27,27,27,27,3,39,2,38,38,70,70,75,75,58,75,22],"gold":94,"neow_bonus":"BOSS_RELIC","is_prod":false,"is_daily":false,"chose_seed":false,"campfire_upgraded":2,"win_rate":0,"timestamp":1565947986,"path_taken":["M","M","?","?","M","E","R","?","T","E","?","M","?","?","R","BOSS","M","?","?","M","?","E","R","M","T","E","M","R","?","?","R","BOSS","M","?","M","?","M","R","E","R","T","R","?","M","?","M","R","BOSS"],"build_version":"2019-07-17","purchased_purges":1,"victory":true,"max_hp_per_floor":[70,70,70,70,70,70,70,70,70,70,70,70,70,70,70,70,70,70,70,70,70,70,70,70,70,70,70,70,70,70,70,70,70,70,70,70,70,70,70,70,70,70,70,70,70,75,75,75,75,75],"card_choices":[{"not_picked":["Bouncing Flask","Infinite Blades"],"picked":"Dagger Spray","floor":1},{"not_picked":["Bane","Underhanded Strike"],"picked":"Poisoned Stab","floor":2},{"not_picked":["Slice","Distraction"],"picked":"Quick Slash","floor":4},{"not_picked":["Eviscerate","Prepared","Outmaneuver"],"picked":"SKIP","floor":5},{"not_picked":["Cloak And Dagger","Quick Slash"],"picked":"PiercingWail","floor":6},{"not_picked":["Endless Agony","Calculated Gamble"],"picked":"Backstab","floor":10},{"not_picked":["PiercingWail","All Out Attack+1"],"picked":"Poisoned Stab+1","floor":12},{"not_picked":["Tools of the Trade","Night Terror"],"picked":"Envenom","floor":16},{"not_picked":["Distraction","Quick Slash+1"],"picked":"Dagger Spray+1","floor":18},{"not_picked":["Footwork+1","Flying Knee+1"],"picked":"Dash+1","floor":21},{"not_picked":["Eviscerate+1","Tactician+1"],"picked":"Sucker Punch+1","floor":23},{"not_picked":["Backflip","Poisoned Stab+1"],"picked":"Predator+1","floor":25},{"not_picked":["Eviscerate+1","Distraction"],"picked":"Deadly Poison+1","floor":27},{"not_picked":["Outmaneuver+1","Sucker Punch+1"],"picked":"Poisoned Stab+1","floor":28},{"not_picked":["Bullet Time","Grand Finale+1"],"picked":"Doppelganger","floor":33},{"not_picked":["Outmaneuver+1","Endless Agony+1"],"picked":"Choke+1","floor":35},{"not_picked":["Dagger Spray+1","Poisoned Stab+1"],"picked":"Deflect+1","floor":37},{"not_picked":["Heel Hook+1","Endless Agony+1","Outmaneuver+1"],"picked":"SKIP","floor":39},{"not_picked":["Acrobatics+1","Terror","Flechettes+1"],"picked":"SKIP","floor":41},{"not_picked":["Forethought","Finesse"],"picked":"Dark Shackles","floor":45},{"not_picked":["Flying Knee+1","A Thousand Cuts"],"picked":"Footwork","floor":46},{"not_picked":["Cloak And Dagger+1","Underhanded Strike+1"],"picked":"PiercingWail","floor":48}],"player_experience":162723,"relics_obtained":[{"floor":6,"key":"Juzu Bracelet"},{"floor":8,"key":"Pen Nib"},{"floor":9,"key":"Smiling Mask"},{"floor":10,"key":"Molten Egg 2"},{"floor":13,"key":"Odd Mushroom"},{"floor":23,"key":"Omamori"},{"floor":26,"key":"Ornamental Fan"},{"floor":27,"key":"Gambling Chip"},{"floor":41,"key":"Bottled Tornado"},{"floor":43,"key":"PreservedInsect"}],"event_choices":[{"damage_healed":0,"gold_gain":0,"cards_transformed":["Strike_G"],"player_choice":"Transformed","damage_taken":0,"max_hp_gain":0,"max_hp_loss":0,"event_name":"Transmorgrifier","floor":3,"gold_loss":0,"cards_obtained":["Bouncing Flask"]},{"damage_healed":0,"gold_gain":0,"player_choice":"Fought Mushrooms","damage_taken":0,"max_hp_gain":0,"max_hp_loss":0,"event_name":"Mushrooms","floor":13,"gold_loss":0},{"damage_healed":0,"gold_gain":75,"player_choice":"Gather Gold","damage_taken":11,"max_hp_gain":0,"max_hp_loss":0,"event_name":"World of Goop","floor":14,"gold_loss":0},{"damage_healed":0,"gold_gain":0,"player_choice":"Inject Mutagens","damage_taken":0,"relics_obtained":["MutagenicStrength"],"max_hp_gain":0,"max_hp_loss":0,"event_name":"Drug Dealer","floor":19,"gold_loss":0},{"damage_healed":0,"gold_gain":0,"player_choice":"Ignored","damage_taken":0,"max_hp_gain":0,"max_hp_loss":0,"event_name":"Vampires","floor":20,"gold_loss":0},{"damage_healed":0,"gold_gain":0,"player_choice":"Gave Potion","damage_taken":0,"relics_obtained":["Sundial"],"max_hp_gain":0,"max_hp_loss":0,"event_name":"WeMeetAgain","floor":22,"gold_loss":0},{"cards_removed":["Strike_G"],"damage_healed":0,"gold_gain":0,"player_choice":"Purged","damage_taken":0,"max_hp_gain":0,"max_hp_loss":0,"event_name":"Purifier","floor":30,"gold_loss":0},{"damage_healed":0,"gold_gain":0,"player_choice":"Paid","damage_taken":0,"relics_obtained":["Red Mask"],"max_hp_gain":0,"max_hp_loss":0,"event_name":"Tomb of Lord Red Mask","floor":36,"gold_loss":130},{"damage_healed":0,"gold_gain":0,"player_choice":"Ignored","damage_taken":0,"max_hp_gain":0,"max_hp_loss":0,"event_name":"Mysterious Sphere","floor":38,"gold_loss":0},{"damage_healed":0,"gold_gain":0,"player_choice":"Memory 1","damage_taken":0,"max_hp_gain":0,"max_hp_loss":0,"event_name":"SensoryStone","floor":45,"gold_loss":0}],"is_beta":false,"boss_relics":[{"not_picked":["Runic Pyramid","Fusion Hammer"],"picked":"Philosopher\u0027s Stone"},{"not_picked":["White Beast Statue","Pandora\u0027s Box"],"picked":"Astrolabe"}],"items_purged_floors":[11],"is_endless":false,"potions_floor_spawned":[1,4,6,12,13,18,21,41,46,48],"ascension_level":9}