{"gold_per_floor":[118,129,129,129,145,175,175,200,200,234,251,251,251,270,270,369,369,379,294,310,44,62,62,87,105,183,202,202,230,230,263,263,360,360,374,474,3,20,38,73,100,139,151,38,51,78,78,111,111,111,111,111,63,95,95],"floor_reached":56,"playtime":4820,"items_purged":["Strike_B","Writhe","Strike_B"],"score":1579,"play_id":"f87ef564-2129-48d7-9d28-b521977e9f8c","local_time":"20190822213032","is_ascension_mode":true,"campfire_choices":[{"data":"Zap","floor":7.0,"key":"SMITH"},{"data":"Self Repair","floor":13.0,"key":"SMITH"},{"data":"Dualcast","floor":15.0,"key":"SMITH"},{"floor":23.0,"key":"RECALL"},{"floor":30.0,"key":"REST"},{"floor":32.0,"key":"REST"}],"neow_cost":"NONE","seed_source_timestamp":0,"circlet_count":0,"master_deck":["Strike_B+1","Defend_B","Defend_B+1","Defend_B","Zap+1","Dualcast+1","Self Repair+1","Chill","Cold Snap","Conserve Battery","Echo Form","Streamline+1","Glacier","Machine Learning","Echo Form","Buffer","Beam Cell","All For One+1","Beam Cell+1","Streamline+1","Flash of Steel+1","Capacitor+1","Go for the Eyes+1"],"special_seed":0,"relics":["Empty Cage","Centennial Puzzle","Pear","Dodecahedron","Singing Bowl","Fusion Hammer","Happy Flower","OrangePellets","Bird Faced Urn","Strawberry","Pantograph","Molten Egg 2","Coffee Dripper","Mercury Hourglass","MawBank","Vajra","Letter Opener","Ice Cream","Boot","Ornamental Fan"],"potions_floor_usage":[50,50,50],"damage_taken":[{"damage":7.0,"enemies":"Jaw Worm","floor":1.0,"turns":4.0},{"damage":0.0,"enemies":"Small Slimes","floor":2.0,"turns":3.0},{"damage":4.0,"enemies":"Cultist","floor":5.0,"turns":4.0},{"damage":24.0,"enemies":"Gremlin Nob","floor":6.0,"turns":5.0},{"damage":15.0,"enemies":"Lagavulin","floor":8.0,"turns":7.0},{"damage":1.0,"enemies":"3 Sentries","floor":10.0,"turns":9.0},{"damage":3.0,"enemies":"Blue Slaver","floor":11.0,"turns":5.0},{"damage":17.0,"enemies":"Exordium Thugs","floor":14.0,"turns":6.0},{"damage":36.0,"enemies":"Slime Boss","floor":16.0,"turns":7.0},{"damage":6.0,"enemies":"Spheric Guardian","floor":18.0,"turns":4.0},{"damage":7.0,"enemies":"2 Thieves","floor":20.0,"turns":5.0},{"damage":14.0,"enemies":"Chosen and Byrds","floor":22.0,"turns":4.0},{"damage":6.0,"enemies":"Book of Stabbing","floor":24.0,"turns":6.0},{"damage":14.0,"enemies":"Cultist and Chosen","floor":25.0,"turns":7.0},{"damage":24.0,"enemies":"Snake Plant","floor":27.0,"turns":5.0},{"damage":32.0,"enemies":"Gremlin Leader","floor":29.0,"turns":11.0},{"damage":3.0,"enemies":"Book of Stabbing","floor":31.0,"turns":6.0},{"damage":60.0,"enemies":"Collector","floor":33.0,"turns":12.0},{"damage":31.0,"enemies":"3 Darklings","floor":35.0,"turns":5.0},{"damage":5.0,"enemies":"Orb Walker","floor":38.0,"turns":4.0},{"damage":18.0,"enemies":"Maw","floor":39.0,"turns":6.0},{"damage":11.0,"enemies":"Giant Head","floor":40.0,"turns":8.0},{"damage":0.0,"enemies":"Transient","floor":41.0,"turns":5.0},{"damage":0.0,"enemies":"Nemesis","floor":42.0,"turns":5.0},{"damage":22.0,"enemies":"Jaw Worm Horde","floor":45.0,"turns":4.0},{"damage":17.0,"enemies":"Reptomancer","floor":46.0,"turns":6.0},{"damage":30.0,"enemies":"Nemesis","floor":48.0,"turns":5.0},{"damage":34,"enemies":"Awakened One","floor":50,"turns":11},{"damage":61,"enemies":"Shield and Spear","floor":54,"turns":5},{"damage":105,"enemies":"The Heart","floor":55,"turns":10}],"seed_played":"-1527762018012925724","potions_obtained":[{"floor":5.0,"key":"FearPotion"},{"floor":6.0,"key":"LiquidBronze"},{"floor":10.0,"key":"Weak Potion"},{"floor":11.0,"key":"Fruit Juice"},{"floor":22.0,"key":"PowerPotion"},{"floor":24.0,"key":"SneckoOil"},{"floor":27.0,"key":"Strength Potion"},{"floor":31.0,"key":"Swift Potion"},{"floor":33.0,"key":"Swift Potion"},{"floor":38.0,"key":"Dexterity Potion"},{"floor":41.0,"key":"Ancient Potion"},{"floor":42.0,"key":"PowerPotion"},{"floor":46.0,"key":"Block Potion"},{"floor":48.0,"key":"EssenceOfSteel"}],"is_trial":false,"path_per_floor":["M","M","?","?","M","E","R","E","T","E","M","?","R","M","R","B",null,"M","?","M","$","M","R","E","M","T","M","?","E","R","E","R","B",null,"M","?","$","M","M","E","M","E","T","$","M","E","R","E","R","B",null,"R","$","E","B",null],"character_chosen":"DEFECT","items_purchased":["OrangePellets","Streamline+1","Mercury Hourglass","Flash of Steel+1","Go for the Eyes+1"],"campfire_rested":2,"item_purchase_floors":[21,37,37,37,53],"current_hp_per_floor":[68,75,60,65,68,51,51,53,53,66,77,77,77,85,85,59,95,97,97,99,99,101,101,101,103,103,105,112,98,112,114,114,82,114,113,113,113,116,100,115,122,124,124,124,118,128,128,128,128,122,128,128,128,103,49],"gold":95,"neow_bonus":"BOSS_RELIC","is_prod":false,"is_daily":false,"chose_seed":false,"campfire_upgraded":3,"win_rate":0,"timestamp":1566527432,"path_taken":["M","M","?","?","M","E","R","E","T","E","M","?","R","M","R","BOSS","M","?","M","$","M","R","E","M","T","M","?","E","R","E","R","BOSS","M","?","$","M","M","E","M","E","T","?","M","E","R","E","R","BOSS","R","$","E","BOSS"],"build_version":"2019-07-17","purchased_purges":3,"victory":true,"max_hp_per_floor":[75,75,75,80,80,80,80,90,90,90,90,90,90,95,95,95,95,97,97,99,99,101,101,101,103,103,105,112,112,112,114,114,114,114,114,114,114,116,118,120,122,124,124,124,126,128,128,128,128,128,128,128,128,130,130],"card_choices":[{"not_picked":["Turbo","Stack"],"picked":"Self Repair","floor":1.0},{"not_picked":["Go for the Eyes","Barrage"],"picked":"Chill","floor":2.0},{"not_picked":["Double Energy","Leap"],"picked":"Cold Snap","floor":5.0},{"not_picked":["Turbo","Static Discharge"],"picked":"Conserve Battery","floor":6.0},{"not_picked":["Consume","Hologram"],"picked":"Echo Form","floor":8.0},{"not_picked":["Redo","Hologram"],"picked":"Streamline","floor":10.0},{"not_picked":["Lockon","Force Field"],"picked":"Glacier","floor":11.0},{"not_picked":["Ball Lightning","Cold Snap"],"picked":"Machine Learning","floor":14.0},{"not_picked":["Amplify","Creative AI"],"picked":"Echo Form","floor":16.0},{"not_picked":["Chill+1","Hologram","Conserve Battery"],"picked":"Singing Bowl","floor":18.0},{"not_picked":["Cold Snap+1","Gash+1","Conserve Battery"],"picked":"Singing Bowl","floor":20.0},{"not_picked":["Self Repair","Sunder","Ball Lightning"],"picked":"Singing Bowl","floor":22.0},{"not_picked":["Self Repair+1","Stack"],"picked":"Buffer","floor":24.0},{"not_picked":["Ball Lightning","Leap","Genetic Algorithm"],"picked":"Singing Bowl","floor":25.0},{"not_picked":["Rebound","Double Energy","Barrage+1"],"picked":"Singing Bowl","floor":27.0},{"not_picked":["Heatsinks+1","Reprogram"],"picked":"Beam Cell","floor":29.0},{"not_picked":["Double Energy","Chill","Static Discharge+1"],"picked":"Singing Bowl","floor":31.0},{"not_picked":["Reboot","Amplify"],"picked":"All For One+1","floor":33.0},{"not_picked":["Conserve Battery+1","Steam"],"picked":"Beam Cell+1","floor":35.0},{"not_picked":["Hologram+1","Streamline+1","Gash+1"],"picked":"Singing Bowl","floor":38.0},{"not_picked":["Turbo","Defragment","Sweeping Beam+1"],"picked":"Singing Bowl","floor":39.0},{"not_picked":["All For One+1","Rebound+1","Barrage+1"],"picked":"Singing Bowl","floor":40.0},{"not_picked":["Recycle+1","Stack","Hologram"],"picked":"Singing Bowl","floor":41.0},{"not_picked":["Defragment+1","Undo","Aggregate+1"],"picked":"Singing Bowl","floor":42.0},{"not_picked":["Chaos+1","Reprogram+1","Sunder+1"],"picked":"Singing Bowl","floor":45.0},{"not_picked":["Stack","Static Discharge+1","Compile Driver+1"],"picked":"Singing Bowl","floor":46.0},{"not_picked":["Cold Snap+1","Barrage+1"],"picked":"Capacitor+1","floor":48.0},{"not_picked":["Doom and Gloom+1","Creative AI","Streamline+1"],"picked":"Singing Bowl","floor":54}],"player_experience":479925,"relics_obtained":[{"floor":6.0,"key":"Centennial Puzzle"},{"floor":8.0,"key":"Pear"},{"floor":9.0,"key":"Dodecahedron"},{"floor":10.0,"key":"Singing Bowl"},{"floor":24.0,"key":"Bird Faced Urn"},{"floor":29.0,"key":"Pantograph"},{"floor":31.0,"key":"Molten Egg 2"},{"floor":40.0,"key":"MawBank"},{"floor":42.0,"key":"Vajra"},{"floor":43.0,"key":"Letter Opener"},{"floor":46.0,"key":"Ice Cream"},{"floor":48.0,"key":"Boot"},{"floor":54,"key":"Ornamental Fan"}],"event_choices":[{"damage_healed":0.0,"max_hp_gain":0.0,"max_hp_loss":0.0,"gold_gain":0.0,"event_name":"Shining Light","player_choice":"Entered Light","floor":3.0,"gold_loss":0.0,"damage_taken":15.0,"cards_upgraded":["Strike_B","Defend_B"]},{"damage_healed":0.0,"max_hp_gain":5.0,"max_hp_loss":0.0,"gold_gain":0.0,"event_name":"Big Fish","player_choice":"Donut","floor":4.0,"gold_loss":0.0,"damage_taken":0.0},{"damage_healed":0.0,"max_hp_gain":0.0,"max_hp_loss":0.0,"gold_gain":0.0,"event_name":"Accursed Blacksmith","player_choice":"Forge","floor":12.0,"gold_loss":0.0,"damage_taken":0.0,"cards_upgraded":["Streamline"]},{"damage_healed":0.0,"max_hp_gain":0.0,"max_hp_loss":0.0,"gold_gain":0.0,"event_name":"Addict","player_choice":"Obtained Relic","floor":19.0,"gold_loss":85.0,"damage_taken":0.0,"relics_obtained":["Happy Flower"]},{"damage_healed":0.0,"max_hp_gain":0.0,"max_hp_loss":0.0,"gold_gain":0.0,"event_name":"The Mausoleum","player_choice":"Opened","floor":28.0,"gold_loss":0.0,"damage_taken":0.0,"relics_obtained":["Strawberry"],"cards_obtained":["Writhe"]},{"damage_healed":0.0,"max_hp_gain":0.0,"max_hp_loss":0.0,"gold_gain":100.0,"event_name":"Golden Shrine","player_choice":"Pray","floor":36.0,"gold_loss":0.0,"damage_taken":0.0}],"is_beta":false,"boss_relics":[{"not_picked":["Runic Pyramid","Velvet Choker"],"picked":"Fusion Hammer"},{"not_picked":["Black Star","Philosopher\u0027s Stone"],"picked":"Coffee Dripper"}],"items_purged_floors":[21,37,44],"is_endless":false,"potions_floor_spawned":[5,6,10,11,22,24,27,31,33,38,41,42,46,48],"ascension_level":4}