{"gold_per_floor":[112,12,12,112,131,131,164,164,218,228,254,254,9,41,41,117,117,131,160,24,41,56,56,81,81,104,123,158,158,176,25,25,102,102,115,132,132,144,154,154,154,154,154,181,181,195,40,67,67,67],"floor_reached":50,"playtime":2593,"items_purged":["Blizzard"],"score":1098,"play_id":"d1c977fc-40ae-4ca7-85ec-5bb55e0a5775","local_time":"20180708193831","is_ascension_mode":true,"campfire_choices":[{"data":"Sunder","floor":6,"key":"SMITH"},{"data":"Sunder","floor":8,"key":"SMITH"},{"floor":12,"key":"REST"},{"data":"Beam Cell","floor":15,"key":"SMITH"},{"data":"Buffer","floor":23,"key":"SMITH"},{"data":"Buffer","floor":25,"key":"SMITH"},{"floor":29,"key":"REST"},{"data":"Machine Learning","floor":32,"key":"SMITH"},{"floor":40,"key":"REST"},{"floor":42,"key":"REST"},{"floor":45,"key":"REST"},{"floor":49,"key":"REST"}],"neow_cost":"","seed_source_timestamp":0,"circlet_count":0,"master_deck":["Zap","Dualcast","AscendersBane","Hologram+1","Capacitor","Heatsinks","Sunder+1","Leap","Capacitor","Sunder+1","Rebound","Gash","Ball Lightning","Loop","Beam Cell+1","Echo Form","BootSequence","Reinforced Body","Buffer+1","Melter+1","Cold Snap+1","Buffer+1","Self Repair","Machine Learning+1","White Noise","Go for the Eyes+1","Sweeping Beam+1","Cold Snap+1","Creative AI+1","Conserve Battery","Buffer+1","Steam","Sweeping Beam+1","Gash+1","Gash+1","Sunder+1","Defragment","Coolheaded+1","Beam Cell+1"],"special_seed":0,"relics":["Pandora\u0027s Box","Pen Nib","Tiny Chest","Strawberry","Molten Egg 2","Torii","Velvet Choker","Red Mask","Bottled Lightning","Art of War","Dream Catcher","Orichalcum","Fusion Hammer","Toxic Egg 2","Letter Opener","Sundial"],"potions_floor_usage":[7,14,19,21,28,50,50],"damage_taken":[{"damage":9,"enemies":"Small Slimes","floor":1,"turns":3},{"damage":9,"enemies":"Jaw Worm","floor":5,"turns":4},{"damage":8,"enemies":"Gremlin Nob","floor":7,"turns":3},{"damage":0,"enemies":"Cultist","floor":10,"turns":2},{"damage":22,"enemies":"Lagavulin","floor":11,"turns":6},{"damage":9,"enemies":"3 Sentries","floor":14,"turns":5},{"damage":21,"enemies":"The Guardian","floor":16,"turns":7},{"damage":0,"enemies":"Chosen","floor":18,"turns":3},{"damage":1,"floor":19,"turns":4},{"damage":14,"enemies":"3 Byrds","floor":21,"turns":6},{"damage":0,"enemies":"Snecko","floor":22,"turns":5},{"damage":21,"enemies":"Book of Stabbing","floor":24,"turns":5},{"damage":0,"enemies":"Chosen and Byrds","floor":27,"turns":7},{"damage":22,"enemies":"Gremlin Leader","floor":28,"turns":7},{"damage":0,"enemies":"Sentry and Sphere","floor":30,"turns":4},{"damage":0,"enemies":"Champ","floor":33,"turns":13},{"damage":6,"enemies":"3 Shapes","floor":35,"turns":6},{"damage":0,"enemies":"3 Darklings","floor":36,"turns":6},{"damage":44,"enemies":"4 Shapes","floor":38,"turns":5},{"damage":0,"enemies":"Maw","floor":39,"turns":7},{"damage":2,"enemies":"Giant Head","floor":44,"turns":10},{"damage":0,"enemies":"Flame Bruiser 2 Orb","floor":46,"turns":6},{"damage":0,"enemies":"Nemesis","floor":48,"turns":9},{"damage":89,"enemies":"Donu and Deca","floor":50,"turns":8}],"seed_played":"7044928491759403362","potions_obtained":[{"floor":1,"key":"Fire Potion"},{"floor":7,"key":"Strength Potion"},{"floor":16,"key":"Block Potion"},{"floor":18,"key":"Weak Potion"},{"floor":19,"key":"SpeedPotion"},{"floor":21,"key":"Ancient Potion"},{"floor":24,"key":"Weak Potion"},{"floor":36,"key":"SpeedPotion"}],"is_trial":false,"path_per_floor":["M","$","?","?","M","R","E","R","T","M","E","R","$","E","R","B",null,"M","?","$","M","M","R","E","R","T","M","E","R","M","$","R","B",null,"M","M","?","M","M","R","?","R","T","E","R","M","$","E","R"],"character_chosen":"DEFECT","items_purchased":["Gash","Ball Lightning","Molten Egg 2","Buffer","Orichalcum","Defragment"],"campfire_rested":6,"item_purchase_floors":[2,2,13,20,31,47],"current_hp_per_floor":[55,55,55,55,46,46,38,38,38,38,23,46,46,37,37,16,63,63,62,62,48,48,48,34,34,34,41,26,49,49,49,49,56,73,78,78,78,48,55,78,78,78,78,78,78,78,78,78,78,0],"gold":67,"neow_bonus":"","is_prod":false,"is_daily":false,"chose_seed":false,"campfire_upgraded":6,"win_rate":0,"timestamp":1531103911,"path_taken":["M","$","?","?","M","R","E","R","T","M","E","R","$","E","R","BOSS","M","?","?","M","M","R","E","R","T","M","E","R","M","$","R","BOSS","M","M","?","M","M","R","?","R","T","E","R","M","$","E","R","BOSS"],"build_version":"2018-07-05","purchased_purges":1,"victory":false,"max_hp_per_floor":[71,71,71,71,71,71,71,71,71,71,78,78,78,78,78,78,78,78,78,78,78,78,78,78,78,78,78,78,78,78,78,78,78,78,78,78,78,78,78,78,78,78,78,78,78,78,78,78,78,78],"card_choices":[{"not_picked":["Sweeping Beam","Turbo"],"picked":"Rebound","floor":1},{"not_picked":["Tempest","Force Field"],"picked":"Loop","floor":5},{"not_picked":["Streamline","Conserve Battery"],"picked":"Beam Cell","floor":7},{"not_picked":["Force Field","Stack"],"picked":"Echo Form","floor":10},{"not_picked":["Hologram","Heatsinks"],"picked":"BootSequence","floor":11},{"not_picked":["Scrape+1","Sweeping Beam+1"],"picked":"Reinforced Body","floor":14},{"not_picked":["Reboot","Fission"],"picked":"Buffer","floor":16},{"not_picked":["Blizzard+1","Beam Cell+1"],"picked":"Melter+1","floor":18},{"not_picked":["Auto Shields","Turbo"],"picked":"Cold Snap+1","floor":19},{"not_picked":["Beam Cell+1","Gash+1"],"picked":"Self Repair","floor":21},{"not_picked":["Barrage+1","Hologram"],"picked":"Machine Learning","floor":22},{"not_picked":["Rebound+1","Electrodynamics"],"picked":"White Noise","floor":24},{"not_picked":["Redo","Gash+1"],"picked":"Go for the Eyes+1","floor":27},{"not_picked":["Redo","Rebound+1"],"picked":"Sweeping Beam+1","floor":28},{"not_picked":["Ball Lightning+1","Reinforced Body"],"picked":"Cold Snap+1","floor":30},{"not_picked":["Seek","All For One+1"],"picked":"Creative AI","floor":33},{"not_picked":["Ball Lightning+1","Steam"],"picked":"Conserve Battery","floor":36},{"not_picked":["Ball Lightning+1","Hologram"],"picked":"Steam","floor":38},{"not_picked":["Darkness","Streamline+1"],"picked":"Sweeping Beam+1","floor":40},{"not_picked":["Go for the Eyes+1","Lockon+1"],"picked":"Gash+1","floor":42},{"not_picked":["Barrage+1","Streamline+1"],"picked":"Gash+1","floor":44},{"not_picked":["Amplify+1","Undo+1"],"picked":"Sunder+1","floor":45},{"not_picked":["Barrage+1","Auto Shields+1"],"picked":"Coolheaded+1","floor":48},{"not_picked":["Hologram+1","Rebound+1"],"picked":"Beam Cell+1","floor":49}],"player_experience":516444,"relics_obtained":[{"floor":7,"key":"Pen Nib"},{"floor":9,"key":"Tiny Chest"},{"floor":11,"key":"Strawberry"},{"floor":14,"key":"Torii"},{"floor":19,"key":"Red Mask"},{"floor":24,"key":"Bottled Lightning"},{"floor":26,"key":"Art of War"},{"floor":28,"key":"Dream Catcher"},{"floor":43,"key":"Toxic Egg 2"},{"floor":44,"key":"Letter Opener"},{"floor":48,"key":"Sundial"}],"event_choices":[{"event_name":"Living Wall","player_choice":"Grow","floor":3,"damage_taken":0},{"event_name":"Wheel of Change","player_choice":"Gold","floor":4,"damage_taken":0},{"event_name":"Masked Bandits","player_choice":"Fought over 131 gold","floor":19,"damage_taken":0},{"event_name":"Duplicator","player_choice":"One dupe","floor":37,"damage_taken":0},{"event_name":"Accursed Blacksmith","player_choice":"Forge","floor":41,"damage_taken":0}],"boss_relics":[{"not_picked":["Runic Pyramid","Empty Cage"],"picked":"Velvet Choker"},{"not_picked":["Busted Crown","Coffee Dripper"],"picked":"Fusion Hammer"}],"items_purged_floors":[47],"is_endless":false,"potions_floor_spawned":[1,7,16,18,19,21,24,36,38,44,48],"killed_by":"Donu and Deca","ascension_level":14}