{"gold_per_floor":[116,10,27,102,121,121,131,131,131,163,183,183,234,17,17,92,92,103,103,28,42,92,92,92,92,92,119,119,29,29,41,41,41],"floor_reached":33,"playtime":924,"items_purged":[],"score":457,"play_id":"3952ddeb-5f01-4a1c-8777-e4037a0e8232","local_time":"20180714105158","daily_mods":["Binary"],"is_ascension_mode":true,"campfire_choices":[{"data":"Zap","floor":6,"key":"SMITH"},{"data":"Rip and Tear","floor":15,"key":"SMITH"},{"floor":23,"key":"REST"},{"data":"Skim","floor":25,"key":"SMITH"},{"floor":28,"key":"REST"},{"floor":32,"key":"REST"}],"neow_cost":"","seed_source_timestamp":0,"circlet_count":0,"master_deck":["Strike_B","Strike_B","Defend_B","Defend_B","Defend_B","Zap+1","Dualcast","AscendersBane","Cold Snap","Skim+1","Rip and Tear+1","Leap","Sweeping Beam","Defragment","Leap"],"special_seed":0,"relics":["Cracked Core","Busted Crown","Pantograph","Bottled Lightning","Bronze Scales","DataDisk","Runic Dome","Matryoshka","Centennial Puzzle"],"potions_floor_usage":[33,33,33],"damage_taken":[{"damage":4,"enemies":"Small Slimes","floor":1,"turns":3},{"damage":2,"enemies":"Jaw Worm","floor":3,"turns":3},{"damage":2,"enemies":"2 Louse","floor":5,"turns":2},{"damage":4,"enemies":"Looter","floor":7,"turns":4},{"damage":16,"enemies":"Lagavulin","floor":10,"turns":6},{"damage":0,"enemies":"3 Louse","floor":11,"turns":4},{"damage":25,"enemies":"Hexaghost","floor":16,"turns":9},{"damage":0,"enemies":"Spheric Guardian","floor":18,"turns":3},{"damage":3,"enemies":"3 Byrds","floor":21,"turns":3},{"damage":50,"enemies":"Gremlin Leader","floor":27,"turns":7},{"damage":4,"enemies":"Snake Plant","floor":31,"turns":4},{"damage":111,"enemies":"Champ","floor":33,"turns":18}],"seed_played":"2304202823785624171","potions_obtained":[{"floor":7,"key":"FearPotion"},{"floor":10,"key":"EntropicBrew"}],"is_trial":true,"path_per_floor":["M","$","M","?","M","R","M","?","T","E","M","?","T","$","R","B",null,"M","?","?","M","?","R","?","R","T","E","R","$","?","M","R"],"character_chosen":"DEFECT","items_purchased":["Cold Snap","Skim","DataDisk","Leap","Sweeping Beam","Defragment","Leap"],"campfire_rested":3,"item_purchase_floors":[2,2,14,14,14,29,29],"current_hp_per_floor":[60,60,58,47,45,45,41,41,41,25,25,18,18,18,18,18,58,58,38,38,35,35,57,57,57,57,7,29,29,29,25,47,0],"gold":41,"neow_bonus":"","is_prod":false,"is_daily":false,"chose_seed":false,"campfire_upgraded":3,"win_rate":0,"timestamp":1531590718,"path_taken":["M","$","M","?","M","R","M","?","T","E","M","?","?","$","R","BOSS","M","?","?","?","?","R","?","R","T","E","R","$","?","?","R","BOSS"],"build_version":"2018-07-13","purchased_purges":0,"victory":false,"max_hp_per_floor":[71,71,71,71,71,71,71,71,71,71,71,71,71,71,71,71,71,71,76,76,76,76,76,76,76,76,76,76,76,76,76,76,76],"card_choices":[],"player_experience":630316,"relics_obtained":[{"floor":9,"key":"Pantograph"},{"floor":10,"key":"Bottled Lightning"},{"floor":13,"key":"Bronze Scales"},{"floor":26,"key":"Matryoshka"},{"floor":27,"key":"Centennial Puzzle"}],"event_choices":[{"event_name":"World of Goop","player_choice":"Gather Gold","floor":4,"damage_taken":0},{"event_name":"Living Wall","player_choice":"Change","floor":8,"damage_taken":0},{"event_name":"Golden Wing","player_choice":"Card Removal","floor":12,"damage_taken":0},{"event_name":"Forgotten Altar","player_choice":"Shed Blood","floor":19,"damage_taken":0},{"event_name":"Beggar","player_choice":"Gave Gold","floor":20,"damage_taken":0},{"event_name":"Golden Shrine","player_choice":"Pray","floor":22,"damage_taken":0},{"event_name":"Addict","player_choice":"Ignored","floor":24,"damage_taken":0},{"event_name":"The Mausoleum","player_choice":"No","floor":30,"damage_taken":0}],"boss_relics":[{"not_picked":["Orrery","Fusion Hammer"],"picked":"Runic Dome"}],"items_purged_floors":[],"is_endless":false,"potions_floor_spawned":[7,10,11,27,31],"killed_by":"Champ","ascension_level":15}