{"gold_per_floor":[111,261,273,290,78,78,112,123,147,181,181,195,195,207,207,286,286,302,92,107,125,25,25,40,40,40,40,140,152,152,183,183,183],"floor_reached":33,"playtime":1181,"items_purged":["Doubt","Strike_G"],"score":604,"play_id":"160ba133-c5c0-4f11-a0c6-8d399d232621","local_time":"20190323215634","is_ascension_mode":true,"campfire_choices":[{"data":"Neutralize","floor":6.0,"key":"SMITH"},{"data":"Glass Knife","floor":11.0,"key":"SMITH"},{"data":"Leg Sweep","floor":13.0,"key":"SMITH"},{"data":"Predator","floor":15.0,"key":"SMITH"},{"data":"Wraith Form v2","floor":23.0,"key":"SMITH"},{"data":"Panacea","floor":25.0,"key":"SMITH"},{"data":"Hologram","floor":30,"key":"SMITH"},{"data":"Clothesline","floor":32,"key":"SMITH"}],"neow_cost":"NONE","seed_source_timestamp":37040122841123,"circlet_count":0,"master_deck":["AscendersBane","Defend_G","Defend_G","Defend_G","Defend_G","Defend_G","Strike_G","Strike_G","Strike_G","Strike_G","Survivor","Neutralize+1","All Out Attack","Masterful Stab","Leg Sweep+1","Glass Knife+1","Dagger Spray","Backflip","Masterful Stab","Predator+1","Blur","Wraith Form v2+1","Backflip+1","Clothesline+1","Panacea+1","Flying Knee+1","Hologram+1","Infinite Blades+1"],"special_seed":0,"relics":["Coffee Dripper","Pen Nib","Strawberry","Art of War","Snecko Eye","PrismaticShard","Calipers","Frozen Egg 2","Smiling Mask"],"potions_floor_usage":[28,28,33],"damage_taken":[{"damage":9.0,"enemies":"2 Louse","floor":1.0,"turns":3.0},{"damage":7.0,"enemies":"Jaw Worm","floor":3.0,"turns":5.0},{"damage":1.0,"enemies":"Cultist","floor":4.0,"turns":4.0},{"damage":0.0,"enemies":"3 Sentries","floor":7.0,"turns":8.0},{"damage":0.0,"enemies":"Lots of Slimes","floor":8.0,"turns":2.0},{"damage":3.0,"enemies":"Gremlin Nob","floor":10.0,"turns":3.0},{"damage":0.0,"enemies":"Gremlin Gang","floor":12.0,"turns":2.0},{"damage":1.0,"enemies":"Looter","floor":14.0,"turns":2.0},{"damage":9.0,"enemies":"Slime Boss","floor":16.0,"turns":7.0},{"damage":0.0,"enemies":"3 Byrds","floor":18.0,"turns":5.0},{"damage":0.0,"enemies":"Spheric Guardian","floor":20.0,"turns":3.0},{"damage":0.0,"enemies":"3 Cultists","floor":21.0,"turns":4.0},{"damage":0.0,"enemies":"Snecko","floor":24.0,"turns":4.0},{"damage":14,"enemies":"Colosseum Slavers","floor":28,"turns":3},{"damage":6,"enemies":"Colosseum Nobs","floor":28,"turns":5},{"damage":0,"enemies":"Snake Plant","floor":29,"turns":4},{"damage":5,"enemies":"Gremlin Leader","floor":31,"turns":7},{"damage":70,"enemies":"Champ","floor":33,"turns":14}],"seed_played":"-2763120751924488547","potions_obtained":[{"floor":3.0,"key":"SpeedPotion"},{"floor":4.0,"key":"SpeedPotion"},{"floor":8.0,"key":"Explosive Potion"},{"floor":12.0,"key":"Poison Potion"},{"floor":18.0,"key":"FearPotion"},{"floor":24.0,"key":"Energy Potion"},{"floor":28,"key":"Weak Potion"},{"floor":31,"key":"Ancient Potion"}],"is_trial":false,"path_per_floor":["M","?","M","M","$","R","E","M","T","E","R","M","R","M","R","B",null,"M","$","M","M","$","R","M","R","T","?","?","M","R","E","R","B"],"character_chosen":"THE_SILENT","items_purchased":["Glass Knife","Dagger Spray","PrismaticShard"],"campfire_rested":0,"item_purchase_floors":[5,5,19],"current_hp_per_floor":[50,50,43,42,42,42,42,42,49,46,46,46,46,45,45,36,64,64,64,64,64,64,64,64,64,64,64,44,44,44,39,39,0],"gold":183,"neow_bonus":"BOSS_RELIC","is_prod":false,"is_daily":false,"chose_seed":false,"campfire_upgraded":8,"win_rate":0,"timestamp":1553403394,"path_taken":["M","?","M","M","?","R","E","?","T","E","R","?","R","M","R","BOSS","M","$","M","?","$","R","M","R","T","?","?","M","R","E","R","BOSS"],"build_version":"2019-03-15","purchased_purges":2,"victory":false,"max_hp_per_floor":[66,66,66,66,66,66,66,66,73,73,73,73,73,73,73,73,73,73,73,73,73,73,73,73,73,73,73,73,73,73,73,73,73],"card_choices":[{"not_picked":["Bane","Noxious Fumes"],"picked":"All Out Attack","floor":1.0},{"not_picked":["Acrobatics","Quick Slash"],"picked":"Masterful Stab","floor":3.0},{"not_picked":["Dagger Spray","Well Laid Plans"],"picked":"Leg Sweep","floor":4.0},{"not_picked":["Poisoned Stab","Prepared"],"picked":"Backflip","floor":7.0},{"not_picked":["Grand Finale","Endless Agony"],"picked":"Masterful Stab","floor":10.0},{"not_picked":["Poisoned Stab","Slice"],"picked":"Predator","floor":12.0},{"not_picked":["Sucker Punch","Blade Dance"],"picked":"Blur","floor":14.0},{"not_picked":["Bullet Time","Unload"],"picked":"Wraith Form v2","floor":16.0},{"not_picked":["Blade Dance","PiercingWail"],"picked":"Backflip+1","floor":18.0},{"not_picked":["Feel No Pain","Dodge and Roll"],"picked":"Clothesline","floor":20.0},{"not_picked":["Acrobatics","Doom and Gloom+1"],"picked":"Panacea","floor":21.0},{"not_picked":["Coolheaded","Seek"],"picked":"Flying Knee+1","floor":24.0},{"not_picked":["Wild Strike","Clash"],"picked":"Hologram","floor":28},{"not_picked":["Sucker Punch","Finesse"],"picked":"Infinite Blades+1","floor":31}],"player_experience":1353018,"relics_obtained":[{"floor":7.0,"key":"Pen Nib"},{"floor":9.0,"key":"Strawberry"},{"floor":10.0,"key":"Art of War"},{"floor":28,"key":"Calipers"},{"floor":28,"key":"Frozen Egg 2"},{"floor":31,"key":"Smiling Mask"}],"event_choices":[{"damage_healed":0.0,"max_hp_gain":0.0,"max_hp_loss":0.0,"gold_gain":150.0,"event_name":"Liars Game","player_choice":"AGREE","floor":2.0,"gold_loss":0.0,"damage_taken":0.0,"cards_obtained":["Doubt"]},{"damage_healed":0,"gold_gain":0,"player_choice":"Ignored","damage_taken":0,"max_hp_gain":0,"max_hp_loss":0,"event_name":"Beggar","floor":27,"gold_loss":0},{"damage_healed":0,"gold_gain":0,"player_choice":"Fight","damage_taken":0,"max_hp_gain":0,"max_hp_loss":0,"event_name":"Colosseum","floor":28,"gold_loss":0},{"damage_healed":0,"gold_gain":0,"player_choice":"Fought Nobs","damage_taken":0,"max_hp_gain":0,"max_hp_loss":0,"event_name":"Colosseum","floor":28,"gold_loss":0}],"is_beta":true,"boss_relics":[{"not_picked":["Black Star","Calling Bell"],"picked":"Snecko Eye"}],"items_purged_floors":[5,22],"is_endless":false,"potions_floor_spawned":[3,4,8,12,18,24,28,28,31],"killed_by":"Champ","ascension_level":20}