{"gold_per_floor":[14,14,33,43,63,63,63,79,151,151,151,151,42,80,80,199,199,222,68,68,83,101,101,139,264,310,322,334,346,394,429,441,582,594,627,639,670,25,43,43,143,182,182,182,198,242,260,280,280,280,280,280,149,192,192],"floor_reached":55,"playtime":4967,"items_purged":["Strike_G","Strike_G+1","Madness"],"score":865,"play_id":"1cc901c2-87d0-49e0-be15-652676743774","local_time":"20190611202640","is_ascension_mode":false,"campfire_choices":[{"data":"Neutralize","floor":6,"key":"SMITH"},{"floor":10,"key":"REST"},{"floor":15,"key":"RECALL"},{"data":"Malaise","floor":23,"key":"SMITH"},{"floor":27,"key":"REST"},{"data":"Footwork","floor":32,"key":"SMITH"},{"data":"Accuracy","floor":40,"key":"SMITH"},{"data":"Cloak And Dagger","floor":44,"key":"SMITH"},{"data":"Writhe","floor":49,"key":"PURGE"},{"data":"Caltrops","floor":52,"key":"SMITH"}],"neow_cost":"NO_GOLD","seed_source_timestamp":2021449697103360,"circlet_count":0,"master_deck":["Defend_G+1","Defend_G+1","Defend_G+1","Defend_G+1","Defend_G+1","Survivor","Neutralize+1","Flying Knee","Cloak And Dagger+1","Dagger Spray","Dash+1","Dash","Footwork+1","Malaise+1","Backstab+1","Backstab","Infinite Blades","Dodge and Roll","Deflect","Footwork","Accuracy+1","Caltrops+1","Masterful Stab+1","Storm of Steel","Infinite Blades","Madness","Blade Dance+1","Footwork","Deflect","Backstab+1","Cloak And Dagger+1","Deflect+1","Caltrops","Leg Sweep","Dodge and Roll"],"relics":["Ring of the Snake","Golden Idol","Bird Faced Urn","Orrery","Whetstone","Dream Catcher","FossilizedHelix","Ornamental Fan","MawBank","Pen Nib","Cursed Key","Kunai","Membership Card","Bag of Preparation","Calipers","The Courier","Peace Pipe","Lantern"],"potions_floor_usage":[14,16,16,24,24,24,30,33,46,54,55,55,55],"damage_taken":[{"damage":2,"enemies":"2 Louse","floor":1,"turns":3},{"damage":0,"enemies":"Cultist","floor":3,"turns":4},{"damage":0,"enemies":"Jaw Worm","floor":4,"turns":4},{"damage":2,"enemies":"Large Slime","floor":5,"turns":10},{"damage":5,"enemies":"3 Louse","floor":8,"turns":2},{"damage":12,"enemies":"Gremlin Nob","floor":14,"turns":4},{"damage":6,"enemies":"Hexaghost","floor":16,"turns":11},{"damage":17,"enemies":"Spheric Guardian","floor":18,"turns":6},{"damage":2,"enemies":"Shell Parasite","floor":21,"turns":6},{"damage":4,"enemies":"Centurion and Healer","floor":22,"turns":8},{"damage":5,"enemies":"Slavers","floor":24,"turns":10},{"damage":3,"enemies":"Colosseum Slavers","floor":25,"turns":7},{"damage":14,"enemies":"Colosseum Nobs","floor":25,"turns":7},{"damage":0,"enemies":"Gremlin Leader","floor":30,"turns":12},{"damage":0,"enemies":"Cultist and Chosen","floor":31,"turns":10},{"damage":55,"enemies":"Champ","floor":33,"turns":18},{"damage":0,"enemies":"3 Darklings","floor":35,"turns":6},{"damage":0,"enemies":"3 Shapes","floor":37,"turns":5},{"damage":0,"enemies":"3 Darklings","floor":39,"turns":8},{"damage":0,"enemies":"Reptomancer","floor":42,"turns":9},{"damage":0,"enemies":"Jaw Worm Horde","floor":45,"turns":5},{"damage":0,"enemies":"Giant Head","floor":46,"turns":7},{"damage":7,"enemies":"4 Shapes","floor":47,"turns":6},{"damage":0,"enemies":"Spire Growth","floor":48,"turns":5},{"damage":5,"enemies":"Time Eater","floor":50,"turns":15},{"damage":0,"enemies":"Shield and Spear","floor":54,"turns":9},{"damage":89,"enemies":"The Heart","floor":55,"turns":8}],"seed_played":"-745616745454140003","potions_obtained":[{"floor":2,"key":"LiquidBronze"},{"floor":2,"key":"Swift Potion"},{"floor":2,"key":"LiquidBronze"},{"floor":5,"key":"Strength Potion"},{"floor":16,"key":"Energy Potion"},{"floor":18,"key":"Weak Potion"},{"floor":22,"key":"Weak Potion"},{"floor":25,"key":"Dexterity Potion"},{"floor":31,"key":"SteroidPotion"},{"floor":35,"key":"EssenceOfSteel"},{"floor":42,"key":"GhostInAJar"},{"floor":47,"key":"Ancient Potion"},{"floor":54,"key":"Weak Potion"}],"is_trial":false,"path_per_floor":["M","?","M","M","M","R","?","M","T","R","?","?","$","E","R","B",null,"M","$","?","M","M","R","E","?","T","R","$","?","E","M","R","B",null,"M","?","M","$","M","R","?","E","T","R","M","E","M","M","R","B",null,"R","$","E","B"],"character_chosen":"THE_SILENT","items_purchased":["Dash","Whetstone","Kunai","Membership Card","Bag of Preparation","Footwork","Deflect","Strength Potion","Caltrops","Leg Sweep","Energy Potion"],"campfire_rested":2,"item_purchase_floors":[13,19,38,38,38,38,38,38,53,53,53],"current_hp_per_floor":[68,68,68,68,66,66,49,44,44,65,65,65,65,53,53,49,70,53,53,53,53,51,51,50,41,41,62,62,62,70,70,70,15,70,70,61,70,70,70,70,70,70,70,70,70,70,67,70,70,67,70,70,70,70,0],"gold":192,"neow_bonus":"REMOVE_TWO","is_prod":false,"is_daily":false,"chose_seed":false,"campfire_upgraded":6,"win_rate":0,"timestamp":1560302800,"path_taken":["M","?","M","?","M","R","?","M","T","R","?","?","$","E","R","BOSS","M","$","?","M","M","R","E","?","T","R","?","?","E","?","R","BOSS","M","?","M","$","M","R","?","E","T","R","M","E","M","?","R","BOSS","R","$","E","BOSS"],"build_version":"2019-01-23","purchased_purges":3,"victory":false,"max_hp_per_floor":[70,70,70,70,70,70,70,70,70,70,70,70,70,70,70,70,70,70,70,70,70,70,70,70,70,70,70,70,70,70,70,70,70,70,70,70,70,70,70,70,70,70,70,70,70,70,70,70,70,70,70,70,70,70,70],"card_choices":[{"not_picked":["Prepared","Eviscerate"],"picked":"Flying Knee","floor":1},{"not_picked":["Quick Slash","Slice"],"picked":"Cloak And Dagger","floor":3},{"not_picked":["Masterful Stab","Heel Hook","Bane"],"picked":"SKIP","floor":4},{"not_picked":["Underhanded Strike","Dodge and Roll"],"picked":"Dagger Spray","floor":5},{"not_picked":["A Thousand Cuts","Poisoned Stab"],"picked":"Dash","floor":8},{"not_picked":["Flying Knee","Quick Slash"],"picked":"Footwork","floor":14},{"not_picked":["Unload","Corpse Explosion"],"picked":"Malaise","floor":16},{"not_picked":["Predator","Prepared"],"picked":"Backstab","floor":17},{"not_picked":["Concentrate","Dodge and Roll"],"picked":"Backstab","floor":17},{"not_picked":["Underhanded Strike","Deflect"],"picked":"Infinite Blades","floor":17},{"not_picked":["Catalyst","Backflip"],"picked":"Dodge and Roll","floor":17},{"not_picked":["Outmaneuver","Masterful Stab","Dodge and Roll"],"picked":"SKIP","floor":18},{"not_picked":["Setup","Eviscerate","Calculated Gamble+1"],"picked":"SKIP","floor":21},{"not_picked":["Malaise","Eviscerate"],"picked":"Deflect","floor":22},{"not_picked":["Heel Hook","Acrobatics"],"picked":"Footwork","floor":24},{"not_picked":["Concentrate","Infinite Blades"],"picked":"Accuracy","floor":25},{"not_picked":["Prepared+1","Flying Knee"],"picked":"Caltrops","floor":27},{"not_picked":["Calculated Gamble","Underhanded Strike","Riddle With Holes"],"picked":"SKIP","floor":30},{"not_picked":["Outmaneuver","Bouncing Flask+1"],"picked":"Masterful Stab+1","floor":31},{"not_picked":["Tools of the Trade","Glass Knife"],"picked":"Storm of Steel","floor":33},{"not_picked":["Bane","Dagger Throw+1"],"picked":"Infinite Blades","floor":35},{"not_picked":["Accuracy+1","Noxious Fumes"],"picked":"Blade Dance+1","floor":37},{"not_picked":["Heel Hook","Backflip+1"],"picked":"Backstab+1","floor":39},{"not_picked":["All Out Attack+1","Blade Dance+1"],"picked":"Cloak And Dagger+1","floor":42},{"not_picked":["Prepared","Quick Slash+1","Concentrate"],"picked":"SKIP","floor":45},{"not_picked":["Bouncing Flask","Endless Agony"],"picked":"Deflect+1","floor":46},{"not_picked":["Riddle With Holes+1","Flechettes","Underhanded Strike+1"],"picked":"SKIP","floor":47},{"not_picked":["Outmaneuver+1","Skewer+1","Catalyst+1"],"picked":"SKIP","floor":48},{"not_picked":["Eviscerate","Backstab+1"],"picked":"Dodge and Roll","floor":54}],"player_experience":766946,"relics_obtained":[{"floor":14,"key":"Bird Faced Urn"},{"floor":24,"key":"Dream Catcher"},{"floor":25,"key":"FossilizedHelix"},{"floor":25,"key":"Ornamental Fan"},{"floor":26,"key":"MawBank"},{"floor":30,"key":"Pen Nib"},{"floor":42,"key":"Calipers"},{"floor":43,"key":"The Courier"},{"floor":46,"key":"Peace Pipe"},{"floor":54,"key":"Lantern"}],"event_choices":[{"damage_healed":0,"gold_gain":0,"player_choice":"Got Potions","damage_taken":0,"max_hp_gain":0,"max_hp_loss":0,"event_name":"Lab","floor":2,"gold_loss":0},{"damage_healed":0,"gold_gain":0,"player_choice":"Take Damage","damage_taken":17,"relics_obtained":["Golden Idol"],"max_hp_gain":0,"max_hp_loss":0,"event_name":"Golden Idol","floor":7,"gold_loss":0},{"cards_removed":["Strike_G"],"damage_healed":0,"gold_gain":0,"player_choice":"Forget","damage_taken":0,"max_hp_gain":0,"max_hp_loss":0,"event_name":"Living Wall","floor":11,"gold_loss":0},{"damage_healed":0,"gold_gain":0,"player_choice":"Bought 0 Potions","damage_taken":0,"max_hp_gain":0,"max_hp_loss":0,"event_name":"The Woman in Blue","floor":12,"gold_loss":0},{"damage_healed":0,"gold_gain":0,"player_choice":"Simplicity","damage_taken":0,"max_hp_gain":0,"max_hp_loss":0,"event_name":"Back to Basics","floor":20,"gold_loss":0,"cards_upgraded":["Defend_G","Defend_G","Defend_G","Defend_G","Defend_G","Strike_G"]},{"damage_healed":0,"gold_gain":0,"player_choice":"Fight","damage_taken":0,"max_hp_gain":0,"max_hp_loss":0,"event_name":"Colosseum","floor":25,"gold_loss":0},{"damage_healed":0,"gold_gain":0,"player_choice":"Fought Nobs","damage_taken":0,"max_hp_gain":0,"max_hp_loss":0,"event_name":"Colosseum","floor":25,"gold_loss":0},{"damage_healed":0,"gold_gain":0,"player_choice":"Ignored","damage_taken":0,"max_hp_gain":0,"max_hp_loss":0,"event_name":"N\u0027loth","floor":29,"gold_loss":0},{"damage_healed":0,"gold_gain":0,"player_choice":"Embrace Madness","damage_taken":9,"max_hp_gain":0,"max_hp_loss":0,"event_name":"Winding Halls","floor":36,"gold_loss":0,"cards_obtained":["Madness","Madness"]},{"damage_healed":0,"gold_gain":100,"player_choice":"Pray","damage_taken":0,"max_hp_gain":0,"max_hp_loss":0,"event_name":"Golden Shrine","floor":41,"gold_loss":0}],"is_beta":false,"boss_relics":[{"not_picked":["Snecko Eye","Busted Crown"],"picked":"Orrery"},{"not_picked":["Pandora\u0027s Box","Fusion Hammer"],"picked":"Cursed Key"}],"items_purged_floors":[13,38,53],"is_endless":false,"potions_floor_spawned":[5,16,18,22,25,25,31,35,42,47,48,54],"killed_by":"The Heart","ascension_level":0}