{"gold_per_floor":[109,127,17,17,17,52,52,69,69,69,18,18,49,64,64,140,140,154,154,22,36,36,36,67,67,67,67,67,81,93,106,106,106],"floor_reached":33,"playtime":1101,"items_purged":["Defend_R"],"score":571,"play_id":"b9c2ce86-08eb-4600-b7ea-691b6a0fc44b","local_time":"20190201162413","is_ascension_mode":true,"campfire_choices":[{"data":"Bash","floor":7.0,"key":"SMITH"},{"data":"Cleave","floor":10,"key":"SMITH"},{"data":"Perfected Strike","floor":15,"key":"SMITH"},{"data":"Perfected Strike","floor":23,"key":"SMITH"},{"data":"Perfected Strike","floor":25,"key":"SMITH"},{"data":"Seeing Red","floor":28,"key":"SMITH"},{"data":"Armaments","floor":32,"key":"SMITH"}],"neow_cost":"TEN_PERCENT_HP_LOSS","seed_source_timestamp":9131331450520,"circlet_count":0,"master_deck":["AscendersBane","Strike_R","Strike_R","Strike_R","Strike_R","Defend_R","Defend_R","Defend_R","Bash+1","Battle Trance","Perfected Strike+1","Shrug It Off","Cleave+1","Wild Strike","Flame Barrier","Perfected Strike+1","Perfected Strike+1","Ghostly Armor","Impervious","Shockwave","Seeing Red+1","Shrug It Off","Perfected Strike+1","Pommel Strike+1","Decay","Armaments+1","Dual Wield","Evolve+1"],"special_seed":0,"relics":["Burning Blood","Champion Belt","Question Card","Mercury Hourglass","Ornamental Fan","Sozu","Molten Egg 2","Kunai"],"potions_floor_usage":[16,16,24],"damage_taken":[{"damage":1.0,"enemies":"2 Louse","floor":1.0,"turns":3.0},{"damage":4.0,"enemies":"Small Slimes","floor":2.0,"turns":4.0},{"damage":32.0,"enemies":"Gremlin Nob","floor":6.0,"turns":4.0},{"damage":0.0,"enemies":"Cultist","floor":8.0,"turns":2.0},{"damage":15,"enemies":"Lagavulin","floor":13,"turns":5},{"damage":5,"enemies":"Large Slime","floor":14,"turns":5},{"damage":37,"enemies":"The Guardian","floor":16,"turns":9},{"damage":10,"enemies":"3 Byrds","floor":18,"turns":4},{"damage":0,"enemies":"Spheric Guardian","floor":21,"turns":3},{"damage":22,"enemies":"Slavers","floor":24,"turns":4},{"damage":0,"enemies":"3 Cultists","floor":29,"turns":3},{"damage":15,"enemies":"Shelled Parasite and Fungi","floor":30,"turns":3},{"damage":0,"enemies":"Snecko","floor":31,"turns":2},{"damage":70,"enemies":"Automaton","floor":33,"turns":6}],"seed_played":"-7644672492058264704","potions_obtained":[{"floor":6.0,"key":"GamblersBrew"},{"floor":14,"key":"AttackPotion"},{"floor":16,"key":"Poison Potion"}],"is_trial":false,"path_per_floor":["M","M","$","?","?","E","R","M","T","R","$","$","E","M","R","B",null,"M","?","$","M","?","R","E","R","T","?","R","M","M","M","R","B"],"character_chosen":"IRONCLAD","items_purchased":["Shrug It Off","Cleave","Perfected Strike","Shrug It Off"],"campfire_rested":0,"item_purchase_floors":[3,3,11,20],"current_hp_per_floor":[68,68,68,68,68,42,42,48,48,48,48,48,39,40,40,9,53,49,49,49,55,55,55,39,39,39,39,39,45,36,42,42,0],"gold":106,"neow_bonus":"ONE_RARE_RELIC","is_prod":false,"is_daily":false,"chose_seed":false,"campfire_upgraded":7,"win_rate":0,"timestamp":1549067053,"path_taken":["M","M","$","?","?","E","R","M","T","R","?","$","E","M","R","BOSS","M","?","$","M","?","R","E","R","T","?","R","?","M","M","R","BOSS"],"build_version":"2019-01-23","purchased_purges":1,"victory":false,"max_hp_per_floor":[68,68,68,68,68,68,68,68,68,68,68,68,68,68,68,68,68,68,68,68,68,68,68,68,68,68,68,68,68,68,68,68,68],"card_choices":[{"not_picked":["Headbutt","Cleave"],"picked":"Battle Trance","floor":1.0},{"not_picked":["Iron Wave","Burning Pact"],"picked":"Perfected Strike","floor":2.0},{"not_picked":["Warcry","Heavy Blade"],"picked":"Wild Strike","floor":6.0},{"not_picked":["Dual Wield","Pommel Strike","Whirlwind"],"picked":"Flame Barrier","floor":8},{"not_picked":["Cleave","Headbutt","Pummel"],"picked":"Perfected Strike","floor":13},{"not_picked":["Corruption","Flame Barrier","True Grit"],"picked":"Ghostly Armor","floor":14},{"not_picked":["Dark Embrace","Brutality","Reaper"],"picked":"Impervious","floor":16},{"not_picked":["True Grit","Dropkick","Heavy Blade+1"],"picked":"Shockwave","floor":18},{"not_picked":["Body Slam","Seeing Red","Corruption"],"picked":"Perfected Strike","floor":21},{"not_picked":["Cleave","Battle Trance","Clash+1"],"picked":"Pommel Strike","floor":24},{"not_picked":["Sword Boomerang+1","Clash+1","Feel No Pain"],"picked":"Armaments","floor":29},{"not_picked":["Whirlwind+1","Cleave+1","Flame Barrier"],"picked":"Dual Wield","floor":30},{"not_picked":["Limit Break","Wild Strike+1","Shockwave"],"picked":"Evolve+1","floor":31}],"player_experience":1081250,"relics_obtained":[{"floor":6.0,"key":"Question Card"},{"floor":9,"key":"Mercury Hourglass"},{"floor":13,"key":"Ornamental Fan"},{"floor":24,"key":"Molten Egg 2"},{"floor":26,"key":"Kunai"}],"event_choices":[{"damage_healed":0.0,"max_hp_gain":0.0,"max_hp_loss":0.0,"gold_gain":0.0,"event_name":"Living Wall","player_choice":"Grow","floor":4.0,"gold_loss":0.0,"damage_taken":0.0,"cards_upgraded":["Perfected Strike"]},{"cards_removed":["Strike_R"],"damage_healed":0.0,"max_hp_gain":0.0,"max_hp_loss":0.0,"gold_gain":0.0,"event_name":"Bonfire Elementals","player_choice":"Offered Basic","floor":5.0,"gold_loss":0.0,"damage_taken":0.0},{"damage_healed":0,"gold_gain":0,"player_choice":"Read","damage_taken":0,"max_hp_gain":0,"max_hp_loss":0,"event_name":"The Library","floor":19,"gold_loss":0,"cards_obtained":["Seeing Red"]},{"damage_healed":0,"gold_gain":0,"player_choice":"Ignored","damage_taken":0,"max_hp_gain":0,"max_hp_loss":0,"event_name":"Beggar","floor":22,"gold_loss":0},{"damage_healed":0,"gold_gain":0,"player_choice":"Smashed Altar","damage_taken":0,"max_hp_gain":0,"max_hp_loss":0,"event_name":"Forgotten Altar","floor":27,"gold_loss":0,"cards_obtained":["Decay"]}],"is_beta":true,"boss_relics":[{"not_picked":["Runic Dome","Eternal Feather"],"picked":"Sozu"}],"items_purged_floors":[20],"is_endless":false,"potions_floor_spawned":[6,14,16,24],"killed_by":"Automaton","ascension_level":20}