{"gold_per_floor":[119,129,141,159,170,170,183,198,273,273,305,305,330,351,351,425,425,444,478,428,440,490,490,490,490,516,549,549,566,566,566,566,645,645,663,885,647,154,173,173,201,201,201,126,126,126,155,175,175,175],"floor_reached":51,"playtime":2303,"items_purged":["Writhe"],"score":1336,"play_id":"ccfb0d13-25c9-484f-a020-1a4bf0660fd9","local_time":"20180805234828","is_ascension_mode":true,"campfire_choices":[{"data":"Zap","floor":6.0,"key":"SMITH"},{"floor":10.0,"key":"REST"},{"floor":12.0,"key":"REST"},{"data":"Redo","floor":15.0,"key":"SMITH"},{"data":"Hologram","floor":23.0,"key":"SMITH"},{"data":"Capacitor","floor":25.0,"key":"SMITH"},{"data":"Ghostly","floor":30.0,"key":"SMITH"},{"data":"Ghostly","floor":32.0,"key":"SMITH"},{"data":"Ghostly","floor":40.0,"key":"SMITH"},{"data":"Buffer","floor":42.0,"key":"SMITH"},{"data":"Buffer","floor":45.0,"key":"SMITH"},{"data":"Capacitor","floor":49,"key":"SMITH"}],"neow_cost":"NONE","seed_source_timestamp":694006196491913,"circlet_count":0,"master_deck":["Strike_B","Strike_B","Strike_B","Strike_B","Defend_B","Defend_B","Defend_B","Defend_B","Zap+1","Dualcast","AscendersBane","Ball Lightning","Cold Snap","FTL","Cold Snap","Redo+1","Redo","Self Repair","Doom and Gloom","Streamline","Recycle","Reboot","Compile Driver+1","Hologram+1","Capacitor+1","Auto Shields","Ghostly+1","Ghostly+1","Ghostly+1","Ghostly+1","Ghostly","Redo","Buffer+1","Glacier","Capacitor+1","Go for the Eyes","Finesse","Apotheosis","Panacea","Skim","Consume+1","Buffer+1","Leap","Reinforced Body"],"special_seed":0,"relics":["White Beast Statue","Symbiotic Virus","Meat on the Bone","Bag of Marbles","Odd Mushroom","Nuclear Battery","Red Mask","Art of War","Emotion Chip","Cursed Key","Blood Vial","Regal Pillow","DataDisk","GremlinMask","Matryoshka"],"potions_floor_usage":[50],"damage_taken":[{"damage":0.0,"enemies":"Cultist","floor":1.0,"turns":4.0},{"damage":0.0,"enemies":"Small Slimes","floor":2.0,"turns":3.0},{"damage":7.0,"enemies":"Jaw Worm","floor":3.0,"turns":3.0},{"damage":10.0,"enemies":"Exordium Wildlife","floor":4.0,"turns":5.0},{"damage":26.0,"enemies":"3 Louse","floor":5.0,"turns":3.0},{"damage":14.0,"enemies":"2 Fungi Beasts","floor":7.0,"turns":3.0},{"damage":7.0,"enemies":"Blue Slaver","floor":8.0,"turns":4.0},{"damage":9.0,"enemies":"3 Sentries","floor":11.0,"turns":5.0},{"damage":13.0,"enemies":"Gremlin Nob","floor":13.0,"turns":4.0},{"damage":12.0,"floor":14.0,"turns":3.0},{"damage":21.0,"enemies":"The Guardian","floor":16.0,"turns":8.0},{"damage":2.0,"enemies":"Chosen","floor":18.0,"turns":3.0},{"damage":31.0,"floor":19.0,"turns":4.0},{"damage":6.0,"enemies":"2 Thieves","floor":21.0,"turns":3.0},{"damage":33.0,"enemies":"Gremlin Leader","floor":27.0,"turns":6.0},{"damage":1.0,"enemies":"Centurion and Healer","floor":29.0,"turns":7.0},{"damage":19.0,"enemies":"Collector","floor":33.0,"turns":10.0},{"damage":5.0,"enemies":"Orb Walker","floor":35.0,"turns":4.0},{"damage":0.0,"enemies":"3 Darklings","floor":39.0,"turns":9.0},{"damage":15.0,"enemies":"2 Orb Walkers","floor":41.0,"turns":8.0},{"damage":12.0,"enemies":"Giant Head","floor":47.0,"turns":11.0},{"damage":0,"enemies":"Flame Bruiser 2 Orb","floor":48,"turns":8},{"damage":6,"enemies":"Awakened One","floor":50,"turns":17}],"seed_played":"1213451793338889160","potions_obtained":[{"floor":1.0,"key":"Regen Potion"},{"floor":2.0,"key":"Energy Potion"},{"floor":4.0,"key":"Strength Potion"},{"floor":5.0,"key":"LiquidBronze"},{"floor":7.0,"key":"Ancient Potion"},{"floor":8.0,"key":"Block Potion"},{"floor":11.0,"key":"GamblersBrew"},{"floor":13.0,"key":"FocusPotion"},{"floor":14.0,"key":"LiquidBronze"},{"floor":16.0,"key":"AttackPotion"},{"floor":18.0,"key":"SkillPotion"},{"floor":19.0,"key":"AttackPotion"},{"floor":21.0,"key":"FocusPotion"},{"floor":27.0,"key":"Dexterity Potion"},{"floor":29.0,"key":"GamblersBrew"},{"floor":33.0,"key":"Dexterity Potion"},{"floor":35.0,"key":"Swift Potion"},{"floor":39.0,"key":"FearPotion"},{"floor":41.0,"key":"FocusPotion"}],"is_trial":false,"path_per_floor":["M","M","M","M","M","R","M","M","T","R","E","R","E","?","R","B",null,"M","?","?","M","?","R","?","R","T","E","?","M","R","?","R","B",null,"M","?","$","$","M","R","E","R","T","$","R","?","E","M","R","B"],"character_chosen":"DEFECT","items_purchased":["Capacitor","Go for the Eyes","Finesse","Apotheosis","Panacea","Blood Vial","Skim"],"campfire_rested":2,"item_purchase_floors":[37,37,37,38,38,38,38],"current_hp_per_floor":[64,64,57,61,35,35,21,14,14,35,26,47,53,41,41,39,63,61,49,49,50,50,50,50,50,50,36,35,35,35,35,35,35,35,35,35,35,35,35,35,27,27,27,27,27,27,29,35,35,35],"gold":175,"neow_bonus":"BOSS_RELIC","is_prod":false,"is_daily":false,"chose_seed":false,"campfire_upgraded":10,"win_rate":0,"timestamp":1533538108,"path_taken":["M","?","M","M","M","R","M","M","T","R","E","R","E","?","R","BOSS","M","?","?","?","?","R","?","R","T","E","?","M","R","?","R","BOSS","M","?","?","$","M","R","E","R","T","$","R","?","E","M","R","BOSS"],"build_version":"2018-08-01","purchased_purges":1,"victory":true,"max_hp_per_floor":[71,71,71,71,71,71,71,71,71,71,71,71,71,71,71,71,71,71,71,71,71,71,71,71,71,71,71,35,35,35,35,35,35,35,35,35,35,35,35,35,35,35,35,35,35,35,35,35,35,35],"card_choices":[{"not_picked":["Rip and Tear","Undo"],"picked":"Ball Lightning","floor":1.0},{"not_picked":["Rebound","Double Energy"],"picked":"Cold Snap","floor":2.0},{"not_picked":["Compile Driver","Amplify"],"picked":"FTL","floor":3.0},{"not_picked":["Storm","Redo"],"picked":"Cold Snap","floor":4.0},{"not_picked":["Compile Driver","Sweeping Beam"],"picked":"Redo","floor":5.0},{"not_picked":["Turbo","Gash"],"picked":"Redo","floor":7.0},{"not_picked":["Reprogram","Streamline"],"picked":"Self Repair","floor":8.0},{"not_picked":["Scrape","Beam Cell"],"picked":"Doom and Gloom","floor":11.0},{"not_picked":["Double Energy","Fusion"],"picked":"Streamline","floor":13.0},{"not_picked":["Sweeping Beam","Thunder Strike"],"picked":"Recycle","floor":14.0},{"not_picked":["Thunder Strike","Machine Learning"],"picked":"Reboot","floor":16.0},{"not_picked":["Sweeping Beam","Genetic Algorithm"],"picked":"Compile Driver+1","floor":18.0},{"not_picked":["Heatsinks","Turbo"],"picked":"Hologram","floor":19.0},{"not_picked":["Machine Learning","Genetic Algorithm"],"picked":"Auto Shields","floor":27.0},{"not_picked":["Reinforced Body","Cold Snap"],"picked":"Redo","floor":29.0},{"not_picked":["Thunder Strike","Electrodynamics"],"picked":"Buffer","floor":33.0},{"not_picked":["Go for the Eyes","Scrape"],"picked":"Glacier","floor":35.0},{"not_picked":["Auto Shields","Hologram"],"picked":"Consume+1","floor":39.0},{"not_picked":["Sunder","Hologram"],"picked":"Buffer","floor":41.0},{"not_picked":["Gash","Sunder"],"picked":"Leap","floor":47.0},{"not_picked":["Streamline","Turbo"],"picked":"Reinforced Body","floor":48}],"player_experience":744089,"relics_obtained":[{"floor":9.0,"key":"Symbiotic Virus"},{"floor":11.0,"key":"Meat on the Bone"},{"floor":13.0,"key":"Bag of Marbles"},{"floor":14.0,"key":"Odd Mushroom"},{"floor":19.0,"key":"Red Mask"},{"floor":26.0,"key":"Art of War"},{"floor":27.0,"key":"Emotion Chip"},{"floor":41.0,"key":"Regal Pillow"},{"floor":43.0,"key":"DataDisk"},{"floor":47.0,"key":"Matryoshka"}],"event_choices":[{"event_name":"Mushrooms","player_choice":"Fought Mushrooms","floor":14.0,"damage_taken":0.0},{"event_name":"Masked Bandits","player_choice":"Fought over 444 gold","floor":19.0,"damage_taken":0.0},{"event_name":"The Joust","player_choice":"Bet on Murderer","floor":20.0,"damage_taken":0.0},{"event_name":"Golden Shrine","player_choice":"Pray","floor":22.0,"damage_taken":0.0},{"event_name":"The Library","player_choice":"Read","floor":24.0,"damage_taken":0.0},{"event_name":"Ghosts","player_choice":"Became a Ghost","floor":28.0,"damage_taken":0.0},{"event_name":"Upgrade Shrine","player_choice":"Upgraded","floor":31.0,"damage_taken":0.0},{"event_name":"Tomb of Lord Red Mask","player_choice":"Wore Mask","floor":36.0,"damage_taken":0.0},{"event_name":"FaceTrader","player_choice":"Trade","floor":46.0,"damage_taken":0.0}],"is_beta":true,"boss_relics":[{"not_picked":["Orrery","Busted Crown"],"picked":"Nuclear Battery"},{"not_picked":["Black Star","Sozu"],"picked":"Cursed Key"}],"items_purged_floors":[44],"is_endless":false,"potions_floor_spawned":[1,2,3,4,5,7,8,11,13,14,16,18,19,21,27,29,33,35,39,41,47,48],"ascension_level":15}