{"gold_per_floor":[111,186,196,207,217,217,248,248,248,248,268,303,34,47,47,119,169,153,153,153,153,168,168,74,74,74,15,15,15],"floor_reached":29,"playtime":680,"items_purged":["Injury"],"score":416,"play_id":"54b1f721-caab-49eb-b779-5da240b91361","local_time":"20180814014004","is_ascension_mode":true,"campfire_choices":[{"data":"Leap","floor":6.0,"key":"SMITH"},{"data":"Streamline","floor":8.0,"key":"SMITH"},{"floor":15.0,"key":"REST"},{"data":"Go for the Eyes","floor":23,"key":"SMITH"},{"floor":25,"key":"REST"}],"neow_cost":"NONE","seed_source_timestamp":15452408216054,"circlet_count":0,"master_deck":["Strike_B+1","Strike_B","Strike_B","Defend_B","Defend_B","Defend_B","Defend_B","Zap","Dualcast","AscendersBane","White Noise","Stack","Steam","Leap+1","Streamline+1","Darkness","Cold Snap","Leap","Mayhem","Self Repair","Go for the Eyes+1","White Noise","All For One","Defragment+1","Go for the Eyes","Defragment+1","Redo","Auto Shields","Redo"],"special_seed":0,"relics":["Runic Dome","Mercury Hourglass","Question Card","Dream Catcher","Tiny House","Shuriken","Ginger"],"potions_floor_usage":[18,29],"damage_taken":[{"damage":0.0,"enemies":"2 Louse","floor":1.0,"turns":3.0},{"damage":7.0,"enemies":"Small Slimes","floor":3.0,"turns":4.0},{"damage":0.0,"enemies":"Cultist","floor":4.0,"turns":4.0},{"damage":10.0,"enemies":"Gremlin Gang","floor":5.0,"turns":6.0},{"damage":10.0,"enemies":"Lagavulin","floor":7.0,"turns":7.0},{"damage":9.0,"enemies":"Red Slaver","floor":11.0,"turns":3.0},{"damage":20.0,"enemies":"Gremlin Nob","floor":12.0,"turns":4.0},{"damage":0.0,"enemies":"Blue Slaver","floor":14.0,"turns":4.0},{"damage":8.0,"enemies":"Slime Boss","floor":16.0,"turns":10.0},{"damage":20,"enemies":"2 Thieves","floor":18,"turns":4},{"damage":30,"enemies":"Spheric Guardian","floor":22,"turns":4},{"damage":48,"enemies":"Slavers","floor":29,"turns":3}],"seed_played":"-1919811840865852438","potions_obtained":[{"floor":1.0,"key":"Poison Potion"},{"floor":3.0,"key":"FearPotion"},{"floor":7.0,"key":"EntropicBrew"},{"floor":12.0,"key":"FairyPotion"},{"floor":17,"key":"Weak Potion"},{"floor":22,"key":"Explosive Potion"}],"is_trial":false,"path_per_floor":["M","?","M","M","M","R","E","R","T","?","M","E","$","M","R","B",null,"M","?","?","T","M","R","$","R","T","$","$"],"character_chosen":"DEFECT","items_purchased":["Mayhem","Self Repair","Redo"],"campfire_rested":2,"item_purchase_floors":[13,13,27],"current_hp_per_floor":[64,53,53,53,43,43,33,33,33,33,24,4,4,11,32,31,66,46,46,46,46,16,16,16,38,38,38,38,0],"gold":15,"neow_bonus":"BOSS_RELIC","is_prod":false,"is_daily":false,"chose_seed":false,"campfire_upgraded":3,"win_rate":0,"timestamp":1534236004,"path_taken":["M","?","M","M","M","R","E","R","T","?","?","E","?","M","R","BOSS","M","?","?","?","M","R","$","R","T","?","$","E"],"build_version":"2018-08-13","purchased_purges":1,"victory":false,"max_hp_per_floor":[71,71,71,71,71,71,71,71,71,71,71,71,71,71,71,71,76,76,76,76,76,76,76,76,76,76,76,76,76],"card_choices":[{"not_picked":["Sunder","Hologram"],"picked":"White Noise","floor":1.0},{"not_picked":["Melter","Reprogram"],"picked":"Stack","floor":3.0},{"not_picked":["Chaos","Redo"],"picked":"Steam","floor":4.0},{"not_picked":["Undo","Turbo"],"picked":"Leap","floor":5.0},{"not_picked":["Storm","Skim"],"picked":"Streamline","floor":7.0},{"not_picked":["Compile Driver","Go for the Eyes","Conserve Battery"],"picked":"Cold Snap","floor":11.0},{"not_picked":["Steam Power","Meteor Strike","Conserve Battery"],"picked":"Leap","floor":12.0},{"not_picked":["Chaos","Loop","Gash"],"picked":"Go for the Eyes","floor":14.0},{"not_picked":["Gash","Tempest","Rebound"],"picked":"White Noise","floor":15.0},{"not_picked":["Biased Cognition","Fission","Machine Learning"],"picked":"All For One","floor":16.0},{"not_picked":["Coolheaded","Gash","Reprogram"],"picked":"Defragment","floor":17},{"not_picked":["Sweeping Beam","Heatsinks","Steam"],"picked":"Go for the Eyes","floor":18},{"not_picked":["Beam Cell","Blizzard","Core Surge"],"picked":"Redo","floor":22},{"not_picked":["Stack","Ball Lightning","Coolheaded"],"picked":"Auto Shields","floor":25}],"player_experience":822678,"relics_obtained":[{"floor":7.0,"key":"Mercury Hourglass"},{"floor":9.0,"key":"Question Card"},{"floor":12.0,"key":"Dream Catcher"},{"floor":21,"key":"Shuriken"},{"floor":26,"key":"Ginger"}],"event_choices":[{"event_name":"World of Goop","player_choice":"Gather Gold","floor":2.0,"damage_taken":0.0},{"event_name":"Living Wall","player_choice":"Change","floor":10.0,"damage_taken":0.0},{"event_name":"Accursed Blacksmith","player_choice":"Forge","floor":19,"damage_taken":0},{"event_name":"Duplicator","player_choice":"One dupe","floor":20,"damage_taken":0}],"is_beta":true,"boss_relics":[{"not_picked":["Nuclear Battery","White Beast Statue"],"picked":"Tiny House"}],"items_purged_floors":[24],"is_endless":false,"potions_floor_spawned":[1,3,7,12,22],"killed_by":"Slavers","ascension_level":16}