{"gold_per_floor":[112,23,36,53,72,72,88,113,191,191,220,220,234,267,267,341,341,361,372,372,372],"floor_reached":21,"playtime":746,"items_purged":[],"score":402,"play_id":"f00f97a1-802a-46ae-9322-32262e527aa6","local_time":"20190319114625","is_ascension_mode":true,"campfire_choices":[{"data":"Zap","floor":6.0,"key":"SMITH"},{"data":"Hello World","floor":10.0,"key":"SMITH"},{"floor":12.0,"key":"REST"},{"floor":15.0,"key":"REST"}],"neow_cost":"NONE","seed_source_timestamp":3555477885700,"circlet_count":0,"master_deck":["AscendersBane","Strike_B","Strike_B","Strike_B","Strike_B","Defend_B","Defend_B","Defend_B","Defend_B","Zap+1","Dualcast","Undo","Hello World+1","Conserve Battery","Coolheaded","Cold Snap","Ball Lightning","Ball Lightning","FTL","Gash","Compile Driver","Blizzard","Streamline","Biased Cognition","Conserve Battery","Beam Cell+1","Leap","Hologram","Necronomicurse"],"special_seed":0,"relics":["Philosopher\u0027s Stone","Prayer Wheel","Kunai","Ginger","Dream Catcher","Cursed Key","Necronomicon"],"potions_floor_usage":[21,21],"damage_taken":[{"damage":2.0,"enemies":"Cultist","floor":1.0,"turns":3.0},{"damage":0.0,"enemies":"2 Louse","floor":3.0,"turns":4.0},{"damage":0.0,"enemies":"Jaw Worm","floor":4.0,"turns":4.0},{"damage":2.0,"enemies":"2 Fungi Beasts","floor":5.0,"turns":5.0},{"damage":7.0,"enemies":"Blue Slaver","floor":7.0,"turns":4.0},{"damage":27.0,"enemies":"Gremlin Nob","floor":8.0,"turns":4.0},{"damage":6.0,"enemies":"3 Sentries","floor":11.0,"turns":5.0},{"damage":7.0,"enemies":"Gremlin Gang","floor":13.0,"turns":4.0},{"damage":26.0,"enemies":"Gremlin Nob","floor":14.0,"turns":4.0},{"damage":2.0,"enemies":"Hexaghost","floor":16.0,"turns":9.0},{"damage":11,"enemies":"Shell Parasite","floor":18,"turns":4},{"damage":0,"enemies":"Chosen","floor":19,"turns":3},{"damage":29,"enemies":"Masked Bandits","floor":21,"turns":2}],"seed_played":"9152756784047130622","potions_obtained":[{"floor":3.0,"key":"FearPotion"},{"floor":5.0,"key":"FocusPotion"},{"floor":7.0,"key":"PowerPotion"},{"floor":14.0,"key":"EssenceOfSteel"},{"floor":16.0,"key":"Poison Potion"},{"floor":19,"key":"GamblersBrew"}],"is_trial":false,"path_per_floor":["M","$","M","M","M","R","M","E","T","R","E","R","M","E","R","B",null,"M","M","?","?"],"character_chosen":"DEFECT","items_purchased":["Hello World"],"campfire_rested":2,"item_purchase_floors":[2],"current_hp_per_floor":[62,62,62,62,60,60,53,26,26,26,20,41,34,8,29,27,60,49,49,28,0],"gold":372,"neow_bonus":"BOSS_RELIC","is_prod":false,"is_daily":false,"chose_seed":false,"campfire_upgraded":2,"win_rate":0,"timestamp":1553021185,"path_taken":["M","$","?","M","M","R","M","E","T","R","E","R","?","E","R","BOSS","M","M","?","?"],"build_version":"2019-03-15","purchased_purges":0,"victory":false,"max_hp_per_floor":[71,71,71,71,71,71,71,71,71,71,71,71,71,71,71,71,71,71,71,71,71],"card_choices":[{"not_picked":["Stack","Turbo"],"picked":"Undo","floor":1.0},{"not_picked":["Rebound","Skim"],"picked":"Conserve Battery","floor":3.0},{"not_picked":["Force Field","Redo"],"picked":"Coolheaded","floor":4.0},{"not_picked":["Recycle","Hologram"],"picked":"Cold Snap","floor":5.0},{"not_picked":["Hologram","Fusion"],"picked":"Ball Lightning","floor":7.0},{"not_picked":["Genetic Algorithm","Go for the Eyes"],"picked":"Ball Lightning","floor":8.0},{"not_picked":["Conserve Battery","Barrage"],"picked":"FTL","floor":11.0},{"not_picked":["Heatsinks","Coolheaded"],"picked":"Gash","floor":13.0},{"not_picked":["Sweeping Beam","Stack"],"picked":"Compile Driver","floor":13.0},{"not_picked":["Fusion","BootSequence"],"picked":"Blizzard","floor":14.0},{"not_picked":["Chill","Hologram"],"picked":"Streamline","floor":15.0},{"not_picked":["Creative AI","Rainbow"],"picked":"Biased Cognition","floor":16.0},{"not_picked":["Redo+1","Streamline"],"picked":"Conserve Battery","floor":18},{"not_picked":["Sweeping Beam","Turbo"],"picked":"Beam Cell+1","floor":18},{"not_picked":["Rebound","Stack"],"picked":"Leap","floor":19},{"not_picked":["Streamline","Barrage+1"],"picked":"Hologram","floor":19}],"player_experience":1323090,"relics_obtained":[{"floor":8.0,"key":"Prayer Wheel"},{"floor":9.0,"key":"Kunai"},{"floor":11.0,"key":"Ginger"},{"floor":14.0,"key":"Dream Catcher"},{"floor":20,"key":"Necronomicon"}],"event_choices":[{"damage_healed":0,"gold_gain":0,"player_choice":"Obtained Book","damage_taken":21,"max_hp_gain":0,"max_hp_loss":0,"event_name":"Cursed Tome","floor":20,"gold_loss":0},{"damage_healed":0,"gold_gain":0,"player_choice":"Fought Bandits","damage_taken":0,"max_hp_gain":0,"max_hp_loss":0,"event_name":"Masked Bandits","floor":21,"gold_loss":0}],"is_beta":true,"boss_relics":[{"not_picked":["Astrolabe","Black Star"],"picked":"Cursed Key"}],"items_purged_floors":[],"is_endless":false,"potions_floor_spawned":[3,5,7,14,16,19],"killed_by":"Masked Bandits","ascension_level":20}