{"gold_per_floor":[113,2,2,2,19,19,45,45,45,45,58,87,105,180,180,251,251,263,219,219,231,181,181,194,194,218,218,244,259,259],"floor_reached":30,"playtime":923,"items_purged":[],"score":626,"play_id":"a0a27c52-4a3d-4c82-814a-6c12b0a59854","local_time":"20190313195136","is_ascension_mode":true,"campfire_choices":[{"data":"Defragment","floor":6,"key":"SMITH"},{"data":"Zap","floor":8,"key":"SMITH"},{"floor":15,"key":"REST"},{"floor":23,"key":"REST"},{"data":"Fission","floor":25,"key":"SMITH"},{"floor":27,"key":"REST"}],"neow_cost":"NONE","seed_source_timestamp":18954104877914,"circlet_count":0,"master_deck":["AscendersBane","Strike_B","Strike_B","Strike_B","Strike_B","Defend_B","Defend_B","Defend_B","Defend_B","Zap+1","Dualcast","Skim","Glacier","Ball Lightning","Defragment+1","Hello World","Genetic Algorithm+1","Capacitor+1","Cold Snap","Fission+1","Chill","Auto Shields","Decay","BootSequence","Electrodynamics","Injury","Coolheaded","Chill+1"],"relics":["Cursed Key","Dodecahedron","Pear","Potion Belt","Inserter","Omamori","Red Mask"],"potions_floor_usage":[12,12,16,19,21,28,30],"damage_taken":[{"damage":1,"enemies":"2 Louse","floor":1,"turns":2},{"damage":7,"enemies":"Small Slimes","floor":5,"turns":3},{"damage":33,"enemies":"Gremlin Nob","floor":7,"turns":4},{"damage":0,"enemies":"Cultist","floor":11,"turns":3},{"damage":0,"enemies":"3 Sentries","floor":12,"turns":11},{"damage":4,"enemies":"Exordium Wildlife","floor":13,"turns":5},{"damage":0,"enemies":"Slime Boss","floor":16,"turns":6},{"damage":7,"enemies":"Spheric Guardian","floor":18,"turns":7},{"damage":29,"enemies":"2 Thieves","floor":19,"turns":5},{"damage":26,"enemies":"Snake Plant","floor":21,"turns":6},{"damage":2,"enemies":"Centurion and Healer","floor":24,"turns":10},{"damage":37,"enemies":"Masked Bandits","floor":28,"turns":4},{"damage":12,"enemies":"Snecko","floor":29,"turns":6},{"damage":0,"enemies":"Gremlin Leader","floor":30,"turns":2}],"seed_played":"8334421924534962443","potions_obtained":[{"floor":1,"key":"Dexterity Potion"},{"floor":5,"key":"EssenceOfSteel"},{"floor":12,"key":"PowerPotion"},{"floor":13,"key":"LiquidBronze"},{"floor":16,"key":"Fire Potion"},{"floor":21,"key":"AttackPotion"},{"floor":24,"key":"Energy Potion"},{"floor":29,"key":"Swift Potion"}],"is_trial":false,"path_per_floor":["M","$","?","?","M","R","E","R","T","?","M","E","M","?","R","B",null,"M","M","?","M","?","R","M","R","T","R","?","M","E"],"character_chosen":"DEFECT","items_purchased":["Glacier","Ball Lightning"],"campfire_rested":3,"item_purchase_floors":[2,2],"current_hp_per_floor":[63,63,63,63,56,56,23,23,33,26,26,26,22,11,35,35,70,63,34,34,8,8,32,30,30,30,54,17,5,5],"gold":259,"neow_bonus":"BOSS_RELIC","is_prod":false,"is_daily":false,"chose_seed":false,"campfire_upgraded":3,"win_rate":0,"timestamp":1552531896,"path_taken":["M","$","?","?","M","R","E","R","T","?","M","E","M","?","R","BOSS","M","M","?","M","?","R","?","R","T","R","?","M","E"],"build_version":"2019-02-06","purchased_purges":0,"victory":false,"max_hp_per_floor":[71,71,71,71,71,71,71,71,81,81,81,81,81,81,81,81,81,81,81,81,81,81,81,81,81,81,81,81,81,81],"card_choices":[{"not_picked":["Stack","Barrage"],"picked":"Skim","floor":1},{"not_picked":["Beam Cell","Heatsinks"],"picked":"Defragment","floor":5},{"not_picked":["Redo","Heatsinks"],"picked":"Hello World","floor":7},{"not_picked":["Gash","Aggregate"],"picked":"Genetic Algorithm","floor":11},{"not_picked":["Coolheaded","Beam Cell"],"picked":"Capacitor","floor":12},{"not_picked":["Rebound","Steam Power"],"picked":"Cold Snap","floor":13},{"not_picked":["Hyperbeam","Thunder Strike"],"picked":"Fission","floor":16},{"not_picked":["Gash","Doom and Gloom"],"picked":"Chill","floor":18},{"not_picked":["Turbo","Sweeping Beam"],"picked":"Auto Shields","floor":19},{"not_picked":["Barrage","Turbo"],"picked":"BootSequence","floor":21},{"not_picked":["Loop+1","Rebound"],"picked":"Electrodynamics","floor":24},{"not_picked":["Streamline","Barrage"],"picked":"Coolheaded","floor":28},{"not_picked":["Skim","Chaos"],"picked":"Chill+1","floor":29}],"player_experience":1283459,"relics_obtained":[{"floor":7,"key":"Dodecahedron"},{"floor":9,"key":"Pear"},{"floor":12,"key":"Potion Belt"},{"floor":26,"key":"Omamori"},{"floor":28,"key":"Red Mask"}],"event_choices":[{"damage_healed":0,"gold_gain":0,"player_choice":"Leave","damage_taken":0,"max_hp_gain":0,"max_hp_loss":0,"event_name":"The Cleric","floor":3,"gold_loss":0},{"damage_healed":0,"gold_gain":0,"player_choice":"Ignored","damage_taken":0,"max_hp_gain":0,"max_hp_loss":0,"event_name":"Liars Game","floor":4,"gold_loss":0},{"cards_removed":["Normality"],"damage_healed":0,"gold_gain":0,"player_choice":"Card Removal","damage_taken":7,"max_hp_gain":0,"max_hp_loss":0,"event_name":"Golden Wing","floor":10,"gold_loss":0},{"damage_healed":0,"gold_gain":75,"player_choice":"Gather Gold","damage_taken":11,"max_hp_gain":0,"max_hp_loss":0,"event_name":"World of Goop","floor":14,"gold_loss":0},{"damage_healed":0,"gold_gain":0,"player_choice":"Smashed Altar","damage_taken":0,"max_hp_gain":0,"max_hp_loss":0,"event_name":"Forgotten Altar","floor":20,"gold_loss":0,"cards_obtained":["Decay"]},{"damage_healed":0,"gold_gain":0,"player_choice":"Upgraded Two","damage_taken":0,"max_hp_gain":0,"max_hp_loss":0,"event_name":"Designer","floor":22,"gold_loss":50,"cards_upgraded":["Capacitor","Genetic Algorithm"]},{"damage_healed":0,"gold_gain":0,"player_choice":"Fought Bandits","damage_taken":0,"max_hp_gain":0,"max_hp_loss":0,"event_name":"Masked Bandits","floor":28,"gold_loss":0}],"is_beta":true,"boss_relics":[{"not_picked":["Pandora\u0027s Box","Runic Dome"],"picked":"Inserter"}],"items_purged_floors":[],"is_endless":false,"potions_floor_spawned":[1,5,12,13,16,21,24,29],"killed_by":"Gremlin Leader","ascension_level":20}