{"gold_per_floor":[114,39,59,59,76,76,109,109,109,139,153,153],"floor_reached":12,"playtime":457,"items_purged":[],"score":198,"play_id":"243aa6c2-5517-41cb-874c-43883158dc90","local_time":"20180809222459","is_ascension_mode":true,"campfire_choices":[{"data":"Chill","floor":6,"key":"SMITH"},{"data":"Hologram","floor":8,"key":"SMITH"}],"neow_cost":"NONE","seed_source_timestamp":52936744552448,"circlet_count":0,"master_deck":["Strike_B","Strike_B","Strike_B","Strike_B","Defend_B","Defend_B","Defend_B","Defend_B","Zap","Dualcast","AscendersBane","Chaos","Glacier","Chill+1","Hello World","Hologram+1","Cold Snap","Conserve Battery"],"relics":["Coffee Dripper","Ginger","Mummified Hand","StoneCalendar"],"potions_floor_usage":[10,12],"damage_taken":[{"damage":1,"enemies":"Cultist","floor":1,"turns":4},{"damage":1,"enemies":"2 Louse","floor":3,"turns":3},{"damage":7,"enemies":"Jaw Worm","floor":5,"turns":5},{"damage":4,"enemies":"3 Sentries","floor":7,"turns":9},{"damage":0,"enemies":"Lagavulin","floor":10,"turns":6},{"damage":7,"enemies":"Blue Slaver","floor":11,"turns":4},{"damage":44,"enemies":"Gremlin Nob","floor":12,"turns":6}],"seed_played":"4161891168904583513","potions_obtained":[{"floor":5,"key":"PowerPotion"},{"floor":10,"key":"EssenceOfSteel"}],"is_trial":false,"path_per_floor":["M","$","M","$","M","R","E","R","T","E","M"],"character_chosen":"DEFECT","items_purchased":["Glacier"],"campfire_rested":0,"item_purchase_floors":[2],"current_hp_per_floor":[63,63,62,62,55,55,51,51,51,51,44,0],"gold":153,"neow_bonus":"BOSS_RELIC","is_prod":false,"is_daily":false,"chose_seed":false,"campfire_upgraded":2,"win_rate":0,"timestamp":1533878699,"path_taken":["M","$","?","$","M","R","E","R","T","E","?","E"],"build_version":"2018-08-08","purchased_purges":0,"victory":false,"max_hp_per_floor":[71,71,71,71,71,71,71,71,71,71,71,71],"card_choices":[{"not_picked":["Streamline","Fusion"],"picked":"Chaos","floor":1},{"not_picked":["Go for the Eyes","Gash"],"picked":"Chill","floor":3},{"not_picked":["Go for the Eyes","Auto Shields"],"picked":"Hello World","floor":5},{"not_picked":["Go for the Eyes","Force Field"],"picked":"Hologram","floor":7},{"not_picked":["Turbo","Coolheaded"],"picked":"Cold Snap","floor":10},{"not_picked":["Steam","Gash"],"picked":"Conserve Battery","floor":11}],"player_experience":780848,"relics_obtained":[{"floor":7,"key":"Ginger"},{"floor":9,"key":"Mummified Hand"},{"floor":10,"key":"StoneCalendar"}],"event_choices":[],"is_beta":true,"boss_relics":[],"items_purged_floors":[],"is_endless":false,"potions_floor_spawned":[5,10],"killed_by":"Gremlin Nob","ascension_level":15}