{"gold_per_floor":[119,69,82,101,119,119,138,165,214,214,44,54,74,94,94,192,192,172,172,186,186],"floor_reached":21,"playtime":1392,"items_purged":["Bash"],"score":185,"play_id":"fb715feb-897c-4b24-90ba-90a825cd3dbc","local_time":"20190706162447","is_ascension_mode":false,"campfire_choices":[{"data":"Armaments","floor":6,"key":"SMITH"},{"data":"Body Slam","floor":10,"key":"SMITH"},{"floor":15,"key":"RECALL"}],"neow_cost":"CURSE","seed_source_timestamp":442556112767373,"circlet_count":0,"master_deck":["Strike_R","Strike_R","Defend_R","Defend_R","Defend_R","Defend_R","Evolve","Spot Weakness","Flame Barrier","Inflame","Iron Wave","Armaments+1","Flex","Body Slam+1","Finesse","Body Slam","Rupture","Iron Wave","Barricade","Seeing Red","Inflame","Flex","Sword Boomerang","Battle Trance","Barricade"],"special_seed":0,"relics":["Burning Blood","Orichalcum","Orrery"],"potions_floor_usage":[8,18],"damage_taken":[{"damage":2.0,"enemies":"Small Slimes","floor":1.0,"turns":5.0},{"damage":11.0,"enemies":"2 Louse","floor":3.0,"turns":3.0},{"damage":0,"enemies":"Cultist","floor":4,"turns":5},{"damage":1,"enemies":"Large Slime","floor":5,"turns":10},{"damage":3,"enemies":"2 Fungi Beasts","floor":7,"turns":5},{"damage":20,"enemies":"Lagavulin","floor":8,"turns":9},{"damage":1,"enemies":"3 Louse","floor":12,"turns":4},{"damage":0,"enemies":"Looter","floor":13,"turns":3},{"damage":4,"enemies":"Large Slime","floor":14,"turns":6},{"damage":36,"enemies":"Slime Boss","floor":16,"turns":11},{"damage":29,"enemies":"2 Thieves","floor":18,"turns":4},{"damage":3,"enemies":"Chosen","floor":20,"turns":4},{"damage":60,"enemies":"Centurion and Healer","floor":21,"turns":7}],"seed_played":"-3298837471456237344","potions_obtained":[{"floor":5,"key":"Poison Potion"},{"floor":8,"key":"Swift Potion"},{"floor":12,"key":"Ancient Potion"},{"floor":14,"key":"Strength Potion"},{"floor":16,"key":"SteroidPotion"}],"is_trial":false,"path_per_floor":["M","?","M","M","M","R","M","E","T","R","$","M","M","M","R","B",null,"M","?","M","M"],"character_chosen":"IRONCLAD","items_purchased":["Finesse"],"campfire_rested":0,"item_purchase_floors":[11],"current_hp_per_floor":[80,80,75,80,80,80,80,66,66,66,66,71,77,79,79,49,80,57,57,60,0],"gold":186,"neow_bonus":"TRANSFORM_TWO_CARDS","is_prod":false,"is_daily":false,"chose_seed":false,"campfire_upgraded":2,"win_rate":0,"timestamp":1562397887,"path_taken":["M","?","M","M","M","R","M","E","T","R","$","M","M","M","R","BOSS","M","?","M","?"],"build_version":"2019-07-05","purchased_purges":1,"victory":false,"max_hp_per_floor":[80,80,80,80,80,80,80,80,80,80,80,80,80,80,80,80,80,80,80,80,80],"card_choices":[{"not_picked":["Shrug It Off","Sword Boomerang"],"picked":"Flame Barrier","floor":1.0},{"not_picked":["Iron Wave","Infernal Blade"],"picked":"Inflame","floor":3},{"not_picked":["Headbutt","Perfected Strike"],"picked":"Iron Wave","floor":4},{"not_picked":["Twin Strike","Wild Strike"],"picked":"Armaments","floor":5},{"not_picked":["Fire Breathing","Ghostly Armor"],"picked":"Flex","floor":7},{"not_picked":["Corruption","Bludgeon"],"picked":"Body Slam","floor":8},{"not_picked":["Warcry","Perfected Strike"],"picked":"Body Slam","floor":12},{"not_picked":["True Grit","Perfected Strike"],"picked":"Rupture","floor":13},{"not_picked":["Thunderclap","Pommel Strike"],"picked":"Iron Wave","floor":14},{"not_picked":["Reaper","Juggernaut"],"picked":"Barricade","floor":16},{"not_picked":["Headbutt","Clothesline"],"picked":"Seeing Red","floor":17},{"not_picked":["Twin Strike","Sword Boomerang"],"picked":"Inflame","floor":17},{"not_picked":["Dropkick","Hemokinesis"],"picked":"Flex","floor":17},{"not_picked":["Armaments","Combust"],"picked":"Sword Boomerang","floor":17},{"not_picked":["Feel No Pain","Rupture"],"picked":"Battle Trance","floor":18},{"not_picked":["Perfected Strike+1","Heavy Blade"],"picked":"Barricade","floor":20}],"player_experience":51821,"relics_obtained":[{"floor":8,"key":"Orichalcum"}],"event_choices":[{"cards_removed":["Normality"],"damage_healed":0.0,"max_hp_gain":0.0,"max_hp_loss":0.0,"gold_gain":0.0,"event_name":"The Cleric","player_choice":"Card Removal","floor":2.0,"gold_loss":50.0,"damage_taken":0.0},{"cards_removed":["Strike_R"],"damage_healed":0,"gold_gain":0,"player_choice":"Purged","damage_taken":0,"max_hp_gain":0,"max_hp_loss":0,"event_name":"Purifier","floor":19,"gold_loss":0}],"is_beta":false,"boss_relics":[{"not_picked":["Snecko Eye","Calling Bell"],"picked":"Orrery"}],"items_purged_floors":[11],"is_endless":false,"potions_floor_spawned":[5,8,12,14,16],"killed_by":"Centurion and Healer","ascension_level":0}