{"gold_per_floor":[109,109,109,123,134,134,146,156,156,156,190,206,232,232,232,308,308,320,333,356,281,11,11,66,81,81,81,91,108,158,177,177,251,301,318,0,13,30,30,30,55,55,79,103,103,114,114,133,133,133,133],"floor_reached":51,"playtime":3415,"items_purged":[],"score":1318,"play_id":"57502fba-c315-454b-9551-295f2004cab7","local_time":"20190825183709","is_ascension_mode":true,"campfire_choices":[{"data":"Streamline","floor":6,"key":"SMITH"},{"data":"Zap","floor":10,"key":"SMITH"},{"floor":15,"key":"REST"},{"data":"Seek","floor":23,"key":"SMITH"},{"data":"Seek","floor":27,"key":"SMITH"},{"data":"Dualcast","floor":32,"key":"SMITH"},{"data":"Capacitor","floor":40,"key":"SMITH"},{"data":"Echo Form","floor":42,"key":"SMITH"},{"data":"Defragment","floor":47,"key":"SMITH"},{"floor":49,"key":"REST"}],"neow_cost":"NONE","seed_source_timestamp":451613506793000,"circlet_count":0,"master_deck":["AscendersBane","Zap+1","Dualcast+1","Ball Lightning","Streamline+1","Steam","Ball Lightning","Leap","Self Repair+1","Sweeping Beam","Seek+1","Go for the Eyes","Thunder Strike","Reinforced Body","Seek+1","Reprogram","Glacier","Barrage+1","Coolheaded","Compile Driver+1","White Noise+1","Barrage+1","Echo Form+1","Capacitor+1","Defragment+1","Chill","Parasite","Barrage","Thinking Ahead","Panacea","Beam Cell","Steam+1"],"relics":["Cracked Core","Blood Vial","Vajra","DataDisk","Symbiotic Virus","Bird Faced Urn","Pandora\u0027s Box","Smiling Mask","Matryoshka","Tiny Chest","Boot","The Courier","Tiny House","Happy Flower","Question Card","PreservedInsect","Regal Pillow","Pen Nib"],"potions_floor_usage":[11,13,33,37,50,51],"damage_taken":[{"damage":11,"enemies":"Small Slimes","floor":1,"turns":4},{"damage":0,"enemies":"2 Louse","floor":4,"turns":1},{"damage":1,"enemies":"Cultist","floor":5,"turns":3},{"damage":3,"enemies":"Large Slime","floor":7,"turns":4},{"damage":3,"enemies":"Red Slaver","floor":8,"turns":3},{"damage":6,"enemies":"3 Sentries","floor":11,"turns":5},{"damage":13,"enemies":"Exordium Wildlife","floor":12,"turns":3},{"damage":16,"enemies":"Lagavulin","floor":13,"turns":5},{"damage":24,"enemies":"Slime Boss","floor":16,"turns":6},{"damage":4,"enemies":"Shell Parasite","floor":18,"turns":4},{"damage":12,"enemies":"Chosen","floor":19,"turns":4},{"damage":5,"enemies":"Gremlin Leader","floor":24,"turns":7},{"damage":18,"enemies":"Shelled Parasite and Fungi","floor":25,"turns":5},{"damage":16,"enemies":"Chosen and Byrds","floor":28,"turns":7},{"damage":8,"enemies":"3 Cultists","floor":29,"turns":5},{"damage":0,"enemies":"Centurion and Healer","floor":31,"turns":3},{"damage":33,"enemies":"Champ","floor":33,"turns":8},{"damage":6,"enemies":"3 Shapes","floor":35,"turns":10},{"damage":18,"enemies":"3 Darklings","floor":37,"turns":5},{"damage":4,"enemies":"Writhing Mass","floor":38,"turns":7},{"damage":40,"enemies":"Nemesis","floor":41,"turns":5},{"damage":14,"enemies":"Sphere and 2 Shapes","floor":46,"turns":8},{"damage":28,"enemies":"3 Darklings","floor":48,"turns":6},{"damage":49,"enemies":"Time Eater","floor":50,"turns":13},{"damage":58,"enemies":"Awakened One","floor":51,"turns":6}],"seed_played":"5231538211852235312","potions_obtained":[{"floor":7,"key":"Poison Potion"},{"floor":8,"key":"EssenceOfSteel"},{"floor":11,"key":"Dexterity Potion"},{"floor":12,"key":"AttackPotion"},{"floor":18,"key":"Fire Potion"},{"floor":24,"key":"PowerPotion"},{"floor":33,"key":"Swift Potion"},{"floor":37,"key":"Swift Potion"}],"is_trial":false,"path_per_floor":["M","?","?","M","M","R","M","M","T","R","E","M","E","?","R","B",null,"M","M","T","?","$","R","E","M","T","R","M","M","?","M","R","B",null,"M","$","M","M","?","R","E","R","T","T","?","M","R","M","R","B","B"],"character_chosen":"DEFECT","items_purchased":["Matryoshka","Capacitor","Defragment","Happy Flower","Chill"],"campfire_rested":2,"item_purchase_floors":[22,36,36,36,36],"current_hp_per_floor":[55,55,55,57,58,58,57,56,56,56,52,41,34,34,55,42,64,62,61,61,61,61,61,67,60,60,60,59,64,64,68,68,56,72,76,76,74,76,66,66,46,46,46,46,46,56,56,52,72,52,0],"gold":133,"neow_bonus":"RANDOM_COMMON_RELIC","is_prod":false,"is_daily":false,"chose_seed":false,"campfire_upgraded":8,"win_rate":0,"timestamp":1566725829,"path_taken":["M","?","?","M","M","R","?","M","T","R","E","M","E","?","R","BOSS","M","M","?","?","$","R","E","M","T","R","?","M","?","M","R","BOSS","M","$","M","M","?","R","E","R","T","?","?","M","R","M","R","BOSS","BOSS"],"build_version":"2019-07-17","purchased_purges":0,"victory":false,"max_hp_per_floor":[71,71,71,71,71,71,71,71,71,71,71,71,71,71,71,71,71,71,71,71,71,71,71,71,71,71,71,71,71,71,71,71,71,76,76,76,76,76,76,76,76,76,76,76,72,72,72,72,72,72,72],"card_choices":[{"not_picked":["Turbo","Gash"],"picked":"Ball Lightning","floor":1},{"not_picked":["Coolheaded","Leap"],"picked":"Streamline","floor":4},{"not_picked":["Gash","Rainbow"],"picked":"Steam","floor":5},{"not_picked":["Redo","Lockon","Hello World"],"picked":"SKIP","floor":7},{"not_picked":["Rebound","Streamline"],"picked":"Ball Lightning","floor":8},{"not_picked":["Rebound","Ball Lightning"],"picked":"Leap","floor":11},{"not_picked":["Darkness","Blizzard"],"picked":"Self Repair","floor":12},{"not_picked":["Creative AI","Streamline"],"picked":"Sweeping Beam","floor":13},{"not_picked":["Creative AI","Machine Learning"],"picked":"Seek","floor":16},{"not_picked":["Undo","Conserve Battery"],"picked":"Barrage+1","floor":18},{"not_picked":["Rebound","Ball Lightning"],"picked":"Coolheaded","floor":19},{"not_picked":["Sweeping Beam","Loop"],"picked":"Compile Driver+1","floor":24},{"not_picked":["Genetic Algorithm","Force Field"],"picked":"White Noise+1","floor":25},{"not_picked":["Coolheaded","Aggregate","Doom and Gloom"],"picked":"SKIP","floor":28},{"not_picked":["Rebound","Streamline"],"picked":"Barrage+1","floor":29},{"not_picked":["Barrage","Reprogram","Self Repair"],"picked":"SKIP","floor":31},{"not_picked":["Amplify","Meteor Strike"],"picked":"Echo Form","floor":33},{"not_picked":["Redo","Sweeping Beam","Rip and Tear"],"picked":"SKIP","floor":35},{"not_picked":["Darkness","Rebound","Self Repair"],"picked":"SKIP","floor":37},{"not_picked":["Consume","Turbo"],"picked":"Barrage","floor":38},{"not_picked":["PanicButton","Dramatic Entrance"],"picked":"Thinking Ahead","floor":39},{"not_picked":["Bandage Up","Enlightenment"],"picked":"Panacea","floor":39},{"not_picked":["Sweeping Beam","Compile Driver+1","Steam"],"picked":"SKIP","floor":41},{"not_picked":["Streamline","Hologram","Reprogram+1"],"picked":"Beam Cell","floor":46},{"not_picked":["Capacitor","Streamline","Auto Shields"],"picked":"Steam+1","floor":48}],"player_experience":242370,"relics_obtained":[{"floor":9,"key":"Vajra"},{"floor":11,"key":"DataDisk"},{"floor":13,"key":"Symbiotic Virus"},{"floor":20,"key":"Smiling Mask"},{"floor":24,"key":"Tiny Chest"},{"floor":26,"key":"Boot"},{"floor":26,"key":"The Courier"},{"floor":41,"key":"Question Card"},{"floor":43,"key":"PreservedInsect"},{"floor":43,"key":"Regal Pillow"},{"floor":44,"key":"Pen Nib"}],"event_choices":[{"damage_healed":0,"gold_gain":0,"player_choice":"Ignored","damage_taken":0,"max_hp_gain":0,"max_hp_loss":0,"event_name":"Liars Game","floor":2,"gold_loss":0},{"cards_removed":["Strike_B"],"damage_healed":0,"gold_gain":0,"player_choice":"Offered Basic","damage_taken":0,"max_hp_gain":0,"max_hp_loss":0,"event_name":"Bonfire Elementals","floor":3,"gold_loss":0},{"damage_healed":0,"gold_gain":0,"player_choice":"Gave Potion","damage_taken":0,"relics_obtained":["Bird Faced Urn"],"max_hp_gain":0,"max_hp_loss":0,"event_name":"WeMeetAgain","floor":14,"gold_loss":0},{"cards_removed":["Darkness"],"damage_healed":0,"gold_gain":0,"player_choice":"Gave Gold","damage_taken":0,"max_hp_gain":0,"max_hp_loss":0,"event_name":"Beggar","floor":21,"gold_loss":75},{"damage_healed":0,"gold_gain":50,"player_choice":"Stole From Cult","damage_taken":0,"max_hp_gain":0,"max_hp_loss":0,"event_name":"Nest","floor":30,"gold_loss":0},{"damage_healed":0,"gold_gain":0,"player_choice":"Memory 3","damage_taken":10,"max_hp_gain":0,"max_hp_loss":0,"event_name":"SensoryStone","floor":39,"gold_loss":0},{"damage_healed":0,"gold_gain":0,"player_choice":"Max HP","damage_taken":0,"max_hp_gain":0,"max_hp_loss":4,"event_name":"Winding Halls","floor":45,"gold_loss":0}],"is_beta":false,"boss_relics":[{"not_picked":["Orrery","Calling Bell"],"picked":"Pandora\u0027s Box"},{"not_picked":["Astrolabe","Black Star"],"picked":"Tiny House"}],"items_purged_floors":[],"is_endless":false,"potions_floor_spawned":[7,8,11,12,18,24,33,37,46],"killed_by":"Awakened One","ascension_level":20}