{"gold_per_floor":[115,126,6,22,39,64,77,110,164,175,189,189,18,18,18,114,114,132,132,149,149,165,190,190,218,245,245,59,59,85,96,96,192,192,210,57,107,127,175,208,208,226,278,278,295,320,331,358,358,358],"floor_reached":51,"playtime":3263,"items_purged":["Defend_G","Strike_G"],"score":951,"play_id":"362e5d3e-672c-4261-9a63-787a76f14053","local_time":"20190826044101","is_ascension_mode":true,"campfire_choices":[{"floor":12,"key":"REST"},{"floor":15,"key":"REST"},{"data":"Neutralize","floor":24,"key":"SMITH"},{"data":"Malaise","floor":27,"key":"SMITH"},{"floor":29,"key":"REST"},{"data":"Mayhem","floor":32,"key":"SMITH"},{"data":"Well Laid Plans","floor":41,"key":"SMITH"},{"data":"Accuracy","floor":44,"key":"SMITH"},{"floor":49,"key":"REST"}],"neow_cost":"NONE","seed_source_timestamp":137066588126600,"circlet_count":0,"master_deck":["Survivor+1","Neutralize+1","Backflip","Malaise+1","Cloak And Dagger+1","Noxious Fumes","Adrenaline+1","Cloak And Dagger+1","Backstab","Heel Hook","Bouncing Flask+1","Catalyst+1","Escape Plan+1","Doppelganger+1","Bouncing Flask+1","Backflip+1","Well Laid Plans+1","Mayhem+1","Acrobatics+1","Accuracy+1"],"relics":["Busted Crown","Whetstone","Bag of Preparation","Art of War","Toxic Egg 2","Pandora\u0027s Box","Snake Skull","Dodecahedron","Torii","HoveringKite","War Paint","Ice Cream","Vajra","Sundial","Strawberry","Shuriken","Bag of Marbles"],"potions_floor_usage":[6,6,8,16,33,37,37,38,42,46,48,48,50],"damage_taken":[{"damage":0,"enemies":"Cultist","floor":1,"turns":4},{"damage":0,"enemies":"2 Louse","floor":2,"turns":3},{"damage":0,"enemies":"Small Slimes","floor":4,"turns":3},{"damage":0,"enemies":"3 Louse","floor":5,"turns":4},{"damage":6,"enemies":"Lagavulin","floor":6,"turns":9},{"damage":8,"enemies":"Exordium Thugs","floor":7,"turns":7},{"damage":29,"enemies":"Gremlin Nob","floor":8,"turns":6},{"damage":2,"enemies":"Blue Slaver","floor":10,"turns":3},{"damage":8,"enemies":"Exordium Wildlife","floor":11,"turns":6},{"damage":39,"enemies":"Slime Boss","floor":16,"turns":14},{"damage":4,"enemies":"Shell Parasite","floor":18,"turns":3},{"damage":5,"enemies":"3 Byrds","floor":20,"turns":3},{"damage":0,"enemies":"Cultist and Chosen","floor":22,"turns":4},{"damage":22,"enemies":"Gremlin Leader","floor":23,"turns":3},{"damage":2,"enemies":"Book of Stabbing","floor":25,"turns":3},{"damage":0,"enemies":"Gremlin Leader","floor":30,"turns":3},{"damage":0,"enemies":"Snake Plant","floor":31,"turns":3},{"damage":0,"enemies":"Automaton","floor":33,"turns":6},{"damage":0,"enemies":"Orb Walker","floor":35,"turns":1},{"damage":7,"enemies":"2 Orb Walkers","floor":37,"turns":4},{"damage":0,"enemies":"3 Darklings","floor":38,"turns":4},{"damage":1,"enemies":"Nemesis","floor":40,"turns":5},{"damage":1,"enemies":"Jaw Worm Horde","floor":42,"turns":3},{"damage":17,"enemies":"4 Shapes","floor":45,"turns":4},{"damage":14,"enemies":"Giant Head","floor":46,"turns":4},{"damage":4,"enemies":"Sphere and 2 Shapes","floor":47,"turns":3},{"damage":11,"enemies":"Reptomancer","floor":48,"turns":4},{"damage":31,"enemies":"Awakened One","floor":50,"turns":7}],"seed_played":"8367446757124393672","potions_obtained":[{"floor":2,"key":"Swift Potion"},{"floor":4,"key":"Energy Potion"},{"floor":6,"key":"SkillPotion"},{"floor":10,"key":"Explosive Potion"},{"floor":18,"key":"Ancient Potion"},{"floor":30,"key":"Dexterity Potion"},{"floor":31,"key":"Dexterity Potion"},{"floor":33,"key":"Fire Potion"},{"floor":37,"key":"Explosive Potion"},{"floor":40,"key":"PowerPotion"},{"floor":45,"key":"Poison Potion"},{"floor":47,"key":"SpeedPotion"},{"floor":48,"key":"Weak Potion"}],"is_trial":false,"path_per_floor":["M","M","$","M","M","E","M","E","T","M","M","R","$","?","R","B",null,"M","?","M","?","M","E","R","E","T","R","$","R","E","M","R","B",null,"M","$","?","M","T","E","R","M","T","R","M","E","M","E","R","B",null],"character_chosen":"THE_SILENT","items_purchased":["Backflip","Noxious Fumes","Mayhem","War Paint"],"campfire_rested":4,"item_purchase_floors":[3,13,28,36],"current_hp_per_floor":[70,70,70,70,70,64,56,27,27,25,17,38,38,31,52,13,70,66,66,61,61,61,39,39,37,37,37,37,58,58,58,58,58,70,70,70,63,63,63,62,62,61,68,68,51,37,33,22,45,14],"gold":358,"neow_bonus":"BOSS_RELIC","is_prod":false,"is_daily":false,"chose_seed":false,"campfire_upgraded":5,"win_rate":0,"timestamp":1566819661,"path_taken":["M","M","$","M","M","E","M","E","T","M","M","R","$","?","R","BOSS","M","?","?","?","M","E","R","E","T","R","$","R","E","M","R","BOSS","M","$","?","M","?","E","R","M","T","R","M","E","M","E","R","BOSS"],"build_version":"2019-07-17","purchased_purges":2,"victory":true,"max_hp_per_floor":[70,70,70,70,70,70,70,70,70,70,70,70,70,70,70,70,70,70,70,70,70,70,70,70,70,70,70,70,70,70,70,70,70,70,70,70,70,70,70,70,70,70,77,77,77,77,77,77,77,77],"card_choices":[{"not_picked":["Sucker Punch"],"picked":"SKIP","floor":1},{"not_picked":["Blade Dance"],"picked":"SKIP","floor":2},{"not_picked":["Outmaneuver"],"picked":"SKIP","floor":4},{"not_picked":[],"picked":"Malaise","floor":5},{"not_picked":["Setup"],"picked":"SKIP","floor":6},{"not_picked":[],"picked":"Cloak And Dagger","floor":7},{"not_picked":["Glass Knife"],"picked":"SKIP","floor":8},{"not_picked":["Sucker Punch"],"picked":"SKIP","floor":10},{"not_picked":["Dagger Throw"],"picked":"SKIP","floor":11},{"not_picked":[],"picked":"Adrenaline+1","floor":16},{"not_picked":[],"picked":"Bouncing Flask+1","floor":18},{"not_picked":["Dagger Throw"],"picked":"SKIP","floor":20},{"not_picked":[],"picked":"Well Laid Plans","floor":22},{"not_picked":["Masterful Stab"],"picked":"SKIP","floor":23},{"not_picked":["PiercingWail+1"],"picked":"SKIP","floor":25},{"not_picked":["Dagger Throw"],"picked":"SKIP","floor":30},{"not_picked":["Flying Knee"],"picked":"SKIP","floor":31},{"not_picked":[],"picked":"Acrobatics+1","floor":35},{"not_picked":[],"picked":"Accuracy","floor":37},{"not_picked":["Prepared+1"],"picked":"SKIP","floor":38},{"not_picked":["Prepared+1"],"picked":"SKIP","floor":40},{"not_picked":["Leg Sweep+1"],"picked":"SKIP","floor":42},{"not_picked":["Dagger Spray"],"picked":"SKIP","floor":45},{"not_picked":["Flying Knee"],"picked":"SKIP","floor":46},{"not_picked":["Blade Dance+1"],"picked":"SKIP","floor":47},{"not_picked":["Cloak And Dagger+1"],"picked":"SKIP","floor":48}],"player_experience":103497,"relics_obtained":[{"floor":6,"key":"Whetstone"},{"floor":8,"key":"Bag of Preparation"},{"floor":9,"key":"Art of War"},{"floor":23,"key":"Snake Skull"},{"floor":25,"key":"Dodecahedron"},{"floor":30,"key":"Torii"},{"floor":37,"key":"Ice Cream"},{"floor":39,"key":"Vajra"},{"floor":40,"key":"Sundial"},{"floor":43,"key":"Strawberry"},{"floor":46,"key":"Shuriken"},{"floor":48,"key":"Bag of Marbles"}],"event_choices":[{"damage_healed":0,"gold_gain":0,"player_choice":"Success","damage_taken":7,"relics_obtained":["Toxic Egg 2"],"max_hp_gain":0,"max_hp_loss":0,"event_name":"Scrap Ooze","floor":14,"gold_loss":0},{"cards_removed":["Unload"],"damage_healed":0,"gold_gain":0,"player_choice":"Purged","damage_taken":0,"max_hp_gain":0,"max_hp_loss":0,"event_name":"Purifier","floor":19,"gold_loss":0},{"damage_healed":0,"gold_gain":0,"player_choice":"Read","damage_taken":0,"max_hp_gain":0,"max_hp_loss":0,"event_name":"The Library","floor":21,"gold_loss":0,"cards_obtained":["Backflip"]},{"damage_healed":0,"gold_gain":0,"player_choice":"Fight","damage_taken":0,"max_hp_gain":0,"max_hp_loss":0,"event_name":"Mysterious Sphere","floor":37,"gold_loss":0}],"is_beta":false,"boss_relics":[{"not_picked":["Orrery","Tiny House"],"picked":"Pandora\u0027s Box"},{"not_picked":["Velvet Choker","White Beast Statue"],"picked":"HoveringKite"}],"items_purged_floors":[3,13],"is_endless":false,"potions_floor_spawned":[2,4,6,10,18,30,31,33,37,40,45,47,48],"ascension_level":1}