{"path_per_floor":["M","M","M","M","M","R","M","R","T","?","M","R","M","$","R","B",null,"M","?","$","M","$","R","M","$","T","R","M","M","R","?","R"],"character_chosen":"IRONCLAD","items_purchased":["Whirlwind","Ancient Potion","Battle Trance"],"gold_per_floor":[114,127,146,157,177,177,197,197,197,261,279,279,289,94,94,196,196,210,210,110,121,47,47,60,60,84,84,101,113,113,28,28],"floor_reached":33,"campfire_rested":0,"playtime":3301,"current_hp_per_floor":[45,50,52,49,48,48,53,53,53,42,46,46,50,50,50,33,80,79,79,79,80,80,80,77,77,77,77,74,65,65,65,65],"items_purged":["Strike_R","Injury"],"gold":28,"score":266,"play_id":"afd3cd10-c904-43ee-869e-fcbd080ec847","is_prod":false,"is_daily":false,"is_ascension_mode":false,"campfire_upgraded":8,"path_taken":["M","M","?","M","?","R","M","R","T","?","?","R","M","$","R","BOSS","M","?","?","M","$","R","M","$","T","R","M","?","R","?","R","BOSS"],"build_version":"2018-02-22-PROD2","purchased_purges":3,"victory":false,"master_deck":["Strike_R","Strike_R","Strike_R","Strike_R","Defend_R","Defend_R","Defend_R","Defend_R","Bash+1","True Grit+1","Limit Break+1","Shrug It Off","Heavy Blade+1","Cleave+1","Clash","Inflame+1","Headbutt+1","Whirlwind+1","Shrug It Off","Flex+1","Battle Trance"],"max_hp_per_floor":[80,80,80,80,80,80,80,80,80,80,80,80,80,80,80,80,80,80,80,80,80,80,80,80,80,80,80,80,80,80,80,80],"relics":["Burning Blood","Sundial","Red Skull","Mummified Hand","Velvet Choker","Dream Catcher","Anchor"],"card_choices":[{"not_picked":["Ghostly Armor","Warcry"],"picked":"True Grit"},{"not_picked":["Carnage","Havoc"],"picked":"Limit Break"},{"not_picked":["Clothesline","Thunderclap"],"picked":"Shrug It Off"},{"not_picked":["Reaper","Wild Strike"],"picked":"Heavy Blade"},{"not_picked":["Wild Strike","Fire Breathing"],"picked":"Cleave"},{"not_picked":["Rage","Flame Barrier"],"picked":"Clash"},{"not_picked":["True Grit","Clothesline"],"picked":"Inflame"},{"not_picked":["Entrench","Uppercut"],"picked":"Headbutt"},{"not_picked":["Sword Boomerang","Thunderclap"],"picked":"Shrug It Off"},{"not_picked":["Fiend Fire","Havoc"],"picked":"Flex"}],"player_experience":75250,"potions_floor_usage":[10,13,16,16,16,21,29,33],"damage_taken":[{"damage":1,"enemies":"Cultist","floor":1,"turns":4},{"damage":1,"enemies":"Jaw Worm","floor":2,"turns":5},{"damage":4,"enemies":"2 Louse","floor":3,"turns":3},{"damage":9,"enemies":"Large Slime","floor":4,"turns":9},{"damage":7,"enemies":"Blue Slaver","floor":5,"turns":5},{"damage":1,"enemies":"3 Louse","floor":7,"turns":6},{"damage":17,"enemies":"Lagavulin Event","floor":10,"turns":5},{"damage":2,"enemies":"Looter","floor":11,"turns":3},{"damage":2,"enemies":"Large Slime","floor":13,"turns":4},{"damage":23,"enemies":"The Guardian","floor":16,"turns":5},{"damage":7,"enemies":"Shell Parasite","floor":18,"turns":5},{"damage":0,"enemies":"Chosen","floor":21,"turns":2},{"damage":9,"enemies":"Centurion and Healer","floor":24,"turns":5},{"damage":9,"enemies":"3 Cultists","floor":28,"turns":4},{"damage":15,"enemies":"Snake Plant","floor":29,"turns":4},{"damage":88,"enemies":"Automaton","floor":33,"turns":6}],"event_choices":[{"event_name":"Dead Adventurer","player_choice":"Searched \u00272\u0027 times","floor":10,"damage_taken":0},{"event_name":"Accursed Blacksmith","player_choice":"Forge","floor":19,"damage_taken":0},{"event_name":"Addict","player_choice":"Obtained Relic","floor":31,"damage_taken":0}],"boss_relics":[{"not_picked":["Black Blood","Question Card"],"picked":"Velvet Choker"}],"potions_floor_spawned":[3,7,10,13,18,21,28],"seed_played":"8911971747226702037","killed_by":"Automaton","ascension_level":0,"is_trial":false}