{"gold_per_floor":[114,389,15,38,50,50,77,89,126,153,165,212,244,276,288,378,390,380,392,424,18,34,34,34,46,115,115,2,2,15,15,15,92,92,104,204,204,215,19,19,35,35,35,0,0],"floor_reached":45,"playtime":1895,"items_purged":["Regret"],"score":992,"play_id":"f1650d4c-8e1b-475e-ba01-083998f756e4","local_time":"20190117093946","is_ascension_mode":true,"campfire_choices":[{"data":"Discovery","floor":6.0,"key":"SMITH"},{"data":"Defragment","floor":8.0,"key":"SMITH"},{"data":"Capacitor","floor":15.0,"key":"SMITH"},{"floor":23.0,"key":"REST"},{"floor":27.0,"key":"REST"},{"data":"Fission","floor":32.0,"key":"SMITH"},{"data":"Metamorphosis","floor":40.0,"key":"SMITH"},{"floor":42.0,"key":"RECALL"}],"neow_cost":"NONE","seed_source_timestamp":0,"circlet_count":0,"master_deck":["AscendersBane","Strike_B+1","Defend_B","Defend_B","Defend_B","Zap","Dualcast","Cold Snap+1","Discovery+1","Undo","Darkness","Defragment+1","Capacitor+1","Cold Snap","Loop","Cold Snap","Meteor Strike","Streamline+1","Machine Learning+1","Rainbow+1","Conserve Battery","Defragment+1","Double Energy","Redo","Force Field","Chill","Capacitor","Fission+1","Self Repair","Echo Form","Stack+1","Hello World","Panacea","Go for the Eyes+1","Metamorphosis+1","Reinforced Body","Clumsy"],"special_seed":0,"relics":["Nuclear Battery","PreservedInsect","Blood Vial","MawBank","Whetstone","Smiling Mask","Astrolabe","DataDisk","Toolbox","Shuriken","Cursed Key","WingedGreaves","Red Mask"],"potions_floor_usage":[],"damage_taken":[{"damage":0.0,"enemies":"Jaw Worm","floor":1.0,"turns":5.0},{"damage":0.0,"enemies":"Cultist","floor":5.0,"turns":6.0},{"damage":11.0,"enemies":"Gremlin Nob","floor":7.0,"turns":3.0},{"damage":0.0,"enemies":"2 Louse","floor":10.0,"turns":2.0},{"damage":6.0,"enemies":"Lagavulin","floor":12.0,"turns":6.0},{"damage":33.0,"enemies":"Gremlin Gang","floor":13.0,"turns":5.0},{"damage":2.0,"enemies":"2 Fungi Beasts","floor":14.0,"turns":3.0},{"damage":25.0,"enemies":"The Guardian","floor":16.0,"turns":10.0},{"damage":13.0,"enemies":"2 Thieves","floor":18.0,"turns":4.0},{"damage":19.0,"enemies":"Chosen","floor":20.0,"turns":6.0},{"damage":9.0,"enemies":"Centurion and Healer","floor":22.0,"turns":7.0},{"damage":19.0,"enemies":"Snake Plant","floor":25.0,"turns":4.0},{"damage":12.0,"enemies":"Chosen and Byrds","floor":30.0,"turns":7.0},{"damage":0.0,"enemies":"Collector","floor":33.0,"turns":13.0},{"damage":6.0,"enemies":"3 Darklings","floor":35.0,"turns":7.0},{"damage":16.0,"enemies":"Mind Bloom Boss Battle","floor":36.0,"turns":6.0},{"damage":0.0,"enemies":"Orb Walker","floor":38.0,"turns":4.0},{"damage":32.0,"enemies":"Sphere and 2 Shapes","floor":41.0,"turns":8.0},{"damage":57,"enemies":"3 Darklings","floor":45,"turns":3}],"seed_played":"3056674773451982070","potions_obtained":[{"floor":12.0,"key":"Dexterity Potion"},{"floor":13.0,"key":"Fruit Juice"},{"floor":14.0,"key":"GamblersBrew"},{"floor":16.0,"key":"Swift Potion"},{"floor":22.0,"key":"Energy Potion"},{"floor":30.0,"key":"SkillPotion"},{"floor":35.0,"key":"Weak Potion"}],"is_trial":false,"path_per_floor":["M","?","$","T","M","R","E","R","T","M","?","E","M","M","R","B",null,"M","?","M","$","M","R","$","M","T","R","$","?","M","?","R","B",null,"M","?","?","M","$","R","M","R","T","?","M"],"character_chosen":"DEFECT","items_purchased":["Discovery","PreservedInsect","Undo","DataDisk","Double Energy","Toolbox","Chill","Capacitor","Metamorphosis"],"campfire_rested":2,"item_purchase_floors":[3,3,3,21,21,21,28,28,39],"current_hp_per_floor":[64,64,64,64,66,66,57,57,57,59,59,55,29,29,29,6,59,48,48,31,31,24,46,46,29,29,51,51,51,41,41,41,50,70,76,67,67,76,76,76,51,51,51,51,0],"gold":0,"neow_bonus":"BOSS_RELIC","is_prod":false,"is_daily":false,"chose_seed":false,"campfire_upgraded":5,"win_rate":0,"timestamp":1547746786,"path_taken":["M","?","$","?","M","R","E","R","T","M","?","E","M","?","R","BOSS","M","?","M","?","M","R","$","?","T","R","$","?","M","?","R","BOSS","M","?","?","M","$","R","?","R","T","?","M"],"build_version":"2019-01-16","purchased_purges":1,"victory":false,"max_hp_per_floor":[71,71,71,71,71,71,71,71,71,71,71,71,76,76,76,76,76,76,76,76,76,76,76,76,76,76,76,76,76,76,76,76,76,76,76,76,76,76,76,76,76,76,76,76,76],"card_choices":[{"not_picked":["Fusion","Loop"],"picked":"Cold Snap","floor":1.0},{"not_picked":["Sweeping Beam","Barrage"],"picked":"Darkness","floor":5.0},{"not_picked":["Coolheaded","Tempest"],"picked":"Defragment","floor":7.0},{"not_picked":["Skim","Force Field"],"picked":"Capacitor","floor":10.0},{"not_picked":["Chill","Ball Lightning"],"picked":"Cold Snap","floor":12.0},{"not_picked":["Auto Shields","Conserve Battery"],"picked":"Loop","floor":13.0},{"not_picked":["Ball Lightning","Streamline"],"picked":"Cold Snap","floor":14.0},{"not_picked":["Hyperbeam","All For One"],"picked":"Meteor Strike","floor":16.0},{"not_picked":["Sunder","Compile Driver+1"],"picked":"Conserve Battery","floor":18.0},{"not_picked":["Sweeping Beam","Storm"],"picked":"Redo","floor":22.0},{"not_picked":["Conserve Battery","Scrape+1"],"picked":"Force Field","floor":25.0},{"not_picked":["Auto Shields","Ball Lightning"],"picked":"Self Repair","floor":30.0},{"not_picked":["Amplify","Buffer"],"picked":"Echo Form","floor":33.0},{"not_picked":["Scrape+1","Conserve Battery"],"picked":"Stack+1","floor":35.0},{"not_picked":["Auto Shields","Skim"],"picked":"Hello World","floor":36.0},{"not_picked":["Impatience","Secret Weapon"],"picked":"Panacea","floor":37.0},{"not_picked":["Turbo","Sweeping Beam"],"picked":"Go for the Eyes+1","floor":38.0},{"not_picked":["Compile Driver","Streamline"],"picked":"Reinforced Body","floor":41.0}],"player_experience":1023657,"relics_obtained":[{"floor":4.0,"key":"Blood Vial"},{"floor":7.0,"key":"MawBank"},{"floor":9.0,"key":"Whetstone"},{"floor":12.0,"key":"Smiling Mask"},{"floor":26.0,"key":"Shuriken"},{"floor":36.0,"key":"WingedGreaves"}],"event_choices":[{"damage_healed":0.0,"max_hp_gain":0.0,"max_hp_loss":0.0,"gold_gain":275.0,"event_name":"Golden Shrine","player_choice":"Desecrate","floor":2.0,"gold_loss":0.0,"damage_taken":0.0,"cards_obtained":["Regret"]},{"cards_removed":["Strike_B"],"damage_healed":0.0,"max_hp_gain":0.0,"max_hp_loss":0.0,"gold_gain":0.0,"event_name":"Purifier","player_choice":"Purged","floor":11.0,"gold_loss":0.0,"damage_taken":0.0},{"damage_healed":0.0,"max_hp_gain":0.0,"max_hp_loss":0.0,"gold_gain":0.0,"event_name":"Duplicator","player_choice":"Copied","floor":19.0,"gold_loss":0.0,"damage_taken":0.0,"cards_obtained":["Defragment"]},{"damage_healed":0.0,"max_hp_gain":0.0,"max_hp_loss":0.0,"gold_gain":0.0,"event_name":"The Library","player_choice":"Read","floor":29.0,"gold_loss":0.0,"damage_taken":0.0,"cards_obtained":["Fission"]},{"damage_healed":0.0,"max_hp_gain":0.0,"max_hp_loss":0.0,"gold_gain":0.0,"event_name":"MindBloom","player_choice":"Fight","floor":36.0,"gold_loss":0.0,"damage_taken":0.0},{"damage_healed":0.0,"max_hp_gain":0.0,"max_hp_loss":0.0,"gold_gain":0.0,"event_name":"SensoryStone","player_choice":"Memory 1","floor":37.0,"gold_loss":0.0,"damage_taken":0.0},{"damage_healed":0.0,"max_hp_gain":0.0,"max_hp_loss":0.0,"gold_gain":0.0,"event_name":"Tomb of Lord Red Mask","player_choice":"Paid","floor":44.0,"gold_loss":35.0,"damage_taken":0.0,"relics_obtained":["Red Mask"]}],"is_beta":true,"boss_relics":[{"not_picked":["Calling Bell","Coffee Dripper"],"picked":"Astrolabe"},{"not_picked":["Orrery","Philosopher\u0027s Stone"],"picked":"Cursed Key"}],"items_purged_floors":[3],"is_endless":false,"potions_floor_spawned":[12,13,14,16,22,30,35],"killed_by":"3 Darklings","ascension_level":20}