{"gold_per_floor":[110,110,110,110,260,299,320,334,334,334,334,350,364,388,388,388],"floor_reached":16,"playtime":196,"items_purged":[],"score":254,"play_id":"680661af-7f68-4936-82a6-645f2ee19a3f","local_time":"20190101234420","is_ascension_mode":true,"campfire_choices":[{"data":"Cloak And Dagger","floor":11,"key":"SMITH"},{"floor":15,"key":"REST"}],"neow_cost":"NONE","seed_source_timestamp":1869522679547948,"circlet_count":0,"master_deck":["AscendersBane","Defend_G","Defend_G","Defend_G","Defend_G","Defend_G","Strike_G","Strike_G+1","Strike_G","Strike_G+1","Strike_G","Survivor","Neutralize+1","Infinite Blades","Doubt","Flying Knee","Cloak And Dagger+1","Blade Dance","Dagger Spray","Infinite Blades","Skewer"],"relics":["Ring of the Snake","NeowsBlessing","Golden Idol","WingedGreaves","Pantograph","FaceOfCleric"],"potions_floor_usage":[12,13,14],"damage_taken":[{"damage":0,"enemies":"2 Louse","floor":1,"turns":1},{"damage":0,"enemies":"Gremlin Nob","floor":6,"turns":1},{"damage":0,"enemies":"Small Slimes","floor":7,"turns":1},{"damage":0,"enemies":"Cultist","floor":8,"turns":4},{"damage":5,"enemies":"2 Fungi Beasts","floor":12,"turns":3},{"damage":0,"enemies":"3 Louse","floor":13,"turns":1},{"damage":20,"enemies":"Exordium Thugs","floor":14,"turns":5},{"damage":0,"enemies":"Hexaghost","floor":16,"turns":1}],"seed_played":"-1951296123094015471","potions_obtained":[{"floor":6,"key":"Fire Potion"},{"floor":7,"key":"LiquidBronze"},{"floor":12,"key":"SteroidPotion"},{"floor":14,"key":"AttackPotion"}],"is_trial":false,"path_per_floor":["M","?","?","?","?","E","M","M","T","?","R","M","M","M","R","B"],"character_chosen":"THE_SILENT","items_purchased":[],"campfire_rested":1,"item_purchase_floors":[],"current_hp_per_floor":[59,59,59,41,41,41,41,41,41,41,41,37,38,19,37,62],"gold":388,"neow_bonus":"THREE_ENEMY_KILL","is_prod":false,"is_daily":false,"chose_seed":false,"campfire_upgraded":1,"win_rate":0,"timestamp":1546415060,"path_taken":["M","?","?","?","?","E","M","M","T","?","R","?","M","M","R","BOSS"],"build_version":"2018-12-25","purchased_purges":0,"victory":false,"max_hp_per_floor":[66,60,60,60,60,60,60,60,60,60,60,61,62,63,63,63],"card_choices":[{"not_picked":["Deflect","Underhanded Strike"],"picked":"Infinite Blades","floor":1},{"not_picked":["Prepared","Slice"],"picked":"Flying Knee","floor":6},{"not_picked":["Escape Plan","Slice"],"picked":"Cloak And Dagger","floor":7},{"not_picked":["Outmaneuver","Prepared"],"picked":"Blade Dance","floor":8},{"not_picked":["Calculated Gamble","Slice"],"picked":"Dagger Spray","floor":12},{"not_picked":["Dagger Spray","Unload"],"picked":"Infinite Blades","floor":13},{"not_picked":["Slice","Endless Agony"],"picked":"Skewer","floor":14}],"player_experience":1010461,"relics_obtained":[{"floor":6,"key":"WingedGreaves"},{"floor":9,"key":"Pantograph"}],"event_choices":[{"damage_healed":0,"gold_gain":0,"player_choice":"Lose Max HP","damage_taken":0,"relics_obtained":["Golden Idol"],"max_hp_gain":0,"max_hp_loss":6,"event_name":"Golden Idol","floor":2,"gold_loss":0},{"damage_healed":0,"gold_gain":0,"player_choice":"Grow","damage_taken":0,"max_hp_gain":0,"max_hp_loss":0,"event_name":"Living Wall","floor":3,"gold_loss":0,"cards_upgraded":["Neutralize"]},{"damage_healed":0,"gold_gain":0,"player_choice":"Entered Light","damage_taken":18,"max_hp_gain":0,"max_hp_loss":0,"event_name":"Shining Light","floor":4,"gold_loss":0,"cards_upgraded":["Strike_G","Strike_G"]},{"damage_healed":0,"gold_gain":150,"player_choice":"AGREE","damage_taken":0,"max_hp_gain":0,"max_hp_loss":0,"event_name":"Liars Game","floor":5,"gold_loss":0,"cards_obtained":["Doubt"]},{"damage_healed":0,"gold_gain":0,"player_choice":"Trade","damage_taken":0,"relics_obtained":["FaceOfCleric"],"max_hp_gain":0,"max_hp_loss":0,"event_name":"FaceTrader","floor":10,"gold_loss":0}],"is_beta":true,"boss_relics":[],"items_purged_floors":[],"is_endless":false,"potions_floor_spawned":[6,7,12,14],"killed_by":"Hexaghost","ascension_level":20}