{"gold_per_floor":[111,124,124,137,12,12,40,40,40,40,65,65,84,115,115,186,186,196,196,210,223,239,239,265,265,292,292,15,33,33,47,47,125,125,139,139,139,39,49,83,83,83,110,143,155,220,263,275,287,299],"floor_reached":51,"playtime":2356,"items_purged":["Strike_B"],"score":1421,"play_id":"2bf057de-909e-424a-8760-f8c6affdcf86","local_time":"20180813231207","is_ascension_mode":true,"campfire_choices":[{"data":"Zap","floor":6,"key":"SMITH"},{"data":"Hello World","floor":8,"key":"SMITH"},{"data":"Cold Snap","floor":10,"key":"SMITH"},{"data":"Leap","floor":15,"key":"SMITH"},{"floor":23,"key":"REST"},{"floor":25,"key":"REST"},{"floor":27,"key":"REST"},{"floor":32,"key":"REST"},{"floor":41,"key":"REST"},{"floor":45,"key":"REST"},{"floor":49,"key":"REST"}],"neow_cost":"","seed_source_timestamp":4901075595808,"circlet_count":0,"master_deck":["Defend_B+1","Defend_B+1","Defend_B+1","Zap+1","Dualcast+1","AscendersBane","Leap+1","Hello World+1","Conserve Battery+1","Impatience+1","Leap+1","Cold Snap+1","Rebound","Cold Snap","Darkness+1","Echo Form","Hologram+1","Leap+1","White Noise+1","Compile Driver","Echo Form","Leap+1","FTL","Seek+1","Gash+1","Stack+1","Glacier+1","Reinforced Body+1","Hello World","Hologram+1","Gash+1","Double Energy+1","Madness+1"],"relics":["Cracked Core","Toxic Egg 2","Happy Flower","Omamori","Ginger","Symbiotic Virus","Fusion Hammer","Vajra","Bottled Lightning","Juzu Bracelet","Bag of Preparation","Astrolabe","Cables","War Paint","Anchor","MawBank","StoneCalendar","Regal Pillow"],"potions_floor_usage":[7,7,22,33,40,44,50,50],"damage_taken":[{"damage":12,"enemies":"2 Louse","floor":1,"turns":4},{"damage":1,"enemies":"Cultist","floor":2,"turns":4},{"damage":2,"enemies":"Jaw Worm","floor":4,"turns":4},{"damage":0,"enemies":"3 Sentries","floor":7,"turns":4},{"damage":28,"enemies":"Gremlin Nob","floor":11,"turns":5},{"damage":11,"enemies":"Large Slime","floor":13,"turns":6},{"damage":4,"enemies":"3 Sentries","floor":14,"turns":7},{"damage":14,"enemies":"Hexaghost","floor":16,"turns":10},{"damage":3,"enemies":"Shell Parasite","floor":18,"turns":5},{"damage":4,"enemies":"Spheric Guardian","floor":20,"turns":3},{"damage":13,"enemies":"Snake Plant","floor":21,"turns":4},{"damage":3,"enemies":"Centurion and Healer","floor":22,"turns":5},{"damage":14,"enemies":"Book of Stabbing","floor":24,"turns":7},{"damage":0,"enemies":"Sentry and Sphere","floor":29,"turns":5},{"damage":0,"enemies":"Snecko","floor":31,"turns":5},{"damage":7,"enemies":"Automaton","floor":33,"turns":10},{"damage":0,"enemies":"Orb Walker","floor":35,"turns":5},{"damage":0,"enemies":"Flame Bruiser 1 Orb","floor":39,"turns":6},{"damage":0,"enemies":"2 Orb Walkers","floor":40,"turns":5},{"damage":15,"enemies":"Nemesis","floor":44,"turns":9},{"damage":17,"floor":46,"turns":6},{"damage":18,"enemies":"2 Orb Walkers","floor":47,"turns":7},{"damage":50,"enemies":"Donu and Deca","floor":50,"turns":9}],"seed_played":"-6232400109846168939","potions_obtained":[{"floor":2,"key":"PowerPotion"},{"floor":4,"key":"AttackPotion"},{"floor":16,"key":"Fire Potion"},{"floor":20,"key":"EssenceOfSteel"},{"floor":24,"key":"AttackPotion"},{"floor":39,"key":"Swift Potion"},{"floor":40,"key":"Weak Potion"},{"floor":44,"key":"Dexterity Potion"}],"is_trial":false,"path_per_floor":["M","M","?","M","$","R","E","R","T","R","E","?","M","E","R","B",null,"M","?","M","M","M","R","E","R","T","R","$","M","?","M","R","B",null,"M","T","?","$","M","E","R","?","T","E","R","?","E","?","R","B"],"character_chosen":"DEFECT","items_purchased":["Impatience+1","Leap+1","Bag of Preparation","Leap+1","Hello World","Hologram+1"],"campfire_rested":7,"item_purchase_floors":[5,5,28,28,38,38],"current_hp_per_floor":[52,51,51,49,49,49,49,49,49,49,21,44,33,29,29,15,57,54,54,50,37,34,55,41,62,62,71,71,71,71,71,71,64,69,69,69,69,69,69,69,71,71,71,56,71,54,36,36,71,21],"gold":311,"neow_bonus":"","is_prod":false,"is_daily":false,"chose_seed":false,"campfire_upgraded":4,"win_rate":0,"timestamp":1534227127,"path_taken":["M","M","?","M","?","R","E","R","T","R","E","?","M","E","R","BOSS","M","?","M","M","M","R","E","R","T","R","$","M","?","M","R","BOSS","M","?","?","$","M","E","R","?","T","E","R","?","E","?","R","BOSS"],"build_version":"2018-08-08","purchased_purges":1,"victory":true,"max_hp_per_floor":[71,71,71,71,71,71,71,71,71,71,71,71,71,71,71,71,71,71,71,71,71,71,71,71,71,71,71,71,71,71,71,71,71,71,71,71,71,71,71,71,71,71,71,71,71,71,71,71,71,71],"card_choices":[{"not_picked":["Fusion","Lockon"],"picked":"Leap","floor":1},{"not_picked":["FTL","Compile Driver"],"picked":"Hello World","floor":2},{"not_picked":["Streamline","Stack+1"],"picked":"Conserve Battery+1","floor":4},{"not_picked":["Compile Driver","Gash"],"picked":"Cold Snap","floor":7},{"not_picked":["Streamline","Turbo+1"],"picked":"Rebound","floor":11},{"not_picked":["Redo+1","Rebound"],"picked":"Cold Snap","floor":13},{"not_picked":["Biased Cognition","Conserve Battery+1"],"picked":"Darkness+1","floor":14},{"not_picked":["Thunder Strike","Meteor Strike"],"picked":"Echo Form","floor":16},{"not_picked":["Undo+1","Go for the Eyes+1"],"picked":"Hologram+1","floor":18},{"not_picked":["Static Discharge","Consume+1"],"picked":"Leap+1","floor":20},{"not_picked":["Beam Cell","Leap+1"],"picked":"White Noise+1","floor":21},{"not_picked":["Beam Cell","Storm"],"picked":"Compile Driver","floor":22},{"not_picked":["Barrage","Turbo+1"],"picked":"Echo Form","floor":24},{"not_picked":["Darkness+1","Ball Lightning"],"picked":"FTL","floor":31},{"not_picked":["Biased Cognition","Thunder Strike"],"picked":"Seek+1","floor":33},{"not_picked":["Consume+1","FTL"],"picked":"Reinforced Body+1","floor":35},{"not_picked":["Stack+1","Rebound"],"picked":"Gash+1","floor":39},{"not_picked":["Sweeping Beam","Aggregate+1"],"picked":"Double Energy+1","floor":40},{"not_picked":["Recycle+1","Barrage","Fusion+1"],"picked":"SKIP","floor":44},{"not_picked":["Recycle+1","Barrage","Sweeping Beam+1"],"picked":"SKIP","floor":47},{"not_picked":["Purity+1","Mind Blast"],"picked":"Madness+1","floor":48}],"player_experience":815952,"relics_obtained":[{"floor":7,"key":"Happy Flower"},{"floor":9,"key":"Omamori"},{"floor":11,"key":"Ginger"},{"floor":14,"key":"Symbiotic Virus"},{"floor":24,"key":"Bottled Lightning"},{"floor":26,"key":"Juzu Bracelet"},{"floor":36,"key":"Cables"},{"floor":40,"key":"War Paint"},{"floor":43,"key":"Anchor"},{"floor":44,"key":"MawBank"},{"floor":46,"key":"StoneCalendar"},{"floor":47,"key":"Regal Pillow"}],"event_choices":[{"event_name":"Wheel of Change","player_choice":"Relic","floor":3,"damage_taken":0},{"event_name":"Big Fish","player_choice":"Banana","floor":12,"damage_taken":0},{"event_name":"The Mausoleum","player_choice":"Yes","floor":19,"damage_taken":0},{"event_name":"Back to Basics","player_choice":"Simplicity","floor":30,"damage_taken":0},{"event_name":"Falling","player_choice":"Removed Skill","floor":37,"damage_taken":0},{"event_name":"Winding Halls","player_choice":"Writhe","floor":42,"damage_taken":0},{"event_name":"Mysterious Sphere","player_choice":"Fight","floor":46,"damage_taken":0},{"event_name":"SensoryStone","player_choice":"Memory 1","floor":48,"damage_taken":0}],"is_beta":true,"boss_relics":[{"not_picked":["Busted Crown","FrozenCore"],"picked":"Fusion Hammer"},{"not_picked":["Nuclear Battery","Black Star"],"picked":"Astrolabe"}],"items_purged_floors":[28],"is_endless":false,"potions_floor_spawned":[2,4,16,20,24,31,39,40,44],"ascension_level":15}