{"gold_per_floor":[116,128,228,228,243,243,273,273,273,306,324,35,35,35,35,140,140,152,162,162,87,87,87,120,131,201,234,252,177,177,209,221,338,350,382,394,416,428,452,498,520,561,627,658,34,60,74,88,88,88],"floor_reached":51,"playtime":4712,"items_purged":["Writhe","Strike_G"],"score":975,"play_id":"fde03d2c-856a-4348-a648-d0c5876ae36e","local_time":"20190708232214","is_ascension_mode":true,"campfire_choices":[{"data":"Acrobatics","floor":6.0,"key":"SMITH"},{"floor":13.0,"key":"REST"},{"data":"Neutralize","floor":15.0,"key":"SMITH"},{"data":"Night Terror","floor":23.0,"key":"SMITH"},{"data":"Tactician","floor":30.0,"key":"SMITH"},{"data":"Adrenaline","floor":32.0,"key":"SMITH"},{"data":"Adrenaline","floor":49,"key":"SMITH"}],"neow_cost":"NONE","seed_source_timestamp":0,"circlet_count":0,"master_deck":["Strike_G+1","Defend_G","Defend_G","Defend_G","Defend_G","Defend_G","Survivor","Neutralize+1","Endless Agony","Acrobatics+1","Poisoned Stab","Crippling Poison","Poisoned Stab+1","Leg Sweep","Night Terror+1","Prepared","Well Laid Plans","Adrenaline+1","Dash+1","Poisoned Stab","Reflex","Tactician+1","Leg Sweep","Backflip","Dash","Deflect+1","Venomology","Burst","Adrenaline+1","Master of Strategy","Prepared+1","Adrenaline+1"],"special_seed":0,"relics":["Ring of the Snake","Ornamental Fan","Paper Crane","Pear","Tough Bandages","Sling","Black Star","Potion Belt","The Courier","Sundial","Letter Opener","Calipers","Whetstone","Incense Burner","MawBank","Cursed Key","Omamori","Shuriken","Dream Catcher","Gambling Chip","Lantern","Vajra","DollysMirror","FossilizedHelix","Pen Nib","Question Card"],"potions_floor_usage":[37,40,41,41,44,50,50,50,50],"damage_taken":[{"damage":4.0,"enemies":"Cultist","floor":1.0,"turns":4.0},{"damage":1.0,"enemies":"2 Louse","floor":2.0,"turns":2.0},{"damage":0.0,"enemies":"Jaw Worm","floor":4.0,"turns":4.0},{"damage":3.0,"enemies":"2 Fungi Beasts","floor":5.0,"turns":4.0},{"damage":16.0,"enemies":"Lagavulin","floor":7.0,"turns":6.0},{"damage":14.0,"enemies":"Gremlin Nob","floor":10.0,"turns":5.0},{"damage":1.0,"enemies":"Looter","floor":11.0,"turns":3.0},{"damage":11.0,"enemies":"Hexaghost","floor":16.0,"turns":12.0},{"damage":1.0,"enemies":"3 Byrds","floor":18.0,"turns":7.0},{"damage":0.0,"enemies":"Chosen","floor":19.0,"turns":6.0},{"damage":14.0,"enemies":"Gremlin Leader","floor":24.0,"turns":9.0},{"damage":1.0,"enemies":"Snake Plant","floor":25.0,"turns":7.0},{"damage":18.0,"enemies":"Slavers","floor":27.0,"turns":7.0},{"damage":0.0,"enemies":"Centurion and Healer","floor":28.0,"turns":7.0},{"damage":0.0,"enemies":"Gremlin Leader","floor":31.0,"turns":7.0},{"damage":56.0,"enemies":"Champ","floor":33.0,"turns":18.0},{"damage":0,"enemies":"3 Darklings","floor":35,"turns":7},{"damage":0,"enemies":"Orb Walker","floor":37,"turns":5},{"damage":2,"enemies":"Sphere and 2 Shapes","floor":39,"turns":6},{"damage":2,"enemies":"Nemesis","floor":40,"turns":9},{"damage":1,"enemies":"Writhing Mass","floor":41,"turns":8},{"damage":15,"enemies":"Giant Head","floor":42,"turns":12},{"damage":0,"enemies":"Maw","floor":44,"turns":6},{"damage":0,"enemies":"Reptomancer","floor":46,"turns":7},{"damage":0,"enemies":"3 Darklings","floor":47,"turns":3},{"damage":0,"enemies":"4 Shapes","floor":48,"turns":3},{"damage":0,"enemies":"Donu and Deca","floor":50,"turns":9}],"seed_played":"-2148630136847153460","potions_obtained":[{"floor":5.0,"key":"Strength Potion"},{"floor":7.0,"key":"Regen Potion"},{"floor":10.0,"key":"Regen Potion"},{"floor":18.0,"key":"GamblersBrew"},{"floor":27.0,"key":"Block Potion"},{"floor":28.0,"key":"Dexterity Potion"},{"floor":35,"key":"SneckoOil"},{"floor":39,"key":"Block Potion"},{"floor":41,"key":"PowerPotion"},{"floor":44,"key":"GhostInAJar"}],"is_trial":false,"path_per_floor":["M","M","?","M","M","R","E","?","T","E","M","$","R","?","R","B",null,"M","M","?","$","?","R","E","M","T","E","M","?","R","E","R","B",null,"M","?","M","$","M","E","M","E","T","M","$","E","M","M","R","B",null],"character_chosen":"THE_SILENT","items_purchased":["Sling","Well Laid Plans","DollysMirror","Master of Strategy","FossilizedHelix"],"campfire_rested":1,"item_purchase_floors":[12,12,45,45,45],"current_hp_per_floor":[66,65,65,65,62,62,46,34,44,30,29,29,53,46,46,50,80,79,79,79,79,79,79,65,64,64,46,46,46,46,58,58,2,80,80,80,80,80,78,76,75,60,60,60,60,60,60,60,60,60],"gold":88,"neow_bonus":"TRANSFORM_CARD","is_prod":false,"is_daily":false,"chose_seed":false,"campfire_upgraded":6,"win_rate":0,"timestamp":1562595734,"path_taken":["M","?","?","M","?","R","E","?","T","E","M","$","R","?","R","BOSS","M","M","?","$","?","R","E","M","T","E","?","?","R","E","R","BOSS","M","?","M","?","M","E","M","E","T","M","$","E","M","?","R","BOSS"],"build_version":"2019-07-05","purchased_purges":2,"victory":true,"max_hp_per_floor":[70,70,70,70,70,70,70,70,80,80,80,80,80,80,80,80,80,80,80,80,80,80,80,80,80,80,80,80,80,80,80,80,80,80,80,80,80,80,80,80,80,80,80,80,80,80,80,80,80,80],"card_choices":[{"not_picked":["Poisoned Stab","Dodge and Roll"],"picked":"Acrobatics","floor":1.0},{"not_picked":["Dagger Throw","Deadly Poison"],"picked":"Poisoned Stab","floor":2.0},{"not_picked":["Flying Knee","Bouncing Flask"],"picked":"Crippling Poison","floor":4.0},{"not_picked":["Deflect","Outmaneuver"],"picked":"Poisoned Stab","floor":5.0},{"not_picked":["Quick Slash","Envenom"],"picked":"Leg Sweep","floor":7.0},{"not_picked":["PiercingWail","Backflip"],"picked":"Night Terror","floor":10.0},{"not_picked":["Poisoned Stab","Dodge and Roll"],"picked":"Prepared","floor":11.0},{"not_picked":["Night Terror","A Thousand Cuts"],"picked":"Adrenaline","floor":16.0},{"not_picked":["Heel Hook","Slice"],"picked":"Dash+1","floor":18.0},{"not_picked":["Blade Dance+1","Predator"],"picked":"Poisoned Stab","floor":19.0},{"not_picked":["Riddle With Holes","Infinite Blades"],"picked":"Tactician","floor":24.0},{"not_picked":["Outmaneuver","Dagger Throw"],"picked":"Leg Sweep","floor":25.0},{"not_picked":["Setup","Slice"],"picked":"Backflip","floor":27.0},{"not_picked":["Cloak And Dagger","Terror"],"picked":"Dash","floor":28.0},{"not_picked":["Reflex","Endless Agony"],"picked":"Deflect+1","floor":31.0},{"not_picked":["Phantasmal Killer","Glass Knife"],"picked":"Venomology","floor":33.0},{"not_picked":["Prepared","Endless Agony+1","Reflex"],"picked":"SKIP","floor":35},{"not_picked":["Poisoned Stab+1","Underhanded Strike+1","Skewer+1"],"picked":"SKIP","floor":37},{"not_picked":["Slice+1","Dash","Bane"],"picked":"SKIP","floor":39},{"not_picked":["Backflip","Dodge and Roll"],"picked":"Burst","floor":40},{"not_picked":["Flying Knee+1","Poisoned Stab+1","Dagger Spray+1"],"picked":"SKIP","floor":41},{"not_picked":["Dodge and Roll+1","Infinite Blades+1","Well Laid Plans"],"picked":"SKIP","floor":42},{"not_picked":["Caltrops","Endless Agony","Dagger Throw+1"],"picked":"SKIP","floor":44},{"not_picked":["Predator+1","Sucker Punch","Reflex"],"picked":"SKIP","floor":46},{"not_picked":["Quick Slash+1","Sucker Punch","Skewer"],"picked":"Prepared+1","floor":47},{"not_picked":["Flechettes","Sucker Punch","Calculated Gamble+1"],"picked":"Adrenaline","floor":48}],"player_experience":94012,"relics_obtained":[{"floor":7.0,"key":"Ornamental Fan"},{"floor":9.0,"key":"Pear"},{"floor":10.0,"key":"Tough Bandages"},{"floor":24.0,"key":"The Courier"},{"floor":24.0,"key":"Sundial"},{"floor":26.0,"key":"Letter Opener"},{"floor":27.0,"key":"Calipers"},{"floor":27.0,"key":"Whetstone"},{"floor":31.0,"key":"Incense Burner"},{"floor":31.0,"key":"MawBank"},{"floor":40,"key":"Shuriken"},{"floor":40,"key":"Dream Catcher"},{"floor":42,"key":"Gambling Chip"},{"floor":42,"key":"Lantern"},{"floor":43,"key":"Vajra"},{"floor":46,"key":"Pen Nib"},{"floor":46,"key":"Question Card"}],"event_choices":[{"damage_healed":0.0,"max_hp_gain":0.0,"max_hp_loss":0.0,"gold_gain":100.0,"event_name":"Golden Shrine","player_choice":"Pray","floor":3.0,"gold_loss":0.0,"damage_taken":0.0},{"damage_healed":0.0,"max_hp_gain":0.0,"max_hp_loss":0.0,"gold_gain":0.0,"event_name":"Scrap Ooze","player_choice":"Success","floor":8.0,"gold_loss":0.0,"damage_taken":12.0,"relics_obtained":["Paper Crane"]},{"cards_removed":["Strike_G"],"damage_healed":0.0,"max_hp_gain":0.0,"max_hp_loss":0.0,"gold_gain":0.0,"event_name":"Golden Wing","player_choice":"Card Removal","floor":14.0,"gold_loss":0.0,"damage_taken":7.0},{"damage_healed":0.0,"max_hp_gain":0.0,"max_hp_loss":0.0,"gold_gain":0.0,"event_name":"The Mausoleum","player_choice":"Opened","floor":20.0,"gold_loss":0.0,"damage_taken":0.0,"relics_obtained":["Potion Belt"],"cards_obtained":["Writhe"]},{"damage_healed":0.0,"max_hp_gain":0.0,"max_hp_loss":0.0,"gold_gain":0.0,"event_name":"Match and Keep!","player_choice":"1 cards matched","floor":22.0,"gold_loss":0.0,"damage_taken":0.0,"cards_obtained":["Reflex"]},{"cards_removed":["Strike_G"],"damage_healed":0.0,"max_hp_gain":0.0,"max_hp_loss":0.0,"gold_gain":0.0,"event_name":"Beggar","player_choice":"Gave Gold","floor":29.0,"gold_loss":75.0,"damage_taken":0.0},{"damage_healed":0,"gold_gain":0,"player_choice":"Gave Potion","damage_taken":0,"relics_obtained":["Omamori"],"max_hp_gain":0,"max_hp_loss":0,"event_name":"WeMeetAgain","floor":36,"gold_loss":0}],"is_beta":false,"boss_relics":[{"not_picked":["Sozu","Busted Crown"],"picked":"Black Star"},{"not_picked":["Coffee Dripper","Empty Cage"],"picked":"Cursed Key"}],"items_purged_floors":[21,45],"is_endless":false,"potions_floor_spawned":[5,7,10,11,18,27,28,35,39,41,44],"ascension_level":1}