{"gold_per_floor":[115,130,130,8,8,8,46,46,70,25,66,87,87,108,108,207,207,221],"floor_reached":18,"playtime":341,"items_purged":[],"score":340,"play_id":"83bdfaa5-661a-49e0-8a8f-63558c0c2361","local_time":"20190314124824","is_ascension_mode":true,"campfire_choices":[{"data":"Rip and Tear","floor":6,"key":"SMITH"},{"data":"Defragment","floor":8,"key":"SMITH"},{"floor":13,"key":"REST"},{"data":"Loop","floor":15,"key":"SMITH"}],"neow_cost":"NONE","seed_source_timestamp":12056880293524,"circlet_count":0,"master_deck":["AscendersBane","Strike_B","Strike_B","Strike_B","Strike_B","Defend_B","Defend_B","Defend_B","Defend_B+1","Zap","Dualcast+1","Sweeping Beam","Rip and Tear+1","Hello World","Defragment+1","Doom and Gloom","Ball Lightning","Loop+1","Redo","Core Surge"],"relics":["Velvet Choker","Golden Idol","Pen Nib","Centennial Puzzle","War Paint","Cursed Key"],"potions_floor_usage":[14],"damage_taken":[{"damage":2,"enemies":"Cultist","floor":1,"turns":4},{"damage":4,"enemies":"2 Louse","floor":2,"turns":2},{"damage":20,"enemies":"Lagavulin","floor":7,"turns":6},{"damage":32,"enemies":"Gremlin Nob","floor":11,"turns":4},{"damage":2,"enemies":"Jaw Worm","floor":12,"turns":2},{"damage":0,"enemies":"Large Slime","floor":14,"turns":3},{"damage":12,"enemies":"Hexaghost","floor":16,"turns":5},{"damage":34,"enemies":"Chosen","floor":18,"turns":5}],"seed_played":"-1266316185038780377","potions_obtained":[{"floor":2,"key":"Explosive Potion"},{"floor":14,"key":"FearPotion"},{"floor":18,"key":"EssenceOfSteel"}],"is_trial":false,"path_per_floor":["M","M","?","$","?","R","E","R","T","$","E","M","R","M","R","B",null,"M"],"character_chosen":"DEFECT","items_purchased":["Rip and Tear","Hello World","Doom and Gloom"],"campfire_rested":1,"item_purchase_floors":[4,4,10],"current_hp_per_floor":[62,58,58,58,58,58,38,38,38,38,6,4,23,23,23,11,51,17],"gold":221,"neow_bonus":"BOSS_RELIC","is_prod":false,"is_daily":false,"chose_seed":false,"campfire_upgraded":3,"win_rate":0,"timestamp":1552592904,"path_taken":["M","M","?","$","?","R","E","R","T","$","E","M","R","M","R","BOSS","M"],"build_version":"2019-02-06","purchased_purges":0,"victory":false,"max_hp_per_floor":[71,71,64,64,64,64,64,64,64,64,64,64,64,64,64,64,64,64],"card_choices":[{"not_picked":["Redo","Loop"],"picked":"Sweeping Beam","floor":2},{"not_picked":["Cold Snap","Steam"],"picked":"Defragment","floor":7},{"not_picked":["Lockon","Steam Power"],"picked":"Ball Lightning","floor":11},{"not_picked":["Blizzard","Lockon"],"picked":"Loop","floor":12},{"not_picked":["Rip and Tear","Go for the Eyes"],"picked":"Redo","floor":14},{"not_picked":["Fission","All For One"],"picked":"Core Surge","floor":16}],"player_experience":1290289,"relics_obtained":[{"floor":7,"key":"Pen Nib"},{"floor":9,"key":"Centennial Puzzle"},{"floor":11,"key":"War Paint"}],"event_choices":[{"damage_healed":0,"gold_gain":0,"player_choice":"Lose Max HP","damage_taken":0,"relics_obtained":["Golden Idol"],"max_hp_gain":0,"max_hp_loss":7,"event_name":"Golden Idol","floor":3,"gold_loss":0},{"damage_healed":0,"gold_gain":0,"player_choice":"Ignored","damage_taken":0,"max_hp_gain":0,"max_hp_loss":0,"event_name":"Liars Game","floor":5,"gold_loss":0}],"is_beta":true,"boss_relics":[{"not_picked":["Inserter","Busted Crown"],"picked":"Cursed Key"}],"items_purged_floors":[],"is_endless":false,"potions_floor_spawned":[2,14,18],"killed_by":"Chosen","ascension_level":20}