{"gold_per_floor":[116,37,37,37,37,37,71,71,71,29,29,67,91,155,155,246,246,260,310,333,7,78,116,116,155,227,260,274,43,118,193,193,286,286,306,256,270,110,125,50,94,107,107,107],"floor_reached":44,"playtime":1831,"items_purged":["Strike_R","Strike_R"],"score":1237,"play_id":"bcb58da1-328d-4a50-8a2a-592176eea75e","local_time":"20190321104805","is_ascension_mode":true,"campfire_choices":[{"data":"Bash","floor":6.0,"key":"SMITH"},{"data":"Disarm","floor":11.0,"key":"SMITH"},{"data":"Demon Form","floor":15.0,"key":"SMITH"},{"floor":24.0,"key":"REST"},{"floor":32.0,"key":"RECALL"}],"neow_cost":"NONE","seed_source_timestamp":1086345967030,"circlet_count":0,"master_deck":["AscendersBane","Strike_R","Strike_R","Strike_R","Defend_R","Defend_R","Defend_R","Defend_R","Bash+1","Clothesline","Metallicize","Disarm+1","Shockwave","Anger","Demon Form+1","Ghostly Armor","Shrug It Off","Armaments","Feel No Pain","Battle Trance","Body Slam+1","Feel No Pain","Disarm","Metallicize","Metallicize","Shrug It Off","Ghostly Armor","Warcry","Dark Embrace","Warcry+1","Armaments","Pommel Strike","Iron Wave+1","Limit Break","Pummel+1"],"special_seed":0,"relics":["Burning Blood","NeowsBlessing","Golden Idol","Self Forming Clay","SsserpentHead","Gambling Chip","Dodecahedron","Fusion Hammer","PreservedInsect","Ancient Tea Set","Pantograph","Ornamental Fan","Anchor","Runic Dome","Bag of Preparation","Paper Frog","Ice Cream"],"potions_floor_usage":[41,44,44],"damage_taken":[{"damage":0.0,"enemies":"Jaw Worm","floor":1.0,"turns":1.0},{"damage":0.0,"enemies":"3 Sentries","floor":7.0,"turns":2.0},{"damage":0.0,"enemies":"Lagavulin","floor":12.0,"turns":1.0},{"damage":0.0,"enemies":"2 Louse","floor":13.0,"turns":2.0},{"damage":0.0,"enemies":"Cultist","floor":14.0,"turns":3.0},{"damage":13.0,"enemies":"Hexaghost","floor":16.0,"turns":7.0},{"damage":18.0,"enemies":"Spheric Guardian","floor":18.0,"turns":5.0},{"damage":10.0,"enemies":"3 Byrds","floor":20.0,"turns":5.0},{"damage":0.0,"enemies":"Snake Plant","floor":22.0,"turns":7.0},{"damage":24.0,"enemies":"Gremlin Leader","floor":23.0,"turns":7.0},{"damage":0.0,"enemies":"Book of Stabbing","floor":25.0,"turns":4.0},{"damage":27.0,"enemies":"Slavers","floor":27.0,"turns":6.0},{"damage":6.0,"enemies":"Snecko","floor":28.0,"turns":7.0},{"damage":3.0,"enemies":"Sentry and Sphere","floor":30.0,"turns":8.0},{"damage":0.0,"enemies":"Snake Plant","floor":31.0,"turns":6.0},{"damage":6.0,"enemies":"Champ","floor":33.0,"turns":12.0},{"damage":28,"enemies":"3 Darklings","floor":35,"turns":7},{"damage":6,"enemies":"Orb Walker","floor":37,"turns":4},{"damage":8,"enemies":"4 Shapes","floor":39,"turns":10},{"damage":0,"enemies":"Giant Head","floor":41,"turns":7},{"damage":31,"enemies":"Transient","floor":42,"turns":6},{"damage":54,"enemies":"Reptomancer","floor":44,"turns":7}],"seed_played":"-2431954931873372838","potions_obtained":[{"floor":7.0,"key":"Fruit Juice"},{"floor":13.0,"key":"Regen Potion"},{"floor":14.0,"key":"PowerPotion"},{"floor":18.0,"key":"Strength Potion"},{"floor":20.0,"key":"Fruit Juice"},{"floor":28.0,"key":"FearPotion"},{"floor":31.0,"key":"Energy Potion"},{"floor":42,"key":"Fire Potion"}],"is_trial":false,"path_per_floor":["M","$","?","$","?","R","E","?","T","$","R","E","M","M","R","B",null,"M","?","M","$","M","E","R","E","T","E","M","$","M","M","R","B",null,"M","$","M","$","M","$","E","M","T","E"],"character_chosen":"IRONCLAD","items_purchased":["Metallicize","Shockwave","PreservedInsect","Feel No Pain","Metallicize","Shrug It Off","Armaments","Bag of Preparation","Limit Break"],"campfire_rested":1,"item_purchase_floors":[2,10,21,21,29,29,36,38,40],"current_hp_per_floor":[74,74,68,68,73,73,73,73,73,73,73,73,73,78,78,71,76,64,88,84,84,88,75,93,93,93,72,72,72,75,81,81,93,93,71,71,71,71,69,69,75,50,50,0],"gold":107,"neow_bonus":"THREE_ENEMY_KILL","is_prod":false,"is_daily":false,"chose_seed":false,"campfire_upgraded":3,"win_rate":0,"timestamp":1553190485,"path_taken":["M","$","?","$","?","R","E","?","T","$","R","E","M","?","R","BOSS","M","?","M","$","?","E","R","E","T","E","M","$","?","?","R","BOSS","M","$","M","$","M","$","E","M","T","E"],"build_version":"2019-03-15","purchased_purges":2,"victory":false,"max_hp_per_floor":[75,75,68,68,73,73,73,73,73,73,73,73,73,78,78,78,78,78,88,88,88,88,93,93,93,93,93,93,93,93,93,93,93,93,93,93,93,93,93,93,93,93,93,93],"card_choices":[{"not_picked":["Clash","Wild Strike"],"picked":"Clothesline","floor":1.0},{"not_picked":["Seeing Red","Havoc"],"picked":"Disarm","floor":7.0},{"not_picked":["Sentinel","Bloodletting"],"picked":"Anger","floor":12.0},{"not_picked":["Thunderclap","Burning Pact"],"picked":"Demon Form","floor":13.0},{"not_picked":["Blood for Blood","Anger"],"picked":"Ghostly Armor","floor":14.0},{"not_picked":["Barricade","Double Tap"],"picked":"Exhume","floor":16.0},{"not_picked":["Havoc","Sword Boomerang+1"],"picked":"Shrug It Off","floor":18.0},{"not_picked":["Havoc","Sword Boomerang"],"picked":"Armaments","floor":20.0},{"not_picked":["Warcry","Cleave"],"picked":"Battle Trance","floor":22.0},{"not_picked":["Combust","Spot Weakness"],"picked":"Body Slam+1","floor":23.0},{"not_picked":["Sentinel","Battle Trance"],"picked":"Feel No Pain","floor":25.0},{"not_picked":["Heavy Blade","Clothesline"],"picked":"Disarm","floor":27.0},{"not_picked":["Blood for Blood","Thunderclap"],"picked":"Metallicize","floor":28.0},{"not_picked":["Clash","Headbutt"],"picked":"Ghostly Armor","floor":30.0},{"not_picked":["Offering","Cleave"],"picked":"Warcry","floor":31.0},{"not_picked":["Offering","Brutality"],"picked":"Dark Embrace","floor":33.0},{"not_picked":["Clash+1","Twin Strike"],"picked":"Warcry+1","floor":35},{"not_picked":["Hemokinesis+1","Perfected Strike"],"picked":"Pommel Strike","floor":37},{"not_picked":["Headbutt","Blood for Blood"],"picked":"Iron Wave+1","floor":39},{"not_picked":["Sentinel","Uppercut"],"picked":"Pummel+1","floor":42}],"player_experience":1340406,"relics_obtained":[{"floor":7.0,"key":"Self Forming Clay"},{"floor":9.0,"key":"Gambling Chip"},{"floor":12.0,"key":"Dodecahedron"},{"floor":23.0,"key":"Ancient Tea Set"},{"floor":25.0,"key":"Pantograph"},{"floor":26.0,"key":"Ornamental Fan"},{"floor":27.0,"key":"Anchor"},{"floor":41,"key":"Paper Frog"},{"floor":43,"key":"Ice Cream"}],"event_choices":[{"damage_healed":0.0,"max_hp_gain":0.0,"max_hp_loss":7.0,"gold_gain":0.0,"event_name":"Golden Idol","player_choice":"Lose Max HP","floor":3.0,"gold_loss":0.0,"damage_taken":0.0,"relics_obtained":["Golden Idol"]},{"damage_healed":0.0,"max_hp_gain":5.0,"max_hp_loss":0.0,"gold_gain":0.0,"event_name":"Big Fish","player_choice":"Donut","floor":5.0,"gold_loss":0.0,"damage_taken":0.0},{"damage_healed":0.0,"max_hp_gain":0.0,"max_hp_loss":0.0,"gold_gain":0.0,"event_name":"FaceTrader","player_choice":"Trade","floor":8.0,"gold_loss":0.0,"damage_taken":0.0,"relics_obtained":["SsserpentHead"]},{"cards_removed":["Exhume"],"damage_healed":14.0,"max_hp_gain":10.0,"max_hp_loss":0.0,"gold_gain":0.0,"event_name":"Bonfire Elementals","player_choice":"Offered Rare","floor":19.0,"gold_loss":0.0,"damage_taken":0.0}],"is_beta":true,"boss_relics":[{"not_picked":["Sozu","Mark of Pain"],"picked":"Fusion Hammer"},{"not_picked":["Runic Cube","Pandora\u0027s Box"],"picked":"Runic Dome"}],"items_purged_floors":[21,29],"is_endless":false,"potions_floor_spawned":[7,13,14,18,20,28,31,35,42],"killed_by":"Reptomancer","ascension_level":20}