{"gold_per_floor":[369,444,461,62,133,133,146,8,8,18,18,29,29,39,39,136,136,136,21,21,21,21,21,21,21,21,21,21,21,21,21,21,21,21,21,21,21,0,0,0,0,0,0,0,0,0,0,0,0,0],"floor_reached":51,"playtime":4610,"items_purged":["Strike_R"],"score":702,"play_id":"b6193e14-334e-4763-9588-467f1e179c82","local_time":"20180827000721","is_ascension_mode":false,"campfire_choices":[{"floor":6,"key":"REST"},{"data":"Corruption","floor":15,"key":"SMITH"},{"floor":23,"key":"REST"},{"data":"True Grit","floor":25,"key":"SMITH"},{"data":"Shockwave","floor":30,"key":"SMITH"},{"data":"Dark Embrace","floor":32,"key":"SMITH"},{"data":"Battle Trance","floor":42,"key":"SMITH"},{"data":"Madness","floor":47,"key":"SMITH"},{"data":"Disarm","floor":49,"key":"SMITH"}],"neow_cost":"PERCENT_DAMAGE","seed_source_timestamp":811369329946105,"circlet_count":0,"master_deck":["Strike_R","Strike_R","Strike_R","Strike_R","Defend_R","Defend_R","Defend_R","Defend_R","Bash","True Grit+1","Clothesline","Corruption+1","Shrug It Off","Inflame","Sever Soul","Shockwave+1","Havoc","Dark Embrace+1","Metallicize","Disarm+1","Metallicize+1","Flame Barrier+1","Exhume","Pommel Strike+1","Warcry+1","Offering","Power Through+1","Battle Trance+1","Madness","Madness+1","Feel No Pain+1","Armaments+1","True Grit+1"],"relics":["Burning Blood","Dead Branch","Nunchaku","Anchor","Ectoplasm","Enchiridion","Gremlin Horn","Eternal Feather","Red Mask","Paper Frog","Pen Nib"],"potions_floor_usage":[20,27,46,50,50],"damage_taken":[{"damage":14,"enemies":"2 Louse","floor":1,"turns":5},{"damage":5,"enemies":"Small Slimes","floor":3,"turns":3},{"damage":0,"enemies":"Cultist","floor":7,"turns":3},{"damage":9,"enemies":"3 Louse","floor":10,"turns":3},{"damage":0,"enemies":"Blue Slaver","floor":12,"turns":2},{"damage":0,"enemies":"Looter","floor":14,"turns":3},{"damage":21,"enemies":"Slime Boss","floor":16,"turns":7},{"damage":6,"enemies":"Shell Parasite","floor":18,"turns":4},{"damage":2,"enemies":"3 Byrds","floor":20,"turns":3},{"damage":23,"enemies":"Cultist and Chosen","floor":22,"turns":6},{"damage":0,"enemies":"Shelled Parasite and Fungi","floor":24,"turns":2},{"damage":2,"enemies":"Centurion and Healer","floor":27,"turns":7},{"damage":4,"enemies":"Snake Plant","floor":28,"turns":3},{"damage":0,"enemies":"Shelled Parasite and Fungi","floor":29,"turns":3},{"damage":6,"enemies":"Snecko","floor":31,"turns":2},{"damage":27,"enemies":"Automaton","floor":33,"turns":8},{"damage":0,"enemies":"3 Shapes","floor":35,"turns":2},{"damage":0,"enemies":"Flame Bruiser 1 Orb","floor":37,"turns":6},{"damage":0,"enemies":"Sphere and 2 Shapes","floor":39,"turns":4},{"damage":7,"enemies":"Giant Head","floor":40,"turns":7},{"damage":14,"enemies":"Transient","floor":41,"turns":5},{"damage":6,"enemies":"Maw","floor":45,"turns":6},{"damage":29,"enemies":"Sphere and 2 Shapes","floor":46,"turns":4},{"damage":6,"enemies":"Jaw Worm Horde","floor":48,"turns":2},{"damage":15,"enemies":"Awakened One","floor":50,"turns":8}],"seed_played":"-9146043150043698847","potions_obtained":[{"floor":7,"key":"SkillPotion"},{"floor":10,"key":"LiquidBronze"},{"floor":14,"key":"Weak Potion"},{"floor":16,"key":"Ancient Potion"},{"floor":20,"key":"SmokeBomb"},{"floor":33,"key":"LiquidBronze"},{"floor":35,"key":"Block Potion"},{"floor":40,"key":"GamblersBrew"},{"floor":41,"key":"EssenceOfSteel"},{"floor":48,"key":"PowerPotion"}],"is_trial":false,"path_per_floor":["M","?","M","$","?","R","M","$","T","M","?","M","T","M","R","B",null,"M","$","M","?","M","R","M","R","T","M","M","M","R","M","R","B",null,"M","?","M","?","M","E","M","R","T","?","M","M","R","M","R","B"],"character_chosen":"IRONCLAD","items_purchased":["Corruption","Dead Branch","Shrug It Off","Inflame","Sever Soul","Metallicize"],"campfire_rested":2,"item_purchase_floors":[4,4,4,8,8,19],"current_hp_per_floor":[48,37,38,38,38,62,68,68,68,65,65,71,71,77,77,62,80,80,80,80,64,47,71,80,80,80,83,83,83,83,86,86,65,86,86,86,86,86,86,85,77,86,86,75,75,78,86,86,86,77],"gold":0,"neow_bonus":"TWO_FIFTY_GOLD","is_prod":false,"is_daily":false,"chose_seed":false,"campfire_upgraded":7,"win_rate":0,"timestamp":1535342841,"path_taken":["M","?","M","$","?","R","M","$","T","M","?","M","?","M","R","BOSS","M","$","M","?","M","R","M","R","T","M","M","M","R","M","R","BOSS","M","?","?","?","M","E","M","R","T","?","M","M","R","M","R","BOSS"],"build_version":"2018-08-23v2","purchased_purges":1,"victory":true,"max_hp_per_floor":[80,80,80,80,80,80,80,80,80,80,80,80,80,80,80,80,80,80,80,80,80,80,80,83,83,83,83,83,83,83,86,86,86,86,86,86,86,86,86,86,86,86,86,86,86,86,86,86,86,86],"card_choices":[{"not_picked":["Cleave","Twin Strike"],"picked":"True Grit","floor":1},{"not_picked":["Clash","Anger"],"picked":"Clothesline","floor":3},{"not_picked":["Dual Wield","Searing Blow","Wild Strike"],"picked":"SKIP","floor":7},{"not_picked":["Wild Strike","Evolve"],"picked":"Shockwave","floor":10},{"not_picked":["Flex","Entrench"],"picked":"Havoc","floor":12},{"not_picked":["Twin Strike","Entrench","Intimidate"],"picked":"SKIP","floor":14},{"not_picked":["Fiend Fire","Berserk"],"picked":"Dark Embrace","floor":16},{"not_picked":["Thunderclap+1","Twin Strike+1","Rupture+1"],"picked":"SKIP","floor":18},{"not_picked":["Clash","Twin Strike","Thunderclap"],"picked":"SKIP","floor":20},{"not_picked":["Bloodletting","Havoc+1"],"picked":"Disarm","floor":22},{"not_picked":["Sword Boomerang","Clash"],"picked":"Metallicize+1","floor":24},{"not_picked":["Warcry","Corruption","Pommel Strike"],"picked":"SKIP","floor":27},{"not_picked":["Warcry","Clash","Havoc"],"picked":"SKIP","floor":28},{"not_picked":["Sword Boomerang","Twin Strike"],"picked":"Flame Barrier+1","floor":29},{"not_picked":["Heavy Blade+1","Searing Blow","Intimidate"],"picked":"SKIP","floor":31},{"not_picked":["Double Tap","Bludgeon"],"picked":"Exhume","floor":33},{"not_picked":["Twin Strike","Clothesline+1"],"picked":"Pommel Strike+1","floor":35},{"not_picked":["Flex+1","Ghostly Armor+1"],"picked":"Warcry+1","floor":37},{"not_picked":["Searing Blow+1","Cleave+1"],"picked":"Offering","floor":39},{"not_picked":["Headbutt","Ghostly Armor"],"picked":"Power Through+1","floor":40},{"not_picked":["Infernal Blade+1","Blood for Blood+1"],"picked":"Battle Trance","floor":41},{"not_picked":["Carnage+1","Shockwave+1"],"picked":"Feel No Pain+1","floor":45},{"not_picked":["Sword Boomerang","Twin Strike"],"picked":"Armaments+1","floor":46},{"not_picked":["Body Slam","Carnage"],"picked":"True Grit+1","floor":48}],"player_experience":346294,"relics_obtained":[{"floor":9,"key":"Nunchaku"},{"floor":13,"key":"Anchor"},{"floor":21,"key":"Enchiridion"},{"floor":26,"key":"Gremlin Horn"},{"floor":40,"key":"Paper Frog"},{"floor":43,"key":"Pen Nib"}],"event_choices":[{"event_name":"World of Goop","player_choice":"Gather Gold","floor":2,"damage_taken":0},{"event_name":"Golden Wing","player_choice":"Gained Gold","floor":5,"damage_taken":0},{"event_name":"Liars Game","player_choice":"disagreed","floor":11,"damage_taken":0},{"event_name":"Cursed Tome","player_choice":"Obtained Book","floor":21,"damage_taken":0},{"event_name":"Mysterious Sphere","player_choice":"Ignore","floor":36,"damage_taken":0},{"event_name":"Tomb of Lord Red Mask","player_choice":"Paid","floor":38,"damage_taken":0},{"event_name":"Winding Halls","player_choice":"Embrace Madness","floor":44,"damage_taken":0}],"is_beta":true,"boss_relics":[{"not_picked":["Mark of Pain","Velvet Choker"],"picked":"Ectoplasm"},{"not_picked":["Astrolabe","Empty Cage"],"picked":"Eternal Feather"}],"items_purged_floors":[19],"is_endless":false,"potions_floor_spawned":[7,10,14,16,20,22,33,35,37,40,41,48],"ascension_level":0}