{"gold_per_floor":[118,130,145,95,112,112,144,158,235,245,261,261,281,291,291,395,395,415,615,615,388,388,370,174,190,190,190,190,190,216,233,233,330,330,347,347,347,91,39,39,54,54,108,108,108,128,128,148,148,148],"floor_reached":51,"playtime":4259,"items_purged":[],"score":644,"play_id":"7411e837-977b-44f3-a612-048406922d98","local_time":"20181014154603","is_ascension_mode":false,"campfire_choices":[{"data":"Cold Snap","floor":6,"key":"SMITH"},{"floor":12,"key":"REST"},{"data":"Defragment","floor":15,"key":"SMITH"},{"data":"Electrodynamics","floor":28,"key":"SMITH"},{"data":"Go for the Eyes","floor":32,"key":"SMITH"},{"data":"Fission","floor":40,"key":"SMITH"},{"data":"Blizzard","floor":42,"key":"SMITH"},{"data":"Defragment","floor":44,"key":"SMITH"},{"data":"Darkness","floor":49,"key":"SMITH"}],"neow_cost":"NONE","seed_source_timestamp":404919829827510,"circlet_count":0,"master_deck":["Strike_B","Strike_B","Strike_B","Defend_B","Defend_B","Defend_B","Defend_B","Zap+1","Dualcast","Cold Snap+1","Chill","Conserve Battery","Darkness+1","Streamline","Coolheaded","Ball Lightning","Defragment+1","Seek","Electrodynamics+1","Compile Driver","Leap","Go for the Eyes+1","Cold Snap","Glacier+1","FTL+1","Fission+1","Barrage","Transmutation","Magnetism","Defragment+1","Blizzard+1","Capacitor","Ball Lightning","Cloak And Dagger","Loop+1"],"relics":["Cracked Core","Juzu Bracelet","Tiny Chest","Eternal Feather","Nilry\u0027s Codex","Membership Card","Bottled Tornado","Bronze Scales","Pantograph","Meat on the Bone","Question Card","Inserter","Kunai","Medical Kit","Centennial Puzzle"],"potions_floor_usage":[7,16,30,41,50,50],"damage_taken":[{"damage":10,"enemies":"Jaw Worm","floor":1,"turns":4},{"damage":3,"enemies":"Small Slimes","floor":2,"turns":2},{"damage":0,"enemies":"Cultist","floor":3,"turns":4},{"damage":3,"enemies":"Looter","floor":5,"turns":3},{"damage":21,"enemies":"Gremlin Nob","floor":7,"turns":4},{"damage":0,"enemies":"3 Louse","floor":8,"turns":4},{"damage":0,"enemies":"Blue Slaver","floor":10,"turns":3},{"damage":0,"enemies":"Red Slaver","floor":11,"turns":3},{"damage":3,"enemies":"Exordium Thugs","floor":13,"turns":3},{"damage":8,"enemies":"2 Fungi Beasts","floor":14,"turns":3},{"damage":6,"enemies":"Slime Boss","floor":16,"turns":6},{"damage":8,"enemies":"3 Byrds","floor":18,"turns":3},{"damage":17,"enemies":"2 Thieves","floor":23,"turns":4},{"damage":9,"enemies":"Snake Plant","floor":25,"turns":3},{"damage":27,"enemies":"Slavers","floor":30,"turns":3},{"damage":0,"enemies":"Centurion and Healer","floor":31,"turns":3},{"damage":43,"enemies":"Automaton","floor":33,"turns":13},{"damage":22,"enemies":"3 Shapes","floor":35,"turns":3},{"damage":7,"enemies":"Orb Walker","floor":41,"turns":3},{"damage":0,"enemies":"3 Darklings","floor":46,"turns":6},{"damage":9,"enemies":"Sphere and 2 Shapes","floor":48,"turns":4},{"damage":43,"enemies":"Time Eater","floor":50,"turns":14}],"seed_played":"-7379268555490510134","potions_obtained":[{"floor":2,"key":"Poison Potion"},{"floor":3,"key":"Ancient Potion"},{"floor":5,"key":"EssenceOfSteel"},{"floor":14,"key":"Dexterity Potion"},{"floor":16,"key":"SpeedPotion"},{"floor":23,"key":"AttackPotion"},{"floor":33,"key":"SpeedPotion"},{"floor":46,"key":"GamblersBrew"},{"floor":48,"key":"Energy Potion"}],"is_trial":false,"path_per_floor":["M","M","M","?","M","R","E","M","T","M","M","R","M","M","R","B",null,"M","?","?","$","?","M","$","M","T","?","R","T","E","M","R","B",null,"M","?","?","$","$","R","M","R","T","R","?","M","?","M","R","B"],"character_chosen":"DEFECT","items_purchased":["Membership Card","Leap","Bottled Tornado","Bronze Scales","Kunai","Defragment","Medical Kit","Blizzard","Capacitor"],"campfire_rested":1,"item_purchase_floors":[21,21,24,24,38,38,38,39,39],"current_hp_per_floor":[65,62,62,62,59,59,38,38,38,38,38,60,57,49,49,43,75,67,67,51,51,75,58,58,49,49,49,61,61,46,46,61,44,75,53,48,48,48,48,66,59,75,75,75,75,75,75,66,75,44],"gold":148,"neow_bonus":"UPGRADE_CARD","is_prod":false,"is_daily":false,"chose_seed":false,"campfire_upgraded":8,"win_rate":0,"timestamp":1539546363,"path_taken":["M","M","M","?","M","R","E","M","T","M","M","R","M","M","R","BOSS","M","?","?","$","?","M","$","M","T","?","R","?","E","M","R","BOSS","M","?","?","?","$","R","M","R","T","R","?","M","?","M","R","BOSS"],"build_version":"2018-10-11","purchased_purges":0,"victory":true,"max_hp_per_floor":[75,75,75,75,75,75,75,75,75,75,75,75,75,75,75,75,75,75,75,75,75,75,75,75,75,75,75,75,75,75,75,75,75,75,75,75,75,75,75,75,75,75,75,75,75,75,75,75,75,75],"card_choices":[{"not_picked":["Conserve Battery","Undo"],"picked":"Cold Snap","floor":1},{"not_picked":["Undo","Static Discharge"],"picked":"Chill","floor":2},{"not_picked":["Rebound","Static Discharge"],"picked":"Conserve Battery","floor":3},{"not_picked":["Thunder Strike","Steam","Stack"],"picked":"SKIP","floor":5},{"not_picked":["Skim","Coolheaded"],"picked":"Darkness","floor":7},{"not_picked":["Rebound","Tempest"],"picked":"Streamline","floor":8},{"not_picked":["BootSequence","Conserve Battery"],"picked":"Coolheaded","floor":10},{"not_picked":["Sweeping Beam","Compile Driver"],"picked":"Ball Lightning","floor":11},{"not_picked":["Conserve Battery","Streamline"],"picked":"Defragment","floor":13},{"not_picked":["Hologram","Streamline"],"picked":"Seek","floor":14},{"not_picked":["Biased Cognition","Reboot"],"picked":"Electrodynamics","floor":16},{"not_picked":["Melter","Rebound"],"picked":"Compile Driver","floor":18},{"not_picked":["Cold Snap+1","Conserve Battery"],"picked":"Go for the Eyes","floor":23},{"not_picked":["Beam Cell+1","Turbo"],"picked":"Cold Snap","floor":25},{"not_picked":["Steam","Hologram"],"picked":"Glacier+1","floor":30},{"not_picked":["Skim","Gash+1","Ball Lightning"],"picked":"FTL+1","floor":31},{"not_picked":["Machine Learning","Hyperbeam","Creative AI"],"picked":"Fission","floor":33},{"not_picked":["Chill+1","Rip and Tear+1","Stack+1"],"picked":"Barrage","floor":35},{"not_picked":["HandOfGreed","Chrysalis","Madness"],"picked":"Transmutation","floor":36},{"not_picked":["Madness","Forethought","Swift Strike"],"picked":"Magnetism","floor":36},{"not_picked":["Capacitor+1","Rip and Tear","Force Field+1"],"picked":"Tempest","floor":41},{"not_picked":["Leap+1","Compile Driver","Melter"],"picked":"Ball Lightning","floor":46},{"not_picked":["Turbo+1","Barrage","Conserve Battery+1"],"picked":"Loop+1","floor":48}],"player_experience":378684,"relics_obtained":[{"floor":7,"key":"Juzu Bracelet"},{"floor":9,"key":"Tiny Chest"},{"floor":20,"key":"Nilry\u0027s Codex"},{"floor":26,"key":"Pantograph"},{"floor":29,"key":"Meat on the Bone"},{"floor":30,"key":"Question Card"},{"floor":43,"key":"Centennial Puzzle"}],"event_choices":[{"event_name":"The Cleric","player_choice":"Card Removal","floor":4,"damage_taken":0},{"event_name":"Wheel of Change","player_choice":"Gold","floor":19,"damage_taken":0},{"event_name":"Cursed Tome","player_choice":"Obtained Book","floor":20,"damage_taken":0},{"event_name":"The Library","player_choice":"Heal","floor":22,"damage_taken":0},{"event_name":"N\u0027loth","player_choice":"Ignored","floor":27,"damage_taken":0},{"event_name":"SensoryStone","player_choice":"Memory 2","floor":36,"damage_taken":0},{"event_name":"Tomb of Lord Red Mask","player_choice":"Ignored","floor":37,"damage_taken":0},{"event_name":"Mysterious Sphere","player_choice":"Ignore","floor":45,"damage_taken":0},{"event_name":"NoteForYourself","player_choice":"Took Card","floor":47,"damage_taken":0}],"is_beta":true,"boss_relics":[{"not_picked":["Tiny House","Pandora\u0027s Box"],"picked":"Eternal Feather"},{"not_picked":["Cursed Key","Black Star"],"picked":"Inserter"}],"items_purged_floors":[],"is_endless":false,"potions_floor_spawned":[2,3,5,14,16,23,33,46,48],"ascension_level":0}