{"gold_per_floor":[362,271,283,25,35,35,62,62,62,81,81,111,111,126,126,231,231],"floor_reached":17,"playtime":576,"items_purged":[],"score":285,"play_id":"90dfb7e1-c805-42f9-817a-f0d47ec51677","local_time":"20180717004445","is_ascension_mode":true,"campfire_choices":[{"data":"Discovery","floor":6,"key":"SMITH"},{"data":"Perfected Strike","floor":8,"key":"SMITH"},{"data":"Perfected Strike","floor":13,"key":"SMITH"},{"data":"Clothesline","floor":15,"key":"SMITH"}],"neow_cost":"TEN_PERCENT_HP_LOSS","seed_source_timestamp":0,"circlet_count":0,"master_deck":["Strike_R","Strike_R","Strike_R","Strike_R","Strike_R","Defend_R","Defend_R","Bash","AscendersBane","Perfected Strike+1","Discovery+1","Corruption","Perfected Strike+1","Clothesline+1","Iron Wave","Exhume","Thunderclap","Bludgeon"],"relics":["Burning Blood","Shuriken","Matryoshka","Paper Frog","Boot","Omamori","Empty Cage"],"potions_floor_usage":[7],"damage_taken":[{"damage":2,"enemies":"2 Louse","floor":1,"turns":4},{"damage":0,"enemies":"Jaw Worm","floor":3,"turns":1},{"damage":10,"enemies":"Small Slimes","floor":5,"turns":4},{"damage":0,"enemies":"Gremlin Nob","floor":7,"turns":2},{"damage":6,"enemies":"Looter","floor":10,"turns":2},{"damage":12,"enemies":"3 Sentries","floor":12,"turns":4},{"damage":14,"enemies":"Exordium Thugs","floor":14,"turns":5},{"damage":44,"enemies":"The Guardian","floor":16,"turns":13}],"seed_played":"-6083575889668328739","potions_obtained":[{"floor":3,"key":"FearPotion"},{"floor":7,"key":"GamblersBrew"},{"floor":12,"key":"SkillPotion"},{"floor":16,"key":"Fruit Juice"}],"is_trial":false,"path_per_floor":["M","$","M","$","M","R","E","R","T","M","?","E","R","M","R","B"],"character_chosen":"IRONCLAD","items_purchased":["Discovery","Shuriken"],"campfire_rested":0,"item_purchase_floors":[2,4],"current_hp_per_floor":[72,72,72,72,68,68,72,72,72,72,77,71,71,63,63,25,64],"gold":231,"neow_bonus":"TWO_FIFTY_GOLD","is_prod":false,"is_daily":false,"chose_seed":true,"campfire_upgraded":4,"win_rate":0,"timestamp":1531813485,"path_taken":["M","$","M","$","M","R","E","R","T","M","?","E","R","M","R","BOSS"],"build_version":"2018-07-16","purchased_purges":0,"victory":false,"max_hp_per_floor":[72,72,72,72,72,72,72,72,72,72,77,77,77,77,77,77,77],"card_choices":[{"not_picked":["Wild Strike","Clash"],"picked":"Perfected Strike","floor":1},{"not_picked":["Havoc","Iron Wave"],"picked":"Corruption","floor":3},{"not_picked":["Fire Breathing","Anger"],"picked":"Perfected Strike","floor":5},{"not_picked":["Entrench","Intimidate"],"picked":"Clothesline","floor":7},{"not_picked":["Reckless Charge","Corruption"],"picked":"Iron Wave","floor":10},{"not_picked":["Clash","Cleave"],"picked":"Exhume","floor":12},{"not_picked":["Clash","Pommel Strike"],"picked":"Thunderclap","floor":14},{"not_picked":["Reaper","Berserk"],"picked":"Bludgeon","floor":16}],"player_experience":680752,"relics_obtained":[{"floor":7,"key":"Matryoshka"},{"floor":9,"key":"Paper Frog"},{"floor":9,"key":"Boot"},{"floor":12,"key":"Omamori"}],"event_choices":[{"event_name":"Big Fish","player_choice":"Donut","floor":11,"damage_taken":0}],"boss_relics":[{"not_picked":["Lizard Tail","Runic Pyramid"],"picked":"Empty Cage"}],"items_purged_floors":[],"is_endless":false,"potions_floor_spawned":[3,7,12,16],"ascension_level":10}