{"gold_per_floor":[116,116,133,151,166,197,208,220,220,220,233,251,40,55,55,55],"floor_reached":16,"playtime":1091,"items_purged":["True Grit"],"score":133,"play_id":"8a25b19d-4930-49fb-9286-ec5b16f005db","local_time":"20190705225536","is_ascension_mode":false,"campfire_choices":[{"floor":10.0,"key":"RECALL"},{"data":"Limit Break","floor":15,"key":"SMITH"}],"neow_cost":"CURSE","seed_source_timestamp":0,"circlet_count":0,"master_deck":["Strike_R","Strike_R","Strike_R","Strike_R","Strike_R","Defend_R","Defend_R","Defend_R","Defend_R","Bash","Feel No Pain","Armaments","Twin Strike","Body Slam","Shrug It Off","Offering","Cleave","Sword Boomerang","Limit Break+1","Shrug It Off"],"special_seed":0,"relics":["Burning Blood","Pear"],"potions_floor_usage":[16,16,16],"damage_taken":[{"damage":0.0,"enemies":"Small Slimes","floor":1.0,"turns":4.0},{"damage":1.0,"enemies":"2 Louse","floor":3.0,"turns":5.0},{"damage":0.0,"enemies":"Cultist","floor":4.0,"turns":4.0},{"damage":5.0,"enemies":"Looter","floor":5.0,"turns":4.0},{"damage":49.0,"enemies":"Lagavulin","floor":6.0,"turns":14.0},{"damage":23.0,"enemies":"Gremlin Gang","floor":7.0,"turns":7.0},{"damage":1.0,"enemies":"Red Slaver","floor":8.0,"turns":6.0},{"damage":0.0,"enemies":"Blue Slaver","floor":11.0,"turns":7.0},{"damage":7.0,"enemies":"Exordium Thugs","floor":12.0,"turns":4.0},{"damage":9,"enemies":"Red Slaver","floor":14,"turns":3},{"damage":54,"enemies":"Slime Boss","floor":16,"turns":12}],"seed_played":"-6441159644861072233","potions_obtained":[{"floor":6.0,"key":"Swift Potion"},{"floor":7.0,"key":"Swift Potion"},{"floor":8.0,"key":"Weak Potion"},{"floor":11.0,"key":"Energy Potion"}],"is_trial":false,"path_per_floor":["M","?","M","M","M","E","M","M","T","R","M","M","$","M","R","B"],"character_chosen":"IRONCLAD","items_purchased":["Limit Break"],"campfire_rested":0,"item_purchase_floors":[13],"current_hp_per_floor":[96,96,96,96,96,63,46,51,51,51,57,56,56,53,53,0],"gold":55,"neow_bonus":"TWENTY_PERCENT_HP_BONUS","is_prod":false,"is_daily":false,"chose_seed":false,"campfire_upgraded":1,"win_rate":0,"timestamp":1562334936,"path_taken":["M","?","M","M","M","E","M","M","T","R","M","M","$","M","R","BOSS"],"build_version":"2019-07-01","purchased_purges":1,"victory":false,"max_hp_per_floor":[96,96,96,96,96,106,106,106,106,106,106,106,106,106,106,106],"card_choices":[{"not_picked":["Clothesline","Armaments"],"picked":"True Grit","floor":1.0},{"not_picked":["Anger","Dual Wield"],"picked":"Feel No Pain","floor":3.0},{"not_picked":["Entrench","Carnage"],"picked":"Armaments","floor":4.0},{"not_picked":["Headbutt","Ghostly Armor"],"picked":"Twin Strike","floor":5.0},{"not_picked":["Rupture","Headbutt"],"picked":"Body Slam","floor":6.0},{"not_picked":["Cleave","Shockwave"],"picked":"Shrug It Off","floor":7.0},{"not_picked":["Body Slam","Perfected Strike"],"picked":"Offering","floor":8.0},{"not_picked":["Anger","Shockwave"],"picked":"Cleave","floor":11.0},{"not_picked":["Twin Strike","Corruption"],"picked":"Sword Boomerang","floor":12.0},{"not_picked":["Sword Boomerang","Iron Wave"],"picked":"Shrug It Off","floor":14}],"player_experience":31806,"relics_obtained":[{"floor":6.0,"key":"Pear"}],"event_choices":[{"cards_removed":["Injury"],"damage_healed":0.0,"max_hp_gain":0.0,"max_hp_loss":0.0,"gold_gain":0.0,"event_name":"Living Wall","player_choice":"Forget","floor":2.0,"gold_loss":0.0,"damage_taken":0.0}],"is_beta":false,"boss_relics":[],"items_purged_floors":[13],"is_endless":false,"potions_floor_spawned":[6,7,8,11,14],"killed_by":"Slime Boss","ascension_level":0}