{"gold_per_floor":[115,115,40,53,53,53,79,96,96,96,96,139,169],"floor_reached":13,"playtime":322,"items_purged":[],"score":182,"play_id":"86673165-cd27-4874-9507-406f347f9ad1","local_time":"20190315173754","is_ascension_mode":true,"campfire_choices":[{"data":"Bash","floor":6,"key":"SMITH"},{"data":"Armaments","floor":11,"key":"SMITH"}],"neow_cost":"NONE","seed_source_timestamp":17042660843340,"circlet_count":0,"master_deck":["AscendersBane","Strike_R","Strike_R","Strike_R","Strike_R","Defend_R","Defend_R","Defend_R","Defend_R","Bash+1","Clothesline","Battle Trance","Armaments+1","Anger","Shrug It Off"],"relics":["Black Star","FaceOfCleric","Pear","Shuriken","Juzu Bracelet","Golden Idol","Bag of Marbles","Anchor"],"potions_floor_usage":[12],"damage_taken":[{"damage":7,"enemies":"2 Louse","floor":1,"turns":4},{"damage":4,"enemies":"Small Slimes","floor":4,"turns":4},{"damage":60,"enemies":"3 Sentries","floor":7,"turns":13},{"damage":0,"enemies":"Cultist","floor":8,"turns":4},{"damage":6,"enemies":"Gremlin Nob","floor":12,"turns":3},{"damage":20,"enemies":"Gremlin Nob","floor":13,"turns":3}],"seed_played":"7118638108863892410","potions_obtained":[{"floor":7,"key":"SteroidPotion"},{"floor":12,"key":"Dexterity Potion"}],"is_trial":false,"path_per_floor":["M","?","?","M","?","R","E","M","T","?","R","E","?"],"character_chosen":"IRONCLAD","items_purchased":[],"campfire_rested":0,"item_purchase_floors":[],"current_hp_per_floor":[61,66,66,62,62,62,13,14,14,14,14,9,0],"gold":169,"neow_bonus":"BOSS_RELIC","is_prod":false,"is_daily":false,"chose_seed":false,"campfire_upgraded":2,"win_rate":0,"timestamp":1552696674,"path_taken":["M","?","?","M","?","R","E","M","T","?","R","E","?"],"build_version":"2019-02-06","purchased_purges":0,"victory":false,"max_hp_per_floor":[75,80,80,80,80,80,91,92,92,83,83,84,84],"card_choices":[{"not_picked":["Cleave","Rupture"],"picked":"Clothesline","floor":1},{"not_picked":["Dual Wield","Pommel Strike"],"picked":"Battle Trance","floor":4},{"not_picked":["Shrug It Off","Dark Embrace"],"picked":"Armaments","floor":7},{"not_picked":["Flame Barrier","Intimidate"],"picked":"Anger","floor":8},{"not_picked":["Disarm","Armaments"],"picked":"Shrug It Off","floor":12}],"player_experience":1304527,"relics_obtained":[{"floor":7,"key":"Pear"},{"floor":7,"key":"Shuriken"},{"floor":9,"key":"Juzu Bracelet"},{"floor":12,"key":"Bag of Marbles"},{"floor":12,"key":"Anchor"}],"event_choices":[{"damage_healed":0,"gold_gain":0,"player_choice":"Donut","damage_taken":0,"max_hp_gain":5,"max_hp_loss":0,"event_name":"Big Fish","floor":2,"gold_loss":0},{"cards_removed":["Strike_R"],"damage_healed":0,"gold_gain":0,"player_choice":"Card Removal","damage_taken":0,"max_hp_gain":0,"max_hp_loss":0,"event_name":"The Cleric","floor":3,"gold_loss":75},{"damage_healed":0,"gold_gain":0,"player_choice":"Trade","damage_taken":0,"relics_obtained":["FaceOfCleric"],"max_hp_gain":0,"max_hp_loss":0,"event_name":"FaceTrader","floor":5,"gold_loss":0},{"damage_healed":0,"gold_gain":0,"player_choice":"Lose Max HP","damage_taken":0,"relics_obtained":["Golden Idol"],"max_hp_gain":0,"max_hp_loss":9,"event_name":"Golden Idol","floor":10,"gold_loss":0},{"damage_healed":0,"gold_gain":30,"player_choice":"Searched \u00272\u0027 times","damage_taken":0,"max_hp_gain":0,"max_hp_loss":0,"event_name":"Dead Adventurer","floor":13,"gold_loss":0}],"is_beta":true,"boss_relics":[],"items_purged_floors":[],"is_endless":false,"potions_floor_spawned":[7,12],"killed_by":"Gremlin Nob","ascension_level":20}