{"gold_per_floor":[112,131,131,142,159,491,491,517,517,530,530],"floor_reached":11,"playtime":329,"items_purged":[],"score":170,"play_id":"f91f38d5-c1b9-4a0f-8e90-b4dc478cb6ef","local_time":"20190410120555","is_ascension_mode":true,"campfire_choices":[{"data":"True Grit","floor":7,"key":"SMITH"}],"neow_cost":"NONE","seed_source_timestamp":3421513931138,"circlet_count":0,"master_deck":["AscendersBane","Strike_R","Strike_R","Strike_R+1","Defend_R","Defend_R","Defend_R","Bash+1","Entrench+1","Juggernaut+1","Clothesline+1","Metallicize","True Grit+1","Rage","True Grit","Corruption"],"special_seed":0,"relics":["Astrolabe","Old Coin","Smiling Mask","Whetstone"],"potions_floor_usage":[6,10],"damage_taken":[{"damage":0.0,"enemies":"Cultist","floor":1.0,"turns":4.0},{"damage":22.0,"enemies":"Small Slimes","floor":2.0,"turns":5.0},{"damage":3,"enemies":"2 Louse","floor":4,"turns":3},{"damage":3,"enemies":"2 Fungi Beasts","floor":5,"turns":5},{"damage":17,"enemies":"Gremlin Nob","floor":6,"turns":4},{"damage":3,"enemies":"Lagavulin","floor":8,"turns":6},{"damage":0,"enemies":"3 Louse","floor":10,"turns":3},{"damage":18,"enemies":"Gremlin Nob","floor":11,"turns":4}],"seed_played":"-8139482572530093242","potions_obtained":[{"floor":2.0,"key":"Strength Potion"},{"floor":6,"key":"Explosive Potion"}],"is_trial":false,"path_per_floor":["M","M","?","M","M","E","R","E","T","M","E"],"character_chosen":"IRONCLAD","items_purchased":[],"campfire_rested":0,"item_purchase_floors":[],"current_hp_per_floor":[68,46,46,43,40,23,23,20,20,20,2],"gold":530,"neow_bonus":"BOSS_RELIC","is_prod":false,"is_daily":false,"chose_seed":false,"campfire_upgraded":1,"win_rate":0,"timestamp":1554923155,"path_taken":["M","?","?","M","?","E","R","E","T","M","E"],"build_version":"2019-04-04","purchased_purges":0,"victory":false,"max_hp_per_floor":[75,75,75,75,75,75,75,75,75,75,75],"card_choices":[{"not_picked":["Clash","Twin Strike"],"picked":"Metallicize","floor":1.0},{"not_picked":["Body Slam","Wild Strike"],"picked":"True Grit","floor":2.0},{"not_picked":["Headbutt","Warcry"],"picked":"Rage","floor":4},{"not_picked":["Fire Breathing","Blood for Blood"],"picked":"True Grit","floor":5},{"not_picked":["Sword Boomerang","Twin Strike"],"picked":"Corruption","floor":10}],"player_experience":1407515,"relics_obtained":[{"floor":6,"key":"Old Coin"},{"floor":8,"key":"Smiling Mask"},{"floor":9,"key":"Whetstone"}],"event_choices":[{"damage_healed":0,"gold_gain":0,"player_choice":"0 cards matched","damage_taken":0,"max_hp_gain":0,"max_hp_loss":0,"event_name":"Match and Keep!","floor":3,"gold_loss":0,"cards_obtained":[]}],"is_beta":true,"boss_relics":[],"items_purged_floors":[],"is_endless":false,"potions_floor_spawned":[2,6],"killed_by":"Gremlin Nob","ascension_level":20}