{"path_per_floor":["M","M","M","M","M","R","M","?","T","$","M","M","M","M","R","B",null,"M","?","$","M","$","R","M","M","T","R","T","E","R","M","R"],"character_chosen":"IRONCLAD","items_purchased":["Bronze Scales","Shrug It Off","Sever Soul"],"gold_per_floor":[118,130,147,167,187,187,199,199,252,30,44,59,69,88,88,193,193,203,403,255,265,106,106,124,134,160,160,209,236,236,253,253,253],"floor_reached":33,"campfire_rested":3,"playtime":2032,"item_purchase_floors":[10,20,22],"current_hp_per_floor":[80,80,80,73,57,57,57,41,41,41,25,16,13,12,36,23,80,69,69,69,62,62,62,30,27,27,51,51,53,53,22,61,0],"items_purged":["Strike_R","Strike_R","Strike_R"],"gold":253,"score":265,"play_id":"b3172e4c-49af-4711-a79c-ce73d70c7c83","local_time":"20180614195112","is_prod":false,"is_daily":false,"chose_seed":false,"is_ascension_mode":false,"campfire_upgraded":3,"win_rate":0,"timestamp":1529020272,"campfire_choices":[{"data":"Body Slam","floor":6,"key":"SMITH"},{"floor":15,"key":"REST"},{"data":"Shrug It Off","floor":23,"key":"SMITH"},{"floor":27,"key":"REST"},{"data":"Battle Trance","floor":30,"key":"SMITH"},{"floor":32,"key":"REST"}],"path_taken":["M","M","?","M","M","R","M","?","T","$","M","M","M","M","R","BOSS","M","?","$","?","$","R","M","M","T","R","?","E","R","M","R","BOSS"],"build_version":"2018-06-07v3","seed_source_timestamp":80101410671416,"purchased_purges":3,"victory":false,"master_deck":["Strike_R","Strike_R+1","Defend_R","Defend_R","Defend_R","Defend_R","Bash","Body Slam+1","Headbutt","Battle Trance+1","Shockwave+1","Whirlwind","Disarm","Dropkick","Clash","Double Tap","Shrug It Off+1","Dropkick","Sever Soul","Seeing Red+1","Inflame","Warcry","Feel No Pain+1"],"max_hp_per_floor":[80,80,80,80,80,80,80,80,80,80,80,80,80,80,80,80,80,80,80,80,80,80,80,80,80,80,80,80,80,80,80,80,80],"relics":["Burning Blood","Tiny Chest","Bronze Scales","Runic Cube","Anchor","Lantern","Regal Pillow"],"card_choices":[{"not_picked":["Burning Pact","Uppercut"],"picked":"Body Slam","floor":1},{"not_picked":["Intimidate","Rampage"],"picked":"Headbutt","floor":2},{"not_picked":["Cleave","Twin Strike","Warcry"],"picked":"SKIP","floor":3},{"not_picked":["Headbutt","Wild Strike"],"picked":"Battle Trance","floor":4},{"not_picked":["Power Through","Immolate"],"picked":"Shockwave","floor":5},{"not_picked":["Power Through","Perfected Strike"],"picked":"Whirlwind","floor":7},{"not_picked":["Hemokinesis","Armaments"],"picked":"Disarm","floor":11},{"not_picked":["Anger","Thunderclap"],"picked":"Dropkick","floor":12},{"not_picked":["Iron Wave","Fire Breathing","Rupture"],"picked":"SKIP","floor":13},{"not_picked":["Wild Strike","Searing Blow"],"picked":"Clash","floor":14},{"not_picked":["Impervious","Immolate"],"picked":"Double Tap","floor":16},{"not_picked":["Carnage","Iron Wave","Fire Breathing"],"picked":"SKIP","floor":18},{"not_picked":["Combust","Cleave"],"picked":"Dropkick","floor":21},{"not_picked":["Perfected Strike","Iron Wave+1"],"picked":"Seeing Red+1","floor":24},{"not_picked":["Thunderclap","Headbutt"],"picked":"Inflame","floor":25},{"not_picked":["Combust","Wild Strike+1"],"picked":"Warcry","floor":29},{"not_picked":["Rupture+1","Cleave+1"],"picked":"Feel No Pain+1","floor":31}],"player_experience":101185,"potions_floor_usage":[12,16,24,33,33],"damage_taken":[{"damage":6,"enemies":"Cultist","floor":1,"turns":3},{"damage":1,"enemies":"Jaw Worm","floor":2,"turns":3},{"damage":5,"enemies":"Small Slimes","floor":3,"turns":4},{"damage":13,"enemies":"3 Louse","floor":4,"turns":5},{"damage":22,"enemies":"Red Slaver","floor":5,"turns":5},{"damage":6,"enemies":"Exordium Thugs","floor":7,"turns":4},{"damage":22,"enemies":"Exordium Wildlife","floor":11,"turns":4},{"damage":15,"enemies":"Gremlin Gang","floor":12,"turns":5},{"damage":9,"enemies":"Blue Slaver","floor":13,"turns":4},{"damage":7,"enemies":"2 Fungi Beasts","floor":14,"turns":3},{"damage":19,"enemies":"The Guardian","floor":16,"turns":9},{"damage":17,"enemies":"Spheric Guardian","floor":18,"turns":4},{"damage":13,"enemies":"Chosen","floor":21,"turns":5},{"damage":46,"enemies":"Sentry and Sphere","floor":24,"turns":9},{"damage":9,"enemies":"Snake Plant","floor":25,"turns":3},{"damage":4,"enemies":"Book of Stabbing","floor":29,"turns":4},{"damage":37,"enemies":"Slaver and Parasite","floor":31,"turns":6},{"damage":74,"enemies":"Champ","floor":33,"turns":12}],"relics_obtained":[{"floor":9,"key":"Tiny Chest"},{"floor":26,"key":"Anchor"},{"floor":28,"key":"Lantern"},{"floor":29,"key":"Regal Pillow"}],"event_choices":[{"event_name":"Shining Light","player_choice":"Entered Light","floor":8,"damage_taken":0},{"event_name":"Wheel of Change","player_choice":"Gold","floor":19,"damage_taken":0}],"boss_relics":[{"not_picked":["Cursed Key","Ectoplasm"],"picked":"Runic Cube"}],"items_purged_floors":[10,20,22],"potions_floor_spawned":[1,7,11,12,13,14,21,24],"seed_played":"-619366703639743031","killed_by":"Champ","ascension_level":0,"potions_obtained":[{"floor":1,"key":"FairyPotion"},{"floor":7,"key":"Dexterity Potion"},{"floor":11,"key":"FearPotion"},{"floor":12,"key":"PowerPotion"},{"floor":14,"key":"Dexterity Potion"},{"floor":21,"key":"BloodPotion"},{"floor":24,"key":"Weak Potion"}],"is_trial":false}