{"gold_per_floor":[12,26,46,46,46,71,71,83,136,12,30,30,50,50,50,50],"floor_reached":16,"playtime":1286,"items_purged":["Strike_R"],"score":158,"play_id":"836dc4f1-56d4-456c-8db9-a121313bfbc3","local_time":"20190828220606","is_ascension_mode":true,"campfire_choices":[{"data":"Body Slam","floor":7,"key":"SMITH"},{"data":"Shockwave","floor":12,"key":"SMITH"},{"floor":15,"key":"REST"}],"neow_cost":"NO_GOLD","seed_source_timestamp":277684684399105,"circlet_count":0,"master_deck":["Strike_R+1","Strike_R","Strike_R","Strike_R","Defend_R","Defend_R","Defend_R","Defend_R+1","Bash","Sword Boomerang","Heavy Blade","Body Slam+1","Shockwave+1","Headbutt","Iron Wave"],"relics":["Burning Blood","Bottled Flame","Bag of Preparation"],"potions_floor_usage":[8,11,11],"damage_taken":[{"damage":13,"enemies":"Jaw Worm","floor":1,"turns":4},{"damage":3,"enemies":"2 Louse","floor":2,"turns":3},{"damage":1,"enemies":"Cultist","floor":3,"turns":4},{"damage":44,"enemies":"3 Sentries","floor":6,"turns":11},{"damage":14,"enemies":"Exordium Thugs","floor":8,"turns":4},{"damage":3,"enemies":"Blue Slaver","floor":11,"turns":2},{"damage":0,"enemies":"3 Louse","floor":13,"turns":3},{"damage":62,"enemies":"Hexaghost","floor":16,"turns":9}],"seed_played":"-2023345487906618262","potions_obtained":[{"floor":2,"key":"Fire Potion"},{"floor":8,"key":"Strength Potion"}],"is_trial":false,"path_per_floor":["M","M","M","?","?","E","R","M","T","$","M","R","M","$","R","B"],"character_chosen":"IRONCLAD","items_purchased":["Explosive Potion"],"campfire_rested":1,"item_purchase_floors":[10],"current_hp_per_floor":[81,84,89,70,70,32,32,24,24,24,27,27,33,33,61,0],"gold":50,"neow_bonus":"TWENTY_PERCENT_HP_BONUS","is_prod":false,"is_daily":false,"chose_seed":false,"campfire_upgraded":2,"win_rate":0,"timestamp":1567022766,"path_taken":["M","M","M","?","?","E","R","M","T","?","M","R","M","$","R","BOSS"],"build_version":"2019-07-17","purchased_purges":1,"victory":false,"max_hp_per_floor":[96,96,96,96,96,96,96,96,96,96,96,96,96,96,96,96],"card_choices":[{"not_picked":["Combust","Anger"],"picked":"Sword Boomerang","floor":1},{"not_picked":["Feel No Pain","Pommel Strike"],"picked":"Heavy Blade","floor":2},{"not_picked":["Havoc","Evolve"],"picked":"Body Slam","floor":3},{"not_picked":["Clash","Burning Pact"],"picked":"Shockwave","floor":6},{"not_picked":["Twin Strike","Flex"],"picked":"Headbutt","floor":8},{"not_picked":["Flame Barrier","Fire Breathing"],"picked":"Iron Wave","floor":11},{"not_picked":["Headbutt","Shockwave","Anger"],"picked":"SKIP","floor":13}],"player_experience":431382,"relics_obtained":[{"floor":6,"key":"Bottled Flame"},{"floor":9,"key":"Bag of Preparation"}],"event_choices":[{"damage_healed":0,"gold_gain":0,"player_choice":"Entered Light","damage_taken":19,"max_hp_gain":0,"max_hp_loss":0,"event_name":"Shining Light","floor":4,"gold_loss":0,"cards_upgraded":["Defend_R","Strike_R"]},{"damage_healed":0,"gold_gain":0,"player_choice":"Ignored","damage_taken":0,"max_hp_gain":0,"max_hp_loss":0,"event_name":"Liars Game","floor":5,"gold_loss":0}],"is_beta":false,"boss_relics":[],"items_purged_floors":[10],"is_endless":false,"potions_floor_spawned":[2,8],"killed_by":"Hexaghost","ascension_level":6}