{"gold_per_floor":[112,112,112,123,140,175,175,210,210,224,249,249,263,263,263,263],"floor_reached":16,"playtime":421,"items_purged":[],"score":290,"play_id":"4c59dc76-2a09-40b6-a929-0f52f08f7653","local_time":"20190301152125","is_ascension_mode":true,"campfire_choices":[{"data":"Streamline","floor":7,"key":"SMITH"},{"data":"Beam Cell","floor":12,"key":"SMITH"},{"data":"Beam Cell","floor":15,"key":"SMITH"}],"neow_cost":"NONE","seed_source_timestamp":9729397026071,"circlet_count":0,"master_deck":["AscendersBane","Strike_B","Strike_B","Strike_B","Defend_B","Defend_B","Defend_B","Defend_B","Zap","Dualcast","Cold Snap","Streamline+1","Ball Lightning","Beam Cell+1","Beam Cell+1","Doom and Gloom","Conserve Battery","Cold Snap"],"relics":["Runic Dome","Bottled Flame","Peace Pipe","Thread and Needle","Gambling Chip","Golden Idol"],"potions_floor_usage":[6,16],"damage_taken":[{"damage":11,"enemies":"Jaw Worm","floor":1,"turns":6},{"damage":2,"enemies":"Small Slimes","floor":4,"turns":4},{"damage":0,"enemies":"Cultist","floor":5,"turns":4},{"damage":21,"enemies":"3 Sentries","floor":6,"turns":9},{"damage":13,"enemies":"Lagavulin","floor":8,"turns":5},{"damage":2,"enemies":"Looter","floor":10,"turns":3},{"damage":0,"enemies":"Gremlin Nob","floor":11,"turns":2},{"damage":0,"enemies":"Large Slime","floor":13,"turns":2},{"damage":20,"enemies":"The Guardian","floor":16,"turns":7}],"seed_played":"2155852058312802830","potions_obtained":[{"floor":4,"key":"Dexterity Potion"},{"floor":11,"key":"Energy Potion"},{"floor":13,"key":"Poison Potion"}],"is_trial":false,"path_per_floor":["M","?","?","M","M","E","R","E","T","M","E","R","M","?","R","B"],"character_chosen":"DEFECT","items_purchased":[],"campfire_rested":0,"item_purchase_floors":[],"current_hp_per_floor":[53,58,51,49,49,28,28,15,15,13,13,13,13,13,13,0],"gold":263,"neow_bonus":"BOSS_RELIC","is_prod":false,"is_daily":false,"chose_seed":false,"campfire_upgraded":3,"win_rate":0,"timestamp":1551482485,"path_taken":["M","?","?","?","M","E","R","E","T","M","E","R","M","?","R","BOSS"],"build_version":"2019-02-06","purchased_purges":0,"victory":false,"max_hp_per_floor":[71,76,76,76,76,76,76,76,76,76,76,76,76,69,69,69],"card_choices":[{"not_picked":["Streamline","Sweeping Beam"],"picked":"Cold Snap","floor":1},{"not_picked":["Barrage","Recycle"],"picked":"Streamline","floor":4},{"not_picked":["White Noise","Leap"],"picked":"Ball Lightning","floor":5},{"not_picked":["Recycle","Self Repair"],"picked":"Beam Cell","floor":6},{"not_picked":["Stack","Recycle"],"picked":"Beam Cell","floor":8},{"not_picked":["Steam","Creative AI"],"picked":"Doom and Gloom","floor":10},{"not_picked":["Leap","Steam Power"],"picked":"Conserve Battery","floor":11},{"not_picked":["Turbo","Scrape"],"picked":"Cold Snap","floor":13}],"player_experience":1257512,"relics_obtained":[{"floor":6,"key":"Bottled Flame"},{"floor":8,"key":"Peace Pipe"},{"floor":9,"key":"Thread and Needle"},{"floor":11,"key":"Gambling Chip"}],"event_choices":[{"damage_healed":0,"gold_gain":0,"player_choice":"Donut","damage_taken":0,"max_hp_gain":5,"max_hp_loss":0,"event_name":"Big Fish","floor":2,"gold_loss":0},{"cards_removed":["Strike_B"],"damage_healed":0,"gold_gain":0,"player_choice":"Card Removal","damage_taken":7,"max_hp_gain":0,"max_hp_loss":0,"event_name":"Golden Wing","floor":3,"gold_loss":0},{"damage_healed":0,"gold_gain":0,"player_choice":"Lose Max HP","damage_taken":0,"relics_obtained":["Golden Idol"],"max_hp_gain":0,"max_hp_loss":7,"event_name":"Golden Idol","floor":14,"gold_loss":0}],"is_beta":true,"boss_relics":[],"items_purged_floors":[],"is_endless":false,"potions_floor_spawned":[4,11,13],"killed_by":"The Guardian","ascension_level":20}