{"gold_per_floor":[216,216,226,9,29,29,63,63,63,73,73],"floor_reached":11,"playtime":565,"items_purged":[],"score":135,"play_id":"661a9bdf-6e2e-49f8-8c95-b5a1040eec7d","local_time":"20190825000457","is_ascension_mode":true,"campfire_choices":[{"data":"Zap","floor":6,"key":"SMITH"},{"data":"Ball Lightning","floor":8,"key":"SMITH"}],"neow_cost":"NONE","seed_source_timestamp":50294585697729,"circlet_count":0,"master_deck":["AscendersBane","Strike_B","Strike_B","Strike_B","Strike_B","Defend_B","Defend_B","Defend_B","Defend_B","Zap+1","Dualcast","Glacier","Streamline","Ball Lightning+1","Compile Driver","Redo+1"],"relics":["Cracked Core","Runic Capacitor","Emotion Chip","Toxic Egg 2"],"potions_floor_usage":[7,7],"damage_taken":[{"damage":6,"enemies":"2 Louse","floor":1,"turns":3},{"damage":6,"enemies":"Cultist","floor":3,"turns":4},{"damage":6,"enemies":"Small Slimes","floor":5,"turns":3},{"damage":10,"enemies":"Gremlin Nob","floor":7,"turns":4},{"damage":7,"enemies":"Looter","floor":10,"turns":3},{"damage":33,"enemies":"Gremlin Gang","floor":11,"turns":3}],"seed_played":"-243555590790513585","potions_obtained":[{"floor":2,"key":"Block Potion"},{"floor":2,"key":"SpeedPotion"},{"floor":3,"key":"EssenceOfSteel"},{"floor":5,"key":"Energy Potion"}],"is_trial":false,"path_per_floor":["M","?","M","$","M","R","E","R","T","M","M"],"character_chosen":"DEFECT","items_purchased":["Runic Capacitor"],"campfire_rested":0,"item_purchase_floors":[4],"current_hp_per_floor":[58,58,52,52,46,46,36,36,36,29,0],"gold":73,"neow_bonus":"HUNDRED_GOLD","is_prod":false,"is_daily":false,"chose_seed":false,"campfire_upgraded":2,"win_rate":0,"timestamp":1566716697,"path_taken":["M","?","M","$","M","R","E","R","T","?","M"],"build_version":"2019-07-17","purchased_purges":0,"victory":false,"max_hp_per_floor":[71,71,71,71,71,71,71,71,71,71,71],"card_choices":[{"not_picked":["Coolheaded","Leap"],"picked":"Glacier","floor":1},{"not_picked":["Steam","Conserve Battery"],"picked":"Streamline","floor":3},{"not_picked":["Stack","Rebound"],"picked":"Ball Lightning","floor":5},{"not_picked":["Lockon","Rebound"],"picked":"Compile Driver","floor":7},{"not_picked":["Streamline","Turbo+1"],"picked":"Redo+1","floor":10}],"player_experience":701890,"relics_obtained":[{"floor":7,"key":"Emotion Chip"},{"floor":9,"key":"Toxic Egg 2"}],"event_choices":[{"damage_healed":0,"gold_gain":0,"player_choice":"Got Potions","damage_taken":0,"max_hp_gain":0,"max_hp_loss":0,"event_name":"Lab","floor":2,"gold_loss":0}],"is_beta":false,"boss_relics":[],"items_purged_floors":[],"is_endless":false,"potions_floor_spawned":[3,5],"killed_by":"Gremlin Gang","ascension_level":17}