{"gold_per_floor":[112,131,131,206,230,230,26,39,39,79,79,79,119,134,134,230,230,230,230,230,230,230,230,84,84,84,84,84,84,30,30,30,30],"floor_reached":33,"playtime":861,"items_purged":[],"score":796,"play_id":"27bb60a3-9c38-49d2-aac0-75864f2b0355","local_time":"20190309210909","is_ascension_mode":true,"campfire_choices":[{"data":"Armaments","floor":6,"key":"SMITH"},{"data":"Uppercut","floor":12,"key":"SMITH"},{"data":"Armaments","floor":15,"key":"SMITH"},{"data":"Immolate","floor":23,"key":"SMITH"},{"data":"True Grit","floor":25,"key":"SMITH"},{"data":"Armaments","floor":32,"key":"SMITH"}],"neow_cost":"NONE","seed_source_timestamp":9332959880887,"circlet_count":0,"master_deck":["AscendersBane","Strike_R","Strike_R","Strike_R","Strike_R","Strike_R","Defend_R","Defend_R","Defend_R","Defend_R","Bash","Armaments+1","Uppercut+1","Shrug It Off","Clothesline","Whirlwind","Immolate+1","Thunderclap","Uppercut+1","Armaments+1","Offering","Disarm","Power Through","Evolve","True Grit+1","Feed","Armaments+1","Metallicize"],"special_seed":0,"relics":["Orrery","Golden Idol","Meat on the Bone","Singing Bowl","Mango","Ectoplasm","Smiling Mask","Centennial Puzzle","Thread and Needle"],"potions_floor_usage":[10,16,29],"damage_taken":[{"damage":1,"enemies":"Cultist","floor":1,"turns":4},{"damage":1,"enemies":"Jaw Worm","floor":2,"turns":5},{"damage":4,"enemies":"2 Louse","floor":5,"turns":3},{"damage":5,"enemies":"Blue Slaver","floor":8,"turns":3},{"damage":24,"enemies":"Gremlin Nob","floor":10,"turns":4},{"damage":12,"enemies":"3 Sentries","floor":13,"turns":4},{"damage":14,"enemies":"3 Louse","floor":14,"turns":3},{"damage":28,"enemies":"The Guardian","floor":16,"turns":13},{"damage":6,"enemies":"3 Byrds","floor":18,"turns":4},{"damage":0,"enemies":"Spheric Guardian","floor":21,"turns":3},{"damage":6,"enemies":"Gremlin Leader","floor":27,"turns":5},{"damage":12,"enemies":"Shelled Parasite and Fungi","floor":29,"turns":5},{"damage":14,"enemies":"Chosen and Byrds","floor":31,"turns":5},{"damage":19,"enemies":"Champ","floor":33,"turns":12}],"seed_played":"6902953248171665158","potions_obtained":[{"floor":5,"key":"Weak Potion"},{"floor":8,"key":"Swift Potion"},{"floor":10,"key":"Dexterity Potion"},{"floor":31,"key":"SmokeBomb"}],"is_trial":false,"path_per_floor":["M","M","?","?","M","R","$","M","T","E","?","R","E","M","R","B",null,"M","?","?","M","T","R","$","R","T","E","?","M","$","M","R","B"],"character_chosen":"IRONCLAD","items_purchased":["Immolate","Thunderclap","Evolve","True Grit","Armaments"],"campfire_rested":0,"item_purchase_floors":[7,7,24,24,30],"current_hp_per_floor":[67,66,66,55,51,51,51,46,46,36,36,36,50,50,50,34,73,69,69,69,69,69,69,69,69,69,65,65,53,53,55,55,36],"gold":30,"neow_bonus":"BOSS_RELIC","is_prod":false,"is_daily":false,"chose_seed":false,"campfire_upgraded":6,"win_rate":0,"timestamp":1552194549,"path_taken":["M","?","?","?","M","R","$","M","T","E","?","R","E","M","R","BOSS","M","?","?","M","?","R","?","R","T","E","?","M","$","M","R","BOSS"],"build_version":"2019-02-06","purchased_purges":0,"victory":false,"max_hp_per_floor":[75,75,68,68,68,68,68,68,68,70,70,70,84,86,86,86,86,88,88,88,88,88,88,88,88,88,90,90,90,90,94,94,94],"card_choices":[{"not_picked":["Spot Weakness","Clash"],"picked":"Armaments","floor":0.0},{"not_picked":["Searing Blow","Blood for Blood"],"picked":"Uppercut","floor":0.0},{"not_picked":["Burning Pact","Dropkick"],"picked":"Shrug It Off","floor":0.0},{"not_picked":["Armaments","Iron Wave"],"picked":"Clothesline","floor":1},{"not_picked":["Armaments","Sword Boomerang"],"picked":"Whirlwind","floor":2},{"not_picked":["Iron Wave","Whirlwind"],"picked":"Uppercut","floor":8},{"not_picked":["Juggernaut","Pommel Strike","Sever Soul"],"picked":"Singing Bowl","floor":10},{"not_picked":["Clash","Iron Wave"],"picked":"Armaments","floor":13},{"not_picked":["Body Slam","Warcry","Twin Strike"],"picked":"Singing Bowl","floor":14},{"not_picked":["Feed","Bludgeon"],"picked":"Offering","floor":16},{"not_picked":["Clash","Carnage","Heavy Blade+1"],"picked":"Singing Bowl","floor":18},{"not_picked":["Thunderclap","Clash"],"picked":"Power Through","floor":21},{"not_picked":["Sever Soul","Warcry","Wild Strike"],"picked":"Singing Bowl","floor":27},{"not_picked":["Rupture","Infernal Blade"],"picked":"Feed","floor":29},{"not_picked":["Bloodletting","Headbutt"],"picked":"Metallicize","floor":31}],"player_experience":1279499,"relics_obtained":[{"floor":9,"key":"Meat on the Bone"},{"floor":10,"key":"Singing Bowl"},{"floor":13,"key":"Mango"},{"floor":22,"key":"Smiling Mask"},{"floor":26,"key":"Centennial Puzzle"},{"floor":27,"key":"Thread and Needle"}],"event_choices":[{"damage_healed":0,"gold_gain":0,"player_choice":"Lose Max HP","damage_taken":0,"relics_obtained":["Golden Idol"],"max_hp_gain":0,"max_hp_loss":7,"event_name":"Golden Idol","floor":3,"gold_loss":0},{"damage_healed":0,"gold_gain":75,"player_choice":"Gather Gold","damage_taken":11,"max_hp_gain":0,"max_hp_loss":0,"event_name":"World of Goop","floor":4,"gold_loss":0},{"damage_healed":0,"gold_gain":0,"player_choice":"Grow","damage_taken":0,"max_hp_gain":0,"max_hp_loss":0,"event_name":"Living Wall","floor":11,"gold_loss":0,"cards_upgraded":["Uppercut"]},{"damage_healed":0,"gold_gain":0,"player_choice":"Ignored","damage_taken":0,"max_hp_gain":0,"max_hp_loss":0,"event_name":"Beggar","floor":19,"gold_loss":0},{"damage_healed":0,"gold_gain":0,"player_choice":"Read","damage_taken":0,"max_hp_gain":0,"max_hp_loss":0,"event_name":"The Library","floor":20,"gold_loss":0,"cards_obtained":["Disarm"]},{"damage_healed":0,"gold_gain":0,"player_choice":"Ignored","damage_taken":0,"max_hp_gain":0,"max_hp_loss":0,"event_name":"N\u0027loth","floor":28,"gold_loss":0}],"is_beta":true,"boss_relics":[{"not_picked":["Black Star","Runic Dome"],"picked":"Ectoplasm"}],"items_purged_floors":[],"is_endless":false,"potions_floor_spawned":[5,8,10,13,31],"killed_by":"Champ","ascension_level":20}