{"gold_per_floor":[359,509,53,53,70,70,83,108,108,120,145,0,59,78,78,78],"floor_reached":16,"playtime":1434,"items_purged":["Pain","Doubt"],"score":185,"play_id":"a04eb860-849c-4675-a770-2db3ce5326c4","local_time":"20190725203948","is_ascension_mode":true,"campfire_choices":[{"data":"Cloak And Dagger","floor":6,"key":"SMITH"},{"floor":15,"key":"REST"}],"neow_cost":"CURSE","seed_source_timestamp":1350294900235321,"circlet_count":0,"master_deck":["AscendersBane","Strike_G","Strike_G+1","Strike_G+1","Strike_G","Strike_G","Defend_G","Defend_G","Defend_G+1","Defend_G+1","Defend_G","Survivor","Neutralize","Cloak And Dagger+1","Thinking Ahead","Accuracy","Caltrops","Backflip","Dagger Spray","Blur","Leg Sweep"],"relics":["Ring of the Snake","Whetstone","Ornamental Fan","MawBank","Ninja Scroll","Juzu Bracelet"],"potions_floor_usage":[8,8,11,16,16],"damage_taken":[{"damage":4,"enemies":"Small Slimes","floor":1,"turns":5},{"damage":1,"enemies":"Jaw Worm","floor":5,"turns":5},{"damage":0,"enemies":"2 Louse","floor":7,"turns":4},{"damage":14,"enemies":"3 Sentries","floor":8,"turns":10},{"damage":3,"enemies":"Large Slime","floor":11,"turns":5},{"damage":9,"enemies":"3 Sentries","floor":13,"turns":8},{"damage":0,"enemies":"3 Louse","floor":14,"turns":2},{"damage":32,"enemies":"Hexaghost","floor":16,"turns":15}],"seed_played":"-4334753595978447022","potions_obtained":[{"floor":1,"key":"FearPotion"},{"floor":5,"key":"EntropicBrew"},{"floor":8,"key":"GhostInAJar"},{"floor":13,"key":"SneckoOil"}],"is_trial":false,"path_per_floor":["M","?","$","?","M","R","M","E","T","T","M","$","?","M","R","B"],"character_chosen":"THE_SILENT","items_purchased":["Whetstone","Thinking Ahead","Dagger Spray"],"campfire_rested":1,"item_purchase_floors":[3,3,12],"current_hp_per_floor":[55,55,55,35,34,34,34,20,20,20,17,17,8,8,27,0],"gold":78,"neow_bonus":"TWO_FIFTY_GOLD","is_prod":false,"is_daily":false,"chose_seed":false,"campfire_upgraded":1,"win_rate":0,"timestamp":1564105188,"path_taken":["M","?","$","?","M","R","M","E","T","?","M","?","?","M","R","BOSS"],"build_version":"2019-07-17","purchased_purges":2,"victory":false,"max_hp_per_floor":[66,66,66,66,66,66,66,66,66,66,66,66,66,66,66,66],"card_choices":[{"not_picked":["Quick Slash","Flying Knee"],"picked":"Cloak And Dagger","floor":1},{"not_picked":["Well Laid Plans","Escape Plan"],"picked":"Accuracy","floor":5},{"not_picked":["Deadly Poison","Prepared"],"picked":"Caltrops","floor":7},{"not_picked":["Dodge and Roll","Tactician"],"picked":"Backflip","floor":8},{"not_picked":["Reflex","Poisoned Stab","Deadly Poison"],"picked":"SKIP","floor":11},{"not_picked":["Masterful Stab","Poisoned Stab"],"picked":"Blur","floor":13},{"not_picked":["Flechettes","Slice"],"picked":"Leg Sweep","floor":14}],"player_experience":883501,"relics_obtained":[{"floor":8,"key":"Ornamental Fan"},{"floor":9,"key":"MawBank"},{"floor":10,"key":"Ninja Scroll"},{"floor":13,"key":"Juzu Bracelet"}],"event_choices":[{"damage_healed":0,"gold_gain":150,"player_choice":"AGREE","damage_taken":0,"max_hp_gain":0,"max_hp_loss":0,"event_name":"Liars Game","floor":2,"gold_loss":0,"cards_obtained":["Doubt"]},{"damage_healed":0,"gold_gain":0,"player_choice":"Entered Light","damage_taken":20,"max_hp_gain":0,"max_hp_loss":0,"event_name":"Shining Light","floor":4,"gold_loss":0,"cards_upgraded":["Defend_G","Defend_G"]},{"damage_healed":0,"gold_gain":0,"player_choice":"Searched \u00271\u0027 times","damage_taken":0,"max_hp_gain":0,"max_hp_loss":0,"event_name":"Dead Adventurer","floor":13,"gold_loss":0}],"is_beta":false,"boss_relics":[],"items_purged_floors":[3,12],"is_endless":false,"potions_floor_spawned":[1,5,8,13],"killed_by":"Hexaghost","ascension_level":17}