{"gold_per_floor":[112,129,54,54,54,54,54,92,92,108,108,123,154,172,172,268,268,287,287,308,326,326,326,354,354,427,427,218,229,229,248,248,325,325,335,335,352,370,370,370,25,36,60,71,71,71,71,105,105,105],"floor_reached":50,"playtime":1372,"items_purged":["Strike_B","Defend_B"],"score":1175,"play_id":"0e99515e-f8de-4d60-8832-8a1872e85c58","local_time":"20190321121819","is_ascension_mode":true,"campfire_choices":[{"data":"Zap","floor":6,"key":"SMITH"},{"data":"Dualcast","floor":11,"key":"SMITH"},{"data":"Go for the Eyes","floor":15,"key":"SMITH"},{"data":"Hyperbeam","floor":23,"key":"SMITH"},{"data":"Beam Cell","floor":32,"key":"SMITH"},{"floor":40,"key":"REST"},{"floor":45,"key":"REST"},{"floor":47,"key":"RECALL"},{"floor":49,"key":"REST"}],"neow_cost":"NONE","seed_source_timestamp":7043031989761,"circlet_count":0,"master_deck":["AscendersBane","Strike_B+1","Defend_B+1","Zap+1","Dualcast+1","Gash+1","Gash+1","Hello World+1","Core Surge+1","Go for the Eyes+1","Hyperbeam+1","Sweeping Beam+1","Blizzard+1","Steam+1","Hologram+1","Steam Power+1","Coolheaded+1","Gash+1","Hologram+1","Cold Snap+1","Glacier+1","Beam Cell+1","Core Surge+1","Glacier+1","Hologram+1","Defragment+1","Undo+1","Parasite","Gash+1","Hologram+1","FTL+1","Cold Snap+1","Hologram"],"relics":["Cracked Core","NeowsBlessing","Bloody Idol","Orichalcum","Bottled Lightning","Pen Nib","Astrolabe","Whetstone","Shuriken","Question Card","Fusion Hammer","Oddly Smooth Stone","Dream Catcher","Mark of the Bloom","Blood Vial"],"potions_floor_usage":[16,16,20,20,31,38,48,50],"damage_taken":[{"damage":0,"enemies":"Jaw Worm","floor":1,"turns":1},{"damage":0,"enemies":"Small Slimes","floor":2,"turns":1},{"damage":0,"enemies":"Gremlin Nob","floor":8,"turns":1},{"damage":4,"enemies":"2 Louse","floor":10,"turns":2},{"damage":3,"enemies":"Blue Slaver","floor":12,"turns":3},{"damage":17,"enemies":"Lagavulin","floor":13,"turns":6},{"damage":3,"enemies":"Red Slaver","floor":14,"turns":3},{"damage":13,"enemies":"Slime Boss","floor":16,"turns":7},{"damage":3,"enemies":"Spheric Guardian","floor":18,"turns":3},{"damage":0,"enemies":"2 Thieves","floor":20,"turns":2},{"damage":0,"enemies":"Centurion and Healer","floor":21,"turns":4},{"damage":21,"enemies":"Slavers","floor":24,"turns":2},{"damage":12,"enemies":"Snake Plant","floor":29,"turns":3},{"damage":6,"enemies":"Cultist and Chosen","floor":31,"turns":4},{"damage":37,"enemies":"Automaton","floor":33,"turns":8},{"damage":20,"enemies":"3 Darklings","floor":35,"turns":3},{"damage":10,"enemies":"Orb Walker","floor":37,"turns":3},{"damage":0,"enemies":"Sphere and 2 Shapes","floor":38,"turns":2},{"damage":0,"enemies":"Writhing Mass","floor":42,"turns":7},{"damage":29,"enemies":"4 Shapes","floor":44,"turns":2},{"damage":3,"enemies":"Giant Head","floor":48,"turns":6},{"damage":76,"enemies":"Time Eater","floor":50,"turns":11}],"seed_played":"1964426019095583644","potions_obtained":[{"floor":10,"key":"Explosive Potion"},{"floor":13,"key":"GamblersBrew"},{"floor":16,"key":"SpeedPotion"},{"floor":18,"key":"Swift Potion"},{"floor":21,"key":"FairyPotion"},{"floor":24,"key":"LiquidBronze"},{"floor":31,"key":"FearPotion"},{"floor":35,"key":"LiquidBronze"},{"floor":44,"key":"Weak Potion"},{"floor":48,"key":"SpeedPotion"}],"is_trial":false,"path_per_floor":["M","M","$","?","?","R","?","E","T","M","R","M","E","M","R","B",null,"M","?","M","M","?","R","E","?","T","T","$","M","?","M","R","B",null,"M","?","M","M","?","R","$","M","T","M","R","?","R","E","R","B"],"character_chosen":"DEFECT","items_purchased":["Hologram","Cold Snap","Defragment","Oddly Smooth Stone","Undo"],"campfire_rested":3,"item_purchase_floors":[28,28,41,41,41],"current_hp_per_floor":[64,64,64,64,69,69,48,48,48,44,44,41,24,21,21,8,54,51,51,51,51,51,51,35,35,40,40,40,33,33,32,32,11,55,40,40,35,40,40,60,60,65,69,45,65,65,65,62,62,0],"gold":105,"neow_bonus":"THREE_ENEMY_KILL","is_prod":false,"is_daily":false,"chose_seed":false,"campfire_upgraded":5,"win_rate":0,"timestamp":1553195899,"path_taken":["M","M","$","?","?","R","?","E","T","M","R","M","E","M","R","BOSS","M","?","M","?","?","R","E","?","T","?","$","?","?","M","R","BOSS","M","?","M","M","?","R","?","?","T","M","R","?","R","E","R","BOSS"],"build_version":"2019-03-15","purchased_purges":2,"victory":false,"max_hp_per_floor":[71,71,71,64,69,69,69,69,69,69,69,69,69,69,69,69,69,69,69,69,69,69,69,69,69,69,69,69,69,69,69,69,69,69,69,69,69,69,69,69,69,69,69,69,69,69,69,69,69,69],"card_choices":[{"not_picked":["Redo","Go for the Eyes"],"picked":"Gash","floor":1},{"not_picked":["Coolheaded","Cold Snap"],"picked":"Gash","floor":2},{"not_picked":["Turbo","FTL"],"picked":"Hello World","floor":8},{"not_picked":["Chill","Hologram"],"picked":"Core Surge","floor":12},{"not_picked":["Coolheaded","Auto Shields"],"picked":"Go for the Eyes","floor":14},{"not_picked":["Multi-Cast","Rainbow"],"picked":"Hyperbeam","floor":16},{"not_picked":["Conserve Battery","Coolheaded"],"picked":"Hologram","floor":18},{"not_picked":["Sweeping Beam","Heatsinks"],"picked":"Steam Power","floor":20},{"not_picked":["Chill","Doom and Gloom"],"picked":"Coolheaded+1","floor":21},{"not_picked":["Turbo","Leap+1"],"picked":"Gash","floor":24},{"not_picked":["Tempest+1","Steam","Aggregate"],"picked":"Glacier","floor":29},{"not_picked":["Turbo+1","Reinforced Body","Rebound"],"picked":"Beam Cell","floor":31},{"not_picked":["Fission","Reboot","Seek"],"picked":"Core Surge","floor":33},{"not_picked":["Leap","Conserve Battery+1","Ball Lightning"],"picked":"Glacier+1","floor":35},{"not_picked":["Sweeping Beam","Fusion","Rebound"],"picked":"Hologram","floor":37},{"not_picked":["Double Energy+1","Seek","Stack+1"],"picked":"Gash","floor":42},{"not_picked":["Streamline","Redo","Rainbow"],"picked":"Hologram","floor":44},{"not_picked":["Auto Shields","Undo","Cold Snap"],"picked":"FTL+1","floor":45},{"not_picked":["Lockon","Go for the Eyes","Electrodynamics"],"picked":"Cold Snap+1","floor":48},{"not_picked":["Genetic Algorithm+1","Beam Cell+1","Streamline"],"picked":"Hologram","floor":49}],"player_experience":1342330,"relics_obtained":[{"floor":8,"key":"Orichalcum"},{"floor":9,"key":"Bottled Lightning"},{"floor":13,"key":"Pen Nib"},{"floor":24,"key":"Whetstone"},{"floor":26,"key":"Shuriken"},{"floor":27,"key":"Question Card"},{"floor":43,"key":"Dream Catcher"},{"floor":48,"key":"Blood Vial"}],"event_choices":[{"damage_healed":0,"gold_gain":0,"player_choice":"Lose Max HP","damage_taken":0,"relics_obtained":["Golden Idol"],"max_hp_gain":0,"max_hp_loss":7,"event_name":"Golden Idol","floor":4,"gold_loss":0},{"damage_healed":0,"gold_gain":0,"player_choice":"Donut","damage_taken":0,"max_hp_gain":5,"max_hp_loss":0,"event_name":"Big Fish","floor":5,"gold_loss":0},{"damage_healed":0,"gold_gain":0,"player_choice":"Entered Light","damage_taken":21,"max_hp_gain":0,"max_hp_loss":0,"event_name":"Shining Light","floor":7,"gold_loss":0,"cards_upgraded":["Defend_B","Strike_B"]},{"damage_healed":0,"gold_gain":0,"cards_transformed":["Defend_B"],"player_choice":"Transformed","damage_taken":0,"max_hp_gain":0,"max_hp_loss":0,"event_name":"Transmorgrifier","floor":19,"gold_loss":0,"cards_obtained":["Static Discharge"]},{"damage_healed":0,"gold_gain":0,"player_choice":"Gave Idol","damage_taken":0,"relics_obtained":["Bloody Idol"],"max_hp_gain":0,"max_hp_loss":0,"event_name":"Forgotten Altar","floor":22,"relics_lost":["Golden Idol"],"gold_loss":0},{"damage_healed":0,"gold_gain":0,"player_choice":"Ignored","damage_taken":0,"max_hp_gain":0,"max_hp_loss":0,"event_name":"Ghosts","floor":25,"gold_loss":0},{"damage_healed":0,"gold_gain":0,"player_choice":"Ignored","damage_taken":0,"max_hp_gain":0,"max_hp_loss":0,"event_name":"Cursed Tome","floor":30,"gold_loss":0},{"damage_healed":0,"gold_gain":0,"player_choice":"Ignored","damage_taken":0,"max_hp_gain":0,"max_hp_loss":0,"event_name":"Mysterious Sphere","floor":36,"gold_loss":0},{"cards_removed":["Static Discharge"],"damage_healed":0,"gold_gain":0,"player_choice":"Removed Power","damage_taken":0,"max_hp_gain":0,"max_hp_loss":0,"event_name":"Falling","floor":39,"gold_loss":0},{"damage_healed":0,"gold_gain":0,"player_choice":"Upgrade","damage_taken":0,"relics_obtained":["Mark of the Bloom"],"max_hp_gain":0,"max_hp_loss":0,"event_name":"MindBloom","floor":46,"gold_loss":0,"cards_upgraded":["Gash","Hello World","Core Surge","Hologram","Steam Power","Hologram","Cold Snap","Glacier","Core Surge","Hologram","Defragment","Undo","Gash","Hologram"]}],"is_beta":true,"boss_relics":[{"not_picked":["White Beast Statue","Inserter"],"picked":"Astrolabe"},{"not_picked":["Snecko Eye","Pandora\u0027s Box"],"picked":"Fusion Hammer"}],"items_purged_floors":[3,28],"is_endless":false,"potions_floor_spawned":[10,13,16,18,21,24,31,35,44,48],"killed_by":"Time Eater","ascension_level":20}