{"gold_per_floor":[118,118,134,134,154,154,174,174,222,249,266,276,310,310,310,310],"floor_reached":16,"playtime":473,"items_purged":[],"score":224,"play_id":"8c840431-36de-4626-a2dd-85876b479da0","local_time":"20190301020921","is_ascension_mode":true,"campfire_choices":[{"data":"Coolheaded","floor":6,"key":"SMITH"},{"data":"Doom and Gloom","floor":8,"key":"SMITH"},{"data":"Chaos","floor":15,"key":"SMITH"}],"neow_cost":"NONE","seed_source_timestamp":32183151677318,"circlet_count":0,"master_deck":["AscendersBane","Strike_B","Strike_B","Defend_B","Defend_B","Defend_B","Zap+1","Dualcast","Hologram+1","Sweeping Beam+1","Coolheaded+1","Cold Snap","Coolheaded","Doom and Gloom+1","Cold Snap","Self Repair","Chaos+1"],"relics":["Astrolabe","Omamori","Strawberry","Ancient Tea Set"],"potions_floor_usage":[10,12,13],"damage_taken":[{"damage":0,"enemies":"2 Louse","floor":1,"turns":3},{"damage":2,"enemies":"Cultist","floor":3,"turns":4},{"damage":4,"enemies":"Small Slimes","floor":5,"turns":2},{"damage":2,"enemies":"Exordium Wildlife","floor":7,"turns":5},{"damage":13,"enemies":"3 Sentries","floor":10,"turns":4},{"damage":9,"enemies":"Large Slime","floor":11,"turns":6},{"damage":12,"enemies":"Exordium Thugs","floor":12,"turns":3},{"damage":9,"enemies":"Lagavulin","floor":13,"turns":5},{"damage":4,"enemies":"Hexaghost","floor":16,"turns":7}],"seed_played":"-3998713970131688839","potions_obtained":[{"floor":7,"key":"SteroidPotion"},{"floor":10,"key":"SneckoOil"},{"floor":11,"key":"FocusPotion"}],"is_trial":false,"path_per_floor":["M","?","M","?","M","R","M","R","T","E","M","M","E","?","R","B"],"character_chosen":"DEFECT","items_purchased":[],"campfire_rested":0,"item_purchase_floors":[],"current_hp_per_floor":[64,57,55,55,51,51,49,49,49,43,34,22,20,2,2,0],"gold":310,"neow_bonus":"BOSS_RELIC","is_prod":false,"is_daily":false,"chose_seed":false,"campfire_upgraded":3,"win_rate":0,"timestamp":1551434961,"path_taken":["M","?","M","?","M","R","?","R","T","E","M","M","E","?","R","BOSS"],"build_version":"2019-02-06","purchased_purges":0,"victory":false,"max_hp_per_floor":[71,71,71,71,71,71,71,71,71,78,78,78,78,78,78,78],"card_choices":[{"not_picked":["Compile Driver","Redo"],"picked":"Coolheaded","floor":1},{"not_picked":["Barrage","Beam Cell"],"picked":"Cold Snap","floor":3},{"not_picked":["Hologram","Leap"],"picked":"Coolheaded","floor":5},{"not_picked":["Storm","Sweeping Beam"],"picked":"Doom and Gloom","floor":7},{"not_picked":["Chill","Coolheaded"],"picked":"Cold Snap","floor":11},{"not_picked":["Fusion","Heatsinks"],"picked":"Self Repair","floor":12},{"not_picked":["Streamline","Stack"],"picked":"Chaos","floor":13}],"player_experience":1249091,"relics_obtained":[{"floor":9,"key":"Omamori"},{"floor":10,"key":"Strawberry"},{"floor":13,"key":"Ancient Tea Set"}],"event_choices":[{"cards_removed":["Heatsinks"],"damage_healed":0,"gold_gain":0,"player_choice":"Card Removal","damage_taken":7,"max_hp_gain":0,"max_hp_loss":0,"event_name":"Golden Wing","floor":2,"gold_loss":0},{"damage_healed":0,"gold_gain":0,"player_choice":"Upgraded","damage_taken":0,"max_hp_gain":0,"max_hp_loss":0,"event_name":"Upgrade Shrine","floor":4,"gold_loss":0,"cards_upgraded":["Zap"]},{"damage_healed":0,"gold_gain":0,"player_choice":"Fled","damage_taken":18,"max_hp_gain":0,"max_hp_loss":0,"event_name":"Scrap Ooze","floor":14,"gold_loss":0}],"is_beta":true,"boss_relics":[],"items_purged_floors":[],"is_endless":false,"potions_floor_spawned":[7,10,11],"killed_by":"Hexaghost","ascension_level":20}