{"gold_per_floor":[367,367,4,4,19,19,31,59,96,128,140,171,200,226,238,350,362,392,414,426,338,354,384,384,384,384,416,416,443,91,101,101,202,202,214,145,163,163,238,271,271,300,300,317,327,337,67,37,37,37,37,37,37,62,62],"floor_reached":55,"playtime":3341,"items_purged":["Strike_G","Strike_G"],"score":837,"play_id":"32518838-4de4-4649-af6f-af96bdb4997c","local_time":"20190613214440","is_ascension_mode":false,"campfire_choices":[{"data":"Neutralize","floor":6,"key":"SMITH"},{"floor":11,"key":"RECALL"},{"floor":15,"key":"REST"},{"floor":24,"key":"REST"},{"data":"PiercingWail","floor":32,"key":"SMITH"},{"floor":41,"key":"REST"},{"data":"Strike_G","floor":49,"key":"PURGE"},{"data":"Strike_G","floor":52,"key":"PURGE"}],"neow_cost":"PERCENT_DAMAGE","seed_source_timestamp":165003269019043,"circlet_count":0,"master_deck":["Defend_G","Defend_G","Defend_G","Defend_G","Defend_G","Survivor","Neutralize+1","PiercingWail","Deadly Poison","Backflip","PiercingWail+1","Deflect","Noxious Fumes+1","Poisoned Stab","Corpse Explosion","Poisoned Stab+1","Deflect+1","Masterful Stab","Caltrops+1","Catalyst+1","Bane+1","Deflect","Envenom+1","Caltrops+1","Leg Sweep","Poisoned Stab+1","Footwork+1","Deflect"],"relics":["Ring of the Serpent","Snake Skull","Frozen Egg 2","MawBank","Oddly Smooth Stone","Blue Candle","Singing Bowl","Lantern","Bottled Lightning","Lee\u0027s Waffle","Bronze Scales","Eternal Feather","Happy Flower","Peace Pipe","Meat on the Bone","Bottled Tornado","Ornamental Fan"],"potions_floor_usage":[8,23,23,29,33,42,45,45,50,55],"damage_taken":[{"damage":0,"enemies":"Small Slimes","floor":1,"turns":4},{"damage":0,"enemies":"Jaw Worm","floor":5,"turns":4},{"damage":0,"enemies":"Cultist","floor":7,"turns":4},{"damage":17,"enemies":"Lagavulin","floor":8,"turns":9},{"damage":5,"enemies":"Exordium Thugs","floor":10,"turns":7},{"damage":0,"enemies":"Blue Slaver","floor":12,"turns":5},{"damage":5,"enemies":"Large Slime","floor":13,"turns":5},{"damage":5,"enemies":"Gremlin Gang","floor":14,"turns":3},{"damage":9,"enemies":"The Guardian","floor":16,"turns":10},{"damage":9,"enemies":"2 Thieves","floor":18,"turns":3},{"damage":7,"enemies":"Shell Parasite","floor":19,"turns":5},{"damage":3,"enemies":"Snake Plant","floor":22,"turns":5},{"damage":12,"enemies":"Slavers","floor":23,"turns":6},{"damage":2,"enemies":"Gremlin Leader","floor":27,"turns":5},{"damage":18,"enemies":"Slavers","floor":29,"turns":4},{"damage":10,"enemies":"Sentry and Sphere","floor":31,"turns":4},{"damage":22,"enemies":"Collector","floor":33,"turns":6},{"damage":11,"enemies":"3 Darklings","floor":35,"turns":5},{"damage":7,"enemies":"Orb Walker","floor":37,"turns":4},{"damage":61,"enemies":"Nemesis","floor":40,"turns":9},{"damage":32,"enemies":"Giant Head","floor":42,"turns":8},{"damage":1,"enemies":"Writhing Mass","floor":44,"turns":5},{"damage":0,"enemies":"Transient","floor":45,"turns":5},{"damage":15,"enemies":"Spire Growth","floor":46,"turns":6},{"damage":62,"enemies":"Donu and Deca","floor":50,"turns":9},{"damage":55,"enemies":"Shield and Spear","floor":54,"turns":6},{"damage":53,"enemies":"The Heart","floor":55,"turns":3}],"seed_played":"1170121109137905814","potions_obtained":[{"floor":7,"key":"Block Potion"},{"floor":10,"key":"FearPotion"},{"floor":12,"key":"EssenceOfSteel"},{"floor":18,"key":"AttackPotion"},{"floor":27,"key":"Poison Potion"},{"floor":29,"key":"Strength Potion"},{"floor":33,"key":"GamblersBrew"},{"floor":35,"key":"Strength Potion"},{"floor":40,"key":"Regen Potion"},{"floor":42,"key":"Poison Potion"},{"floor":44,"key":"Regen Potion"},{"floor":48,"key":"SpeedPotion"}],"is_trial":false,"path_per_floor":["M","?","$","?","M","R","M","E","T","M","R","M","M","M","R","B",null,"M","M","?","$","M","E","R","T","T","E","?","E","$","M","R","B",null,"M","$","M","?","?","E","R","E","T","M","M","M","$","?","R","B",null,"R","$","E","B"],"character_chosen":"THE_SILENT","items_purchased":["Frozen Egg 2","Deadly Poison","Lee\u0027s Waffle","Bronze Scales","Caltrops+1","Bottled Tornado","Deflect"],"campfire_rested":3,"item_purchase_floors":[3,3,30,30,36,47,47],"current_hp_per_floor":[49,37,37,60,60,60,60,43,43,38,38,38,33,28,49,40,70,61,54,54,54,51,39,60,60,60,58,45,29,84,74,74,52,84,75,75,70,72,63,4,46,29,29,42,57,54,54,54,72,22,94,94,94,53,0],"gold":62,"neow_bonus":"TWO_FIFTY_GOLD","is_prod":false,"is_daily":false,"chose_seed":false,"campfire_upgraded":2,"win_rate":0,"timestamp":1560480280,"path_taken":["M","?","$","?","M","R","M","E","T","M","R","M","?","M","R","BOSS","M","M","?","$","?","E","R","?","T","E","?","E","$","M","R","BOSS","M","$","M","?","?","E","R","E","T","M","?","M","?","?","R","BOSS","R","$","E","BOSS"],"build_version":"2019-01-23","purchased_purges":2,"victory":false,"max_hp_per_floor":[70,70,70,70,70,70,70,70,70,70,70,70,70,70,70,70,70,70,70,70,70,70,70,70,70,70,70,75,77,84,84,84,84,84,86,86,88,90,90,92,92,92,92,94,94,94,94,94,94,94,94,94,94,96,96],"card_choices":[{"not_picked":["Underhanded Strike","Distraction"],"picked":"PiercingWail","floor":1},{"not_picked":["Deadly Poison","Heel Hook"],"picked":"Backflip","floor":5},{"not_picked":["Sucker Punch","Tactician"],"picked":"PiercingWail","floor":7},{"not_picked":["Slice","Terror"],"picked":"Deflect","floor":8},{"not_picked":["Heel Hook","Terror","Infinite Blades+1"],"picked":"SKIP","floor":10},{"not_picked":["Poisoned Stab","Accuracy+1"],"picked":"Noxious Fumes+1","floor":12},{"not_picked":["Skewer","Calculated Gamble","Finisher"],"picked":"SKIP","floor":13},{"not_picked":["Setup","Sucker Punch"],"picked":"Poisoned Stab","floor":14},{"not_picked":["Tools of the Trade+1","Grand Finale"],"picked":"Corpse Explosion","floor":16},{"not_picked":["Backflip+1","Slice"],"picked":"Poisoned Stab+1","floor":18},{"not_picked":["Acrobatics","Riddle With Holes"],"picked":"Deflect+1","floor":19},{"not_picked":["Blade Dance+1","Deadly Poison"],"picked":"Caltrops+1","floor":22},{"not_picked":["Backflip","Grand Finale"],"picked":"Catalyst+1","floor":23},{"not_picked":["Wraith Form v2+1","Cloak And Dagger+1"],"picked":"Bane+1","floor":27},{"not_picked":["Endless Agony+1","Heel Hook","Flying Knee"],"picked":"Singing Bowl","floor":29},{"not_picked":["Deadly Poison+1","PiercingWail"],"picked":"Deflect","floor":31},{"not_picked":["Venomology","Glass Knife"],"picked":"Envenom+1","floor":33},{"not_picked":["Flying Knee","Heel Hook","All Out Attack"],"picked":"Singing Bowl","floor":35},{"not_picked":["Blade Dance","Predator","Endless Agony+1"],"picked":"Singing Bowl","floor":37},{"not_picked":["Discovery","Deep Breath","Trip"],"picked":"Singing Bowl","floor":38},{"not_picked":["Prepared+1","Riddle With Holes+1","Choke+1"],"picked":"Singing Bowl","floor":40},{"not_picked":["Backflip","Acrobatics+1"],"picked":"Leg Sweep","floor":42},{"not_picked":["Cloak And Dagger+1","Dagger Throw+1","Escape Plan"],"picked":"Singing Bowl","floor":44},{"not_picked":["Prepared+1","Outmaneuver"],"picked":"Poisoned Stab+1","floor":45},{"not_picked":["Expertise+1","Accuracy+1"],"picked":"Footwork+1","floor":46},{"not_picked":["Backstab","Doppelganger","Reflex+1"],"picked":"Singing Bowl","floor":54}],"player_experience":789524,"relics_obtained":[{"floor":8,"key":"MawBank"},{"floor":9,"key":"Oddly Smooth Stone"},{"floor":23,"key":"Blue Candle"},{"floor":26,"key":"Singing Bowl"},{"floor":27,"key":"Lantern"},{"floor":29,"key":"Bottled Lightning"},{"floor":40,"key":"Happy Flower"},{"floor":42,"key":"Peace Pipe"},{"floor":43,"key":"Meat on the Bone"},{"floor":54,"key":"Ornamental Fan"}],"event_choices":[{"damage_healed":0,"gold_gain":0,"player_choice":"Success","damage_taken":12,"relics_obtained":["Snake Skull"],"max_hp_gain":0,"max_hp_loss":0,"event_name":"Scrap Ooze","floor":2,"gold_loss":0},{"damage_healed":23,"gold_gain":0,"player_choice":"Banana","damage_taken":0,"max_hp_gain":0,"max_hp_loss":0,"event_name":"Big Fish","floor":4,"gold_loss":0},{"damage_healed":0,"gold_gain":0,"cards_transformed":["Strike_G"],"player_choice":"Transformed","damage_taken":0,"max_hp_gain":0,"max_hp_loss":0,"event_name":"Transmorgrifier","floor":20,"gold_loss":0,"cards_obtained":["Masterful Stab"]},{"damage_healed":0,"gold_gain":0,"player_choice":"Shed Blood","damage_taken":18,"max_hp_gain":5,"max_hp_loss":0,"event_name":"Forgotten Altar","floor":28,"gold_loss":0},{"damage_healed":0,"gold_gain":0,"player_choice":"Memory 1","damage_taken":0,"max_hp_gain":0,"max_hp_loss":0,"event_name":"SensoryStone","floor":38,"gold_loss":0},{"damage_healed":0,"gold_gain":75,"player_choice":"Touch","damage_taken":9,"max_hp_gain":0,"max_hp_loss":0,"event_name":"FaceTrader","floor":39,"gold_loss":0},{"damage_healed":0,"gold_gain":0,"player_choice":"Bought 2 Potions","damage_taken":0,"max_hp_gain":0,"max_hp_loss":0,"event_name":"The Woman in Blue","floor":48,"gold_loss":0}],"is_beta":false,"boss_relics":[{"not_picked":["Calling Bell","Busted Crown"],"picked":"Ring of the Serpent"},{"not_picked":["Tiny House","Pandora\u0027s Box"],"picked":"Eternal Feather"}],"items_purged_floors":[3,21],"is_endless":false,"potions_floor_spawned":[7,10,12,18,27,29,33,35,40,42,44],"killed_by":"The Heart","ascension_level":0}