{"gold_per_floor":[118,118,118,43,68,68,83,117,117,117,117,117,158,181,181,181],"floor_reached":16,"playtime":483,"items_purged":[],"score":241,"play_id":"510517b8-9fdb-4be2-877c-d16941b2fdf4","local_time":"20190326173625","is_ascension_mode":true,"campfire_choices":[{"data":"True Grit","floor":6.0,"key":"SMITH"},{"data":"Armaments","floor":10.0,"key":"SMITH"},{"floor":12.0,"key":"REST"},{"floor":15,"key":"REST"}],"neow_cost":"NONE","seed_source_timestamp":941367946723,"circlet_count":0,"master_deck":["AscendersBane","Strike_R","Strike_R","Strike_R","Strike_R","Defend_R","Defend_R","Defend_R","Defend_R","Bash+1","Rampage","Rampage","Rampage","True Grit+1","Shrug It Off","Armaments+1","Rampage","Disarm","Rampage"],"special_seed":0,"relics":["Orrery","Letter Opener","Golden Idol","Girya","Darkstone Periapt","Question Card"],"potions_floor_usage":[14],"damage_taken":[{"damage":7.0,"enemies":"Jaw Worm","floor":1.0,"turns":3.0},{"damage":8.0,"enemies":"2 Louse","floor":5.0,"turns":4.0},{"damage":2.0,"enemies":"Small Slimes","floor":7.0,"turns":4.0},{"damage":31.0,"enemies":"Gremlin Nob","floor":8.0,"turns":4.0},{"damage":34,"enemies":"Lagavulin","floor":13,"turns":10},{"damage":0,"enemies":"2 Fungi Beasts","floor":14,"turns":3},{"damage":24,"enemies":"Hexaghost","floor":16,"turns":11}],"seed_played":"-6050808671349506789","potions_obtained":[{"floor":7.0,"key":"Swift Potion"},{"floor":8.0,"key":"Explosive Potion"},{"floor":14,"key":"Strength Potion"}],"is_trial":false,"path_per_floor":["M","?","?","?","M","R","M","E","T","R","?","R","E","M","R","B"],"character_chosen":"IRONCLAD","items_purchased":[],"campfire_rested":2,"item_purchase_floors":[],"current_hp_per_floor":[61,56,56,56,48,48,46,15,15,15,15,35,1,1,21,0],"gold":181,"neow_bonus":"BOSS_RELIC","is_prod":false,"is_daily":false,"chose_seed":false,"campfire_upgraded":2,"win_rate":0,"timestamp":1553646985,"path_taken":["M","?","?","?","M","R","M","E","T","R","?","R","E","M","R","BOSS"],"build_version":"2019-03-15","purchased_purges":0,"victory":false,"max_hp_per_floor":[75,75,68,68,68,68,68,68,68,68,68,68,68,68,68,68],"card_choices":[{"not_picked":["Burning Pact","Pommel Strike"],"picked":"Rampage","floor":0.0},{"not_picked":["Twin Strike","Cleave"],"picked":"Rampage","floor":0.0},{"not_picked":["Thunderclap","Clash"],"picked":"Rampage","floor":0.0},{"not_picked":["Entrench","Sword Boomerang"],"picked":"True Grit","floor":0.0},{"not_picked":["Intimidate","Anger"],"picked":"Shrug It Off","floor":1.0},{"not_picked":["Rage","Warcry","Cleave"],"picked":"SKIP","floor":5.0},{"not_picked":["Heavy Blade","Wild Strike"],"picked":"Armaments","floor":7.0},{"not_picked":["Sentinel","Disarm"],"picked":"Rampage","floor":8.0},{"not_picked":["Thunderclap","Carnage"],"picked":"Disarm","floor":13},{"not_picked":["Iron Wave","Flame Barrier","Flex"],"picked":"Rampage","floor":14}],"player_experience":1360351,"relics_obtained":[{"floor":8.0,"key":"Girya"},{"floor":9.0,"key":"Darkstone Periapt"},{"floor":13,"key":"Question Card"}],"event_choices":[{"damage_healed":0.0,"max_hp_gain":0.0,"max_hp_loss":0.0,"gold_gain":0.0,"event_name":"Scrap Ooze","player_choice":"Success","floor":2.0,"gold_loss":0.0,"damage_taken":5.0,"relics_obtained":["Letter Opener"]},{"damage_healed":0.0,"max_hp_gain":0.0,"max_hp_loss":7.0,"gold_gain":0.0,"event_name":"Golden Idol","player_choice":"Lose Max HP","floor":3.0,"gold_loss":0.0,"damage_taken":0.0,"relics_obtained":["Golden Idol"]},{"cards_removed":["Strike_R"],"damage_healed":0.0,"max_hp_gain":0.0,"max_hp_loss":0.0,"gold_gain":0.0,"event_name":"The Cleric","player_choice":"Card Removal","floor":4.0,"gold_loss":75.0,"damage_taken":0.0},{"damage_healed":0.0,"max_hp_gain":0.0,"max_hp_loss":0.0,"gold_gain":0.0,"event_name":"Living Wall","player_choice":"Grow","floor":11.0,"gold_loss":0.0,"damage_taken":0.0,"cards_upgraded":["Bash"]}],"is_beta":true,"boss_relics":[],"items_purged_floors":[],"is_endless":false,"potions_floor_spawned":[7,8,14],"killed_by":"Hexaghost","ascension_level":20}