{"gold_per_floor":[117,117,23,23,41,41,41,41,67,67,82,105,145,163,163,163],"floor_reached":16,"playtime":285,"items_purged":[],"score":200,"play_id":"941b452b-4f59-4e9d-8e42-a663daa61114","local_time":"20190213150504","is_ascension_mode":true,"campfire_choices":[{"data":"Zap","floor":6,"key":"SMITH"},{"data":"Panacea","floor":8,"key":"SMITH"},{"data":"Fission","floor":15,"key":"SMITH"}],"neow_cost":"NONE","seed_source_timestamp":15584226584863,"circlet_count":0,"master_deck":["AscendersBane","Strike_B","Strike_B","Strike_B","Defend_B","Defend_B","Defend_B+1","Defend_B+1","Zap+1","Dualcast","Cold Snap","Panacea+1","Cold Snap","Doom and Gloom","Fission+1","Cold Snap"],"relics":["Cracked Core","NeowsBlessing","Golden Idol","Anchor","Oddly Smooth Stone"],"potions_floor_usage":[13],"damage_taken":[{"damage":0,"enemies":"2 Louse","floor":1,"turns":1},{"damage":0,"enemies":"Jaw Worm","floor":5,"turns":1},{"damage":0,"enemies":"Cultist","floor":11,"turns":1},{"damage":15,"enemies":"Exordium Wildlife","floor":12,"turns":6},{"damage":10,"enemies":"3 Sentries","floor":13,"turns":5},{"damage":0,"enemies":"Large Slime","floor":14,"turns":5},{"damage":3,"enemies":"Hexaghost","floor":16,"turns":5}],"seed_played":"-2293642852039804763","potions_obtained":[{"floor":10,"key":"FairyPotion"},{"floor":10,"key":"PowerPotion"},{"floor":14,"key":"AttackPotion"}],"is_trial":false,"path_per_floor":["M","?","$","?","M","R","?","R","T","?","M","M","E","M","R","B"],"character_chosen":"DEFECT","items_purchased":["Panacea"],"campfire_rested":0,"item_purchase_floors":[3],"current_hp_per_floor":[64,43,43,43,43,43,43,43,43,43,43,28,18,18,18,15],"gold":163,"neow_bonus":"THREE_ENEMY_KILL","is_prod":false,"is_daily":false,"chose_seed":false,"campfire_upgraded":3,"win_rate":0,"timestamp":1550099104,"path_taken":["M","?","$","?","?","R","?","R","T","?","?","M","E","M","R","BOSS"],"build_version":"2019-02-06","purchased_purges":0,"victory":false,"max_hp_per_floor":[71,71,71,71,71,71,64,64,64,64,64,64,64,64,64,64],"card_choices":[{"not_picked":["Barrage","Sweeping Beam"],"picked":"Cold Snap","floor":1},{"not_picked":["Conserve Battery","Turbo"],"picked":"Cold Snap","floor":11},{"not_picked":["Self Repair","Steam Power"],"picked":"Doom and Gloom","floor":12},{"not_picked":["Consume","Genetic Algorithm"],"picked":"Fission","floor":13},{"not_picked":["Streamline","Steam"],"picked":"Cold Snap","floor":14}],"player_experience":1157311,"relics_obtained":[{"floor":9,"key":"Anchor"},{"floor":13,"key":"Oddly Smooth Stone"}],"event_choices":[{"damage_healed":0,"gold_gain":0,"player_choice":"Entered Light","damage_taken":21,"max_hp_gain":0,"max_hp_loss":0,"event_name":"Shining Light","floor":2,"gold_loss":0,"cards_upgraded":["Defend_B","Defend_B"]},{"cards_removed":["Strike_B"],"damage_healed":0,"gold_gain":0,"player_choice":"Card Removal","damage_taken":0,"max_hp_gain":0,"max_hp_loss":0,"event_name":"Wheel of Change","floor":4,"gold_loss":0},{"damage_healed":0,"gold_gain":0,"player_choice":"Lose Max HP","damage_taken":0,"relics_obtained":["Golden Idol"],"max_hp_gain":0,"max_hp_loss":7,"event_name":"Golden Idol","floor":7,"gold_loss":0},{"damage_healed":0,"gold_gain":0,"player_choice":"Got Potions","damage_taken":0,"max_hp_gain":0,"max_hp_loss":0,"event_name":"Lab","floor":10,"gold_loss":0}],"is_beta":true,"boss_relics":[],"items_purged_floors":[],"is_endless":false,"potions_floor_spawned":[14],"killed_by":"Hexaghost","ascension_level":20}