{"gold_per_floor":[109,109,109,109,121,121,152,152,152,172,192,207,73,86,86,157,157,170,170,170,184,11,11,11,29,29,29,54,54,54],"floor_reached":30,"playtime":1403,"items_purged":["Strike_G"],"score":471,"play_id":"25389c8b-b174-4869-b9f5-23598b9804e4","local_time":"20190712223654","is_ascension_mode":true,"campfire_choices":[{"floor":6,"key":"REST"},{"floor":8,"key":"REST"},{"data":"Skewer","floor":15,"key":"SMITH"},{"data":"Glass Knife","floor":23,"key":"SMITH"},{"data":"Noxious Fumes","floor":27,"key":"SMITH"}],"neow_cost":"NONE","seed_source_timestamp":234138477940894,"circlet_count":0,"master_deck":["AscendersBane","Defend_G+1","Defend_G+1","Defend_G+1","Defend_G+1","Defend_G+1","Survivor+1","Neutralize","Corpse Explosion","Poisoned Stab","Poisoned Stab","Poisoned Stab","Noxious Fumes+1","PiercingWail+1","Poisoned Stab","Dagger Spray","Skewer+1","Glass Knife+1","Dash"],"relics":["Ring of the Snake","Dodecahedron","Letter Opener","Empty Cage","MutagenicStrength","War Paint","Boot","Pen Nib"],"potions_floor_usage":[7,11,16,21,28],"damage_taken":[{"damage":7,"enemies":"Jaw Worm","floor":1,"turns":4},{"damage":5,"enemies":"Small Slimes","floor":5,"turns":4},{"damage":9,"enemies":"3 Sentries","floor":7,"turns":3},{"damage":3,"enemies":"2 Louse","floor":10,"turns":3},{"damage":0,"enemies":"Gremlin Gang","floor":11,"turns":3},{"damage":0,"enemies":"Lots of Slimes","floor":12,"turns":1},{"damage":5,"enemies":"2 Fungi Beasts","floor":14,"turns":2},{"damage":18,"enemies":"Slime Boss","floor":16,"turns":10},{"damage":0,"enemies":"Chosen","floor":18,"turns":5},{"damage":6,"enemies":"3 Byrds","floor":21,"turns":3},{"damage":0,"enemies":"3 Cultists","floor":25,"turns":3},{"damage":21,"enemies":"Gremlin Leader","floor":28,"turns":5},{"damage":26,"enemies":"Book of Stabbing","floor":30,"turns":4}],"seed_played":"-8039142252200099599","potions_obtained":[{"floor":1,"key":"Strength Potion"},{"floor":10,"key":"Fire Potion"},{"floor":12,"key":"GhostInAJar"},{"floor":16,"key":"SteroidPotion"},{"floor":18,"key":"Block Potion"}],"is_trial":false,"path_per_floor":["M","?","?","?","M","R","E","R","T","M","M","M","$","M","R","B",null,"M","?","?","M","$","R","?","M","T","R","E","$","E"],"character_chosen":"THE_SILENT","items_purchased":["Dagger Spray","War Paint"],"campfire_rested":2,"item_purchase_floors":[13,22],"current_hp_per_floor":[52,45,10,10,5,24,15,34,34,31,31,31,31,26,26,8,52,52,52,52,46,46,46,46,46,46,46,25,25,0],"gold":54,"neow_bonus":"ONE_RANDOM_RARE_CARD","is_prod":false,"is_daily":false,"chose_seed":false,"campfire_upgraded":3,"win_rate":0,"timestamp":1562989014,"path_taken":["M","?","?","?","M","R","E","R","T","M","M","?","$","?","R","BOSS","M","?","?","M","$","R","?","M","T","R","E","?","E"],"build_version":"2019-07-05","purchased_purges":1,"victory":false,"max_hp_per_floor":[66,66,66,66,66,66,66,66,66,66,66,66,66,66,66,66,66,66,66,66,66,66,66,66,66,66,66,66,66,66],"card_choices":[{"not_picked":["Bouncing Flask","Dodge and Roll"],"picked":"Poisoned Stab","floor":1},{"not_picked":["Quick Slash","Acrobatics"],"picked":"Poisoned Stab","floor":5},{"not_picked":["Bane","Deadly Poison"],"picked":"Poisoned Stab","floor":7},{"not_picked":["Backflip","Distraction"],"picked":"Noxious Fumes","floor":10},{"not_picked":["Tools of the Trade","Dagger Throw"],"picked":"PiercingWail","floor":11},{"not_picked":["Dodge and Roll","PiercingWail"],"picked":"Poisoned Stab","floor":12},{"not_picked":["Heel Hook","Outmaneuver"],"picked":"Skewer","floor":14},{"not_picked":["Tools of the Trade","Bullet Time"],"picked":"Glass Knife","floor":16},{"not_picked":["Predator","Underhanded Strike","Accuracy"],"picked":"SKIP","floor":18},{"not_picked":["Cloak And Dagger","Expertise","Acrobatics"],"picked":"SKIP","floor":21},{"not_picked":["Bane","Flying Knee+1","Heel Hook+1"],"picked":"SKIP","floor":25},{"not_picked":["Masterful Stab","Caltrops","Acrobatics+1"],"picked":"SKIP","floor":28}],"player_experience":858546,"relics_obtained":[{"floor":7,"key":"Dodecahedron"},{"floor":9,"key":"Letter Opener"},{"floor":26,"key":"Boot"},{"floor":28,"key":"Pen Nib"}],"event_choices":[{"cards_removed":["Strike_G"],"damage_healed":0,"gold_gain":0,"player_choice":"Card Removal","damage_taken":7,"max_hp_gain":0,"max_hp_loss":0,"event_name":"Golden Wing","floor":2,"gold_loss":0},{"damage_healed":0,"gold_gain":0,"player_choice":"Fled","damage_taken":35,"max_hp_gain":0,"max_hp_loss":0,"event_name":"Scrap Ooze","floor":3,"gold_loss":0},{"cards_removed":["Strike_G"],"damage_healed":0,"gold_gain":0,"player_choice":"Purged","damage_taken":0,"max_hp_gain":0,"max_hp_loss":0,"event_name":"Purifier","floor":4,"gold_loss":0},{"damage_healed":0,"gold_gain":0,"player_choice":"Simplicity","damage_taken":0,"max_hp_gain":0,"max_hp_loss":0,"event_name":"Back to Basics","floor":19,"gold_loss":0,"cards_upgraded":["Defend_G","Defend_G","Defend_G","Defend_G","Defend_G"]},{"damage_healed":0,"gold_gain":0,"player_choice":"Inject Mutagens","damage_taken":0,"relics_obtained":["MutagenicStrength"],"max_hp_gain":0,"max_hp_loss":0,"event_name":"Drug Dealer","floor":20,"gold_loss":0},{"damage_healed":0,"gold_gain":0,"player_choice":"Read","damage_taken":0,"max_hp_gain":0,"max_hp_loss":0,"event_name":"The Library","floor":24,"gold_loss":0,"cards_obtained":["Dash"]}],"is_beta":false,"boss_relics":[{"not_picked":["Astrolabe","Snecko Eye"],"picked":"Empty Cage"}],"items_purged_floors":[13],"is_endless":false,"potions_floor_spawned":[1,10,12,16,18],"killed_by":"Book of Stabbing","ascension_level":16}