{"gold_per_floor":[111,111,129,129,41,68,68,81,81,81],"floor_reached":10,"playtime":404,"items_purged":[],"score":122,"play_id":"3d12b055-e09d-4bac-a6d5-641c4083db23","local_time":"20190823181637","is_ascension_mode":true,"campfire_choices":[{"floor":7,"key":"REST"}],"neow_cost":"NONE","seed_source_timestamp":101589311636124,"circlet_count":0,"master_deck":["AscendersBane","Strike_B","Strike_B","Strike_B","Strike_B","Defend_B","Defend_B","Defend_B","Defend_B","Zap","Turbo","Fusion+1","Loop","Self Repair","Defragment"],"relics":["Runic Pyramid","Singing Bowl","Frozen Egg 2"],"potions_floor_usage":[6],"damage_taken":[{"damage":5,"enemies":"2 Louse","floor":1,"turns":4},{"damage":2,"enemies":"Cultist","floor":3,"turns":4},{"damage":40,"enemies":"3 Sentries","floor":6,"turns":9},{"damage":11,"enemies":"Small Slimes","floor":8,"turns":4},{"damage":52,"enemies":"Gremlin Nob","floor":10,"turns":4}],"seed_played":"-737144965672325839","potions_obtained":[{"floor":1,"key":"Regen Potion"}],"is_trial":false,"path_per_floor":["M","?","M","?","$","E","R","M","T","E"],"character_chosen":"DEFECT","items_purchased":["Loop"],"campfire_rested":1,"item_purchase_floors":[5],"current_hp_per_floor":[59,52,50,50,50,25,46,42,42,0],"gold":81,"neow_bonus":"BOSS_RELIC","is_prod":false,"is_daily":false,"chose_seed":false,"campfire_upgraded":0,"win_rate":0,"timestamp":1566609397,"path_taken":["M","?","M","?","$","E","R","M","T","E"],"build_version":"2019-07-17","purchased_purges":0,"victory":false,"max_hp_per_floor":[71,71,71,71,71,71,71,71,71,71],"card_choices":[{"not_picked":["Sweeping Beam","Lockon"],"picked":"Turbo","floor":1},{"not_picked":["Gash","Compile Driver"],"picked":"Fusion","floor":3},{"not_picked":["Chaos","Hologram"],"picked":"Self Repair","floor":6},{"not_picked":["Hello World","Gash"],"picked":"Defragment","floor":8}],"player_experience":696013,"relics_obtained":[{"floor":6,"key":"Singing Bowl"},{"floor":9,"key":"Frozen Egg 2"}],"event_choices":[{"cards_removed":["Dualcast"],"damage_healed":0,"gold_gain":0,"player_choice":"Card Removal","damage_taken":7,"max_hp_gain":0,"max_hp_loss":0,"event_name":"Golden Wing","floor":2,"gold_loss":0},{"damage_healed":0,"gold_gain":0,"player_choice":"Upgraded","damage_taken":0,"max_hp_gain":0,"max_hp_loss":0,"event_name":"Upgrade Shrine","floor":4,"gold_loss":0,"cards_upgraded":["Fusion"]}],"is_beta":false,"boss_relics":[],"items_purged_floors":[],"is_endless":false,"potions_floor_spawned":[1],"killed_by":"Gremlin Nob","ascension_level":17}