{"gold_per_floor":[116,131,1,19,69,69,100,116,116,116,31,58,74,103,103,180,230,246,161,179,125,145,145,145],"floor_reached":24,"playtime":1686,"items_purged":[],"score":389,"play_id":"88db666b-e10c-427e-9a72-95ce8f67b08b","local_time":"20190825145028","is_ascension_mode":true,"campfire_choices":[{"data":"True Grit","floor":6.0,"key":"SMITH"},{"data":"Whirlwind","floor":10.0,"key":"SMITH"},{"data":"Inflame","floor":15.0,"key":"SMITH"},{"data":"Evolve","floor":23,"key":"SMITH"}],"neow_cost":"TEN_PERCENT_HP_LOSS","seed_source_timestamp":102279235002010,"circlet_count":0,"master_deck":["AscendersBane","Strike_R","Strike_R","Strike_R","Strike_R","Strike_R","Defend_R","Defend_R","Defend_R","Defend_R","Bash","Headbutt","Power Through","Uppercut","Combust","True Grit+1","Whirlwind+1","Juggernaut+1","Shrug It Off","Thunderclap","Inflame+1","Dark Embrace","Seeing Red","Sentinel","Immolate","Ghostly Armor","Sever Soul","Infernal Blade","Corruption","Pummel+1","Evolve+1","Spot Weakness"],"special_seed":0,"relics":["Burning Blood","Prayer Wheel","WingedGreaves","Pear","Pantograph","Bag of Preparation","Tiny House","Mercury Hourglass"],"potions_floor_usage":[22,24],"damage_taken":[{"damage":4.0,"enemies":"Small Slimes","floor":1.0,"turns":4.0},{"damage":1.0,"enemies":"Cultist","floor":2.0,"turns":4.0},{"damage":5.0,"enemies":"Jaw Worm","floor":4.0,"turns":4.0},{"damage":12.0,"enemies":"3 Sentries","floor":7.0,"turns":6.0},{"damage":0.0,"enemies":"3 Louse","floor":8.0,"turns":1.0},{"damage":14.0,"enemies":"Gremlin Nob","floor":12.0,"turns":3.0},{"damage":10.0,"enemies":"Gremlin Gang","floor":13.0,"turns":6.0},{"damage":13.0,"enemies":"3 Sentries","floor":14.0,"turns":3.0},{"damage":56.0,"enemies":"Hexaghost","floor":16.0,"turns":10.0},{"damage":13.0,"enemies":"Chosen","floor":18.0,"turns":7.0},{"damage":3.0,"enemies":"3 Byrds","floor":20.0,"turns":3.0},{"damage":11,"enemies":"Centurion and Healer","floor":22,"turns":4},{"damage":66,"enemies":"Book of Stabbing","floor":24,"turns":4}],"seed_played":"2528556488918398238","potions_obtained":[{"floor":2.0,"key":"EssenceOfSteel"},{"floor":7.0,"key":"SteroidPotion"},{"floor":12.0,"key":"SkillPotion"},{"floor":13.0,"key":"Strength Potion"},{"floor":17.0,"key":"SkillPotion"},{"floor":18.0,"key":"AttackPotion"}],"is_trial":false,"path_per_floor":["M","M","$","M","?","R","E","M","T","R","$","E","M","E","R","B",null,"M","?","M","$","M","R","E"],"character_chosen":"IRONCLAD","items_purchased":["Combust","SkillPotion","Inflame","PowerPotion"],"campfire_rested":0,"item_purchase_floors":[3,3,11,21],"current_hp_per_floor":[68,68,68,68,62,62,56,62,72,72,72,64,60,53,53,28,71,64,64,67,67,62,62,0],"gold":145,"neow_bonus":"ONE_RARE_RELIC","is_prod":false,"is_daily":false,"chose_seed":false,"campfire_upgraded":4,"win_rate":0,"timestamp":1566769828,"path_taken":["M","M","$","M","?","R","E","M","T","R","?","E","M","E","R","BOSS","M","?","M","$","M","R","E"],"build_version":"2019-07-17","purchased_purges":0,"victory":false,"max_hp_per_floor":[68,68,68,68,68,68,68,68,78,78,78,78,78,78,78,78,83,83,83,83,83,83,83,83],"card_choices":[{"not_picked":["Clash","Shrug It Off"],"picked":"Headbutt","floor":1.0},{"not_picked":["Dual Wield","Dropkick","Wild Strike"],"picked":"SKIP","floor":1.0},{"not_picked":["Reckless Charge","Clothesline"],"picked":"Power Through","floor":2.0},{"not_picked":["Power Through","Feel No Pain"],"picked":"Uppercut","floor":2.0},{"not_picked":["Sword Boomerang","Thunderclap"],"picked":"True Grit","floor":4.0},{"not_picked":["Sword Boomerang","Rampage"],"picked":"Whirlwind","floor":4.0},{"not_picked":["Heavy Blade","Perfected Strike"],"picked":"Juggernaut","floor":7.0},{"not_picked":["True Grit","Rage"],"picked":"Shrug It Off","floor":8.0},{"not_picked":["Twin Strike","Flex"],"picked":"Thunderclap","floor":8.0},{"not_picked":["Anger","Pummel"],"picked":"Dark Embrace","floor":12.0},{"not_picked":["Clothesline","Hemokinesis"],"picked":"Seeing Red","floor":13.0},{"not_picked":["Headbutt","Fire Breathing","Wild Strike"],"picked":"SKIP","floor":13.0},{"not_picked":["True Grit","Anger"],"picked":"Sentinel","floor":14.0},{"not_picked":["Fiend Fire","Limit Break"],"picked":"Immolate","floor":16.0},{"not_picked":["Armaments","Perfected Strike"],"picked":"Ghostly Armor","floor":17.0},{"not_picked":["Flex","Body Slam"],"picked":"Sever Soul","floor":18.0},{"not_picked":["True Grit","Sentinel"],"picked":"Infernal Blade","floor":18.0},{"not_picked":["Heavy Blade","Anger"],"picked":"Corruption","floor":20.0},{"not_picked":["Battle Trance","Flex"],"picked":"Pummel+1","floor":20.0},{"not_picked":["True Grit","Anger"],"picked":"Evolve","floor":22},{"not_picked":["Perfected Strike","Anger"],"picked":"Spot Weakness","floor":22}],"player_experience":726720,"relics_obtained":[{"floor":7.0,"key":"WingedGreaves"},{"floor":9.0,"key":"Pear"},{"floor":12.0,"key":"Pantograph"},{"floor":14.0,"key":"Bag of Preparation"}],"event_choices":[{"damage_healed":0.0,"max_hp_gain":0.0,"max_hp_loss":0.0,"gold_gain":50.0,"event_name":"FaceTrader","player_choice":"Touch","floor":5.0,"gold_loss":0.0,"damage_taken":6.0},{"damage_healed":0.0,"max_hp_gain":0.0,"max_hp_loss":0.0,"gold_gain":0.0,"event_name":"Addict","player_choice":"Obtained Relic","floor":19.0,"gold_loss":85.0,"damage_taken":0.0,"relics_obtained":["Mercury Hourglass"]}],"is_beta":false,"boss_relics":[{"not_picked":["Lizard Tail","Runic Pyramid"],"picked":"Tiny House"}],"items_purged_floors":[],"is_endless":false,"potions_floor_spawned":[2,7,12,13,18],"killed_by":"Book of Stabbing","ascension_level":16}