{"gold_per_floor":[115,115,126,45,64,95,107,127,127,127,190,201,212,137,137,137],"floor_reached":16,"playtime":893,"items_purged":["Strike_G"],"score":192,"play_id":"40218396-c2eb-48d5-9f2e-b0c12dff717d","local_time":"20190724211850","is_ascension_mode":true,"campfire_choices":[{"data":"Footwork","floor":10,"key":"SMITH"},{"floor":15,"key":"REST"}],"neow_cost":"NONE","seed_source_timestamp":1266768365654963,"circlet_count":0,"master_deck":["AscendersBane","Strike_G+1","Strike_G","Strike_G+1","Defend_G","Defend_G","Defend_G","Defend_G","Defend_G","Survivor","Neutralize","Backstab","Footwork+1","Dash","Cloak And Dagger","Cloak And Dagger","Finisher+1","Dagger Spray+1","Sucker Punch+1","Deflect"],"relics":["Ring of the Snake","Molten Egg 2","Mango","Mercury Hourglass"],"potions_floor_usage":[6,6,11],"damage_taken":[{"damage":2,"enemies":"Jaw Worm","floor":1,"turns":9},{"damage":0,"enemies":"Small Slimes","floor":3,"turns":3},{"damage":1,"enemies":"Cultist","floor":5,"turns":4},{"damage":21,"enemies":"Gremlin Nob","floor":6,"turns":5},{"damage":0,"enemies":"Looter","floor":7,"turns":4},{"damage":2,"enemies":"Blue Slaver","floor":8,"turns":3},{"damage":19,"enemies":"Gremlin Nob","floor":11,"turns":4},{"damage":0,"enemies":"2 Fungi Beasts","floor":12,"turns":1},{"damage":6,"enemies":"Exordium Wildlife","floor":13,"turns":2},{"damage":45,"enemies":"Hexaghost","floor":16,"turns":11}],"seed_played":"-8875689429979798930","potions_obtained":[{"floor":1,"key":"SkillPotion"},{"floor":5,"key":"AttackPotion"},{"floor":7,"key":"Regen Potion"},{"floor":8,"key":"Ancient Potion"}],"is_trial":false,"path_per_floor":["M","?","M","$","M","E","M","M","T","R","?","M","M","$","R","B"],"character_chosen":"THE_SILENT","items_purchased":["Dash"],"campfire_rested":1,"item_purchase_floors":[4],"current_hp_per_floor":[57,37,37,37,36,15,15,13,27,27,20,20,14,14,38,0],"gold":137,"neow_bonus":"REMOVE_CARD","is_prod":false,"is_daily":false,"chose_seed":false,"campfire_upgraded":1,"win_rate":0,"timestamp":1564021130,"path_taken":["M","?","M","$","M","E","M","M","T","R","?","M","M","$","R","BOSS"],"build_version":"2019-07-17","purchased_purges":1,"victory":false,"max_hp_per_floor":[66,66,66,66,66,66,66,66,80,80,80,80,80,80,80,80],"card_choices":[{"not_picked":["Accuracy","Deflect"],"picked":"Backstab","floor":1},{"not_picked":["Crippling Poison","Cloak And Dagger"],"picked":"Footwork","floor":3},{"not_picked":["Backflip","Outmaneuver"],"picked":"Cloak And Dagger","floor":5},{"not_picked":["Bouncing Flask","Flying Knee"],"picked":"Cloak And Dagger","floor":6},{"not_picked":["Flying Knee+1","Escape Plan"],"picked":"Finisher+1","floor":7},{"not_picked":["Flying Knee+1","Outmaneuver","Cloak And Dagger"],"picked":"SKIP","floor":8},{"not_picked":["Cloak And Dagger","Choke+1"],"picked":"Dagger Spray+1","floor":11},{"not_picked":["Flying Knee+1","Doppelganger"],"picked":"Sucker Punch+1","floor":12},{"not_picked":["Cloak And Dagger","Deadly Poison"],"picked":"Deflect","floor":13}],"player_experience":880801,"relics_obtained":[{"floor":6,"key":"Molten Egg 2"},{"floor":9,"key":"Mango"},{"floor":11,"key":"Mercury Hourglass"}],"event_choices":[{"damage_healed":0,"gold_gain":0,"player_choice":"Entered Light","damage_taken":20,"max_hp_gain":0,"max_hp_loss":0,"event_name":"Shining Light","floor":2,"gold_loss":0,"cards_upgraded":["Strike_G","Strike_G"]},{"damage_healed":0,"gold_gain":0,"player_choice":"Searched \u00271\u0027 times","damage_taken":0,"max_hp_gain":0,"max_hp_loss":0,"event_name":"Dead Adventurer","floor":11,"gold_loss":0}],"is_beta":false,"boss_relics":[],"items_purged_floors":[14],"is_endless":false,"potions_floor_spawned":[1,5,7,8],"killed_by":"Hexaghost","ascension_level":17}