{"gold_per_floor":[17,117,137,85,96,96,123,133,181,181,212,231,231,231,231,350,350,375,396,412,303,303],"floor_reached":22,"playtime":1121,"items_purged":["Strike_R"],"score":339,"play_id":"8fa5c4c5-dc93-48f6-b055-b621edf00269","local_time":"20190207163733","is_ascension_mode":true,"campfire_choices":[{"data":"Bash","floor":6,"key":"SMITH"},{"floor":13,"key":"REST"},{"floor":15,"key":"REST"}],"neow_cost":"NO_GOLD","seed_source_timestamp":707291212430700,"circlet_count":0,"master_deck":["AscendersBane","Strike_R","Strike_R","Strike_R","Strike_R","Defend_R","Defend_R","Defend_R","Defend_R","Bash+1","Inflame","Heavy Blade","Clothesline","Shockwave","Pommel Strike","Sword Boomerang","Impervious","Armaments+1","Pommel Strike","Shockwave"],"relics":["Burning Blood","Letter Opener","Potion Belt","Happy Flower","Golden Idol","Runic Cube"],"potions_floor_usage":[16,16,20],"damage_taken":[{"damage":3,"enemies":"2 Louse","floor":1,"turns":4},{"damage":16,"enemies":"Cultist","floor":3,"turns":4},{"damage":10,"enemies":"Small Slimes","floor":5,"turns":3},{"damage":55,"enemies":"3 Sentries","floor":7,"turns":9},{"damage":5,"enemies":"2 Fungi Beasts","floor":8,"turns":4},{"damage":18,"enemies":"Gremlin Nob","floor":11,"turns":4},{"damage":6,"enemies":"Looter","floor":12,"turns":4},{"damage":41,"enemies":"Hexaghost","floor":16,"turns":9},{"damage":9,"enemies":"Spheric Guardian","floor":18,"turns":5},{"damage":27,"enemies":"Shell Parasite","floor":19,"turns":7},{"damage":48,"enemies":"3 Cultists","floor":20,"turns":7},{"damage":15,"enemies":"Snake Plant","floor":22,"turns":2}],"seed_played":"-1535840146810292469","potions_obtained":[{"floor":3,"key":"Fire Potion"},{"floor":12,"key":"GamblersBrew"},{"floor":16,"key":"Energy Potion"},{"floor":20,"key":"Explosive Potion"}],"is_trial":false,"path_per_floor":["M","?","M","$","M","R","E","M","T","?","E","M","R","?","R","B",null,"M","M","M","$","M"],"character_chosen":"IRONCLAD","items_purchased":["Heavy Blade","Shockwave"],"campfire_rested":2,"item_purchase_floors":[4,21],"current_hp_per_floor":[91,91,81,81,77,77,28,29,29,34,22,22,52,27,57,22,81,78,57,15,15,0],"gold":303,"neow_bonus":"TWENTY_PERCENT_HP_BONUS","is_prod":false,"is_daily":false,"chose_seed":false,"campfire_upgraded":1,"win_rate":0,"timestamp":1549528653,"path_taken":["M","?","M","?","M","R","E","M","T","?","E","M","R","?","R","BOSS","M","M","M","$","M"],"build_version":"2019-01-23","purchased_purges":1,"victory":false,"max_hp_per_floor":[96,96,96,96,96,96,96,96,96,101,101,101,101,101,101,101,101,101,101,101,101,101],"card_choices":[{"not_picked":["Thunderclap","Combust","Warcry"],"picked":"SKIP","floor":1},{"not_picked":["Combust","Thunderclap"],"picked":"Inflame","floor":3},{"not_picked":["Battle Trance","Sentinel"],"picked":"Clothesline","floor":5},{"not_picked":["Clash","Searing Blow"],"picked":"Shockwave","floor":7},{"not_picked":["Second Wind","Searing Blow","Sword Boomerang"],"picked":"SKIP","floor":8},{"not_picked":["Body Slam","Blood for Blood"],"picked":"Pommel Strike","floor":11},{"not_picked":["Dark Embrace","Anger"],"picked":"Sword Boomerang","floor":12},{"not_picked":["Fiend Fire","Dark Embrace"],"picked":"Impervious","floor":16},{"not_picked":["Dropkick","Flex+1"],"picked":"Armaments+1","floor":18},{"not_picked":["Heavy Blade","Body Slam","Armaments"],"picked":"SKIP","floor":19},{"not_picked":["Clash","Flex"],"picked":"Pommel Strike","floor":20}],"player_experience":345951,"relics_obtained":[{"floor":7,"key":"Letter Opener"},{"floor":9,"key":"Potion Belt"},{"floor":11,"key":"Happy Flower"}],"event_choices":[{"damage_healed":0,"gold_gain":100,"player_choice":"Pray","damage_taken":0,"max_hp_gain":0,"max_hp_loss":0,"event_name":"Golden Shrine","floor":2,"gold_loss":0},{"damage_healed":0,"gold_gain":0,"player_choice":"Donut","damage_taken":0,"max_hp_gain":5,"max_hp_loss":0,"event_name":"Big Fish","floor":10,"gold_loss":0},{"damage_healed":0,"gold_gain":0,"player_choice":"Take Damage","damage_taken":25,"relics_obtained":["Golden Idol"],"max_hp_gain":0,"max_hp_loss":0,"event_name":"Golden Idol","floor":14,"gold_loss":0}],"is_beta":false,"boss_relics":[{"not_picked":["Coffee Dripper","Lizard Tail"],"picked":"Runic Cube"}],"items_purged_floors":[21],"is_endless":false,"potions_floor_spawned":[3,12,16,20],"killed_by":"Snake Plant","ascension_level":12}