{"gold_per_floor":[369,369,369,385,94,125,125,137,217,1,1,17,52,63,63,164,164,174,188,201,9,0,0,18,18,41,41,61,61,61,94,94,190,190,205,205,216,216,19,19,44,44,44,44,59,72,89,89,89,89],"floor_reached":50,"playtime":11646,"items_purged":["Strike_G","Strike_G","Strike_G"],"score":500,"play_id":"4ff1268f-c038-4720-b4a2-b4803a0ac7ab","local_time":"20190202061602","is_ascension_mode":false,"campfire_choices":[{"data":"Noxious Fumes","floor":7,"key":"SMITH"},{"data":"Predator","floor":11,"key":"SMITH"},{"floor":15,"key":"REST"},{"data":"Cloak And Dagger","floor":23,"key":"SMITH"},{"data":"Sucker Punch","floor":25,"key":"SMITH"},{"floor":29,"key":"REST"},{"floor":32,"key":"REST"},{"floor":40,"key":"REST"},{"floor":42,"key":"REST"},{"data":"Blade Dance","floor":44,"key":"SMITH"},{"data":"Infinite Blades","floor":49,"key":"SMITH"}],"neow_cost":"PERCENT_DAMAGE","seed_source_timestamp":1674182895208000,"circlet_count":0,"master_deck":["Defend_G","Defend_G","Defend_G","Defend_G+1","Defend_G","Strike_G","Strike_G","Survivor","Neutralize","Predator+1","Infinite Blades+1","Noxious Fumes+1","Dash","Wraith Form v2+1","A Thousand Cuts+1","Noxious Fumes+1","Cloak And Dagger+1","Bullet Time+1","Endless Agony","Accuracy+1","Panache+1","Sucker Punch+1","Deadly Poison","Blade Dance+1","Tools of the Trade+1","Die Die Die","Secret Technique","Terror","Pain","Well Laid Plans+1","Writhe"],"relics":["Ring of the Snake","Orichalcum","Membership Card","Kunai","Pantograph","Frozen Egg 2","Darkstone Periapt","Sozu","War Paint","Nilry\u0027s Codex","Ninja Scroll","Cursed Key","Incense Burner","Blood Vial","Bottled Lightning"],"potions_floor_usage":[13,16,50],"damage_taken":[{"damage":10,"enemies":"Jaw Worm","floor":1,"turns":5},{"damage":1,"enemies":"Small Slimes","floor":4,"turns":3},{"damage":27,"enemies":"Lagavulin","floor":6,"turns":8},{"damage":0,"enemies":"Cultist","floor":8,"turns":3},{"damage":0,"enemies":"Gremlin Gang","floor":12,"turns":4},{"damage":10,"enemies":"3 Sentries","floor":13,"turns":6},{"damage":0,"enemies":"3 Louse","floor":14,"turns":4},{"damage":25,"enemies":"The Guardian","floor":16,"turns":9},{"damage":14,"enemies":"Spheric Guardian","floor":18,"turns":5},{"damage":0,"enemies":"2 Thieves","floor":19,"turns":5},{"damage":0,"enemies":"Cultist and Chosen","floor":20,"turns":5},{"damage":1,"enemies":"Shelled Parasite and Fungi","floor":24,"turns":5},{"damage":23,"enemies":"Snake Plant","floor":28,"turns":3},{"damage":15,"enemies":"Book of Stabbing","floor":31,"turns":6},{"damage":20,"enemies":"Automaton","floor":33,"turns":8},{"damage":4,"enemies":"Orb Walker","floor":35,"turns":3},{"damage":35,"enemies":"3 Darklings","floor":37,"turns":4},{"damage":27,"enemies":"Reptomancer","floor":41,"turns":5},{"damage":14,"enemies":"Writhing Mass","floor":45,"turns":6},{"damage":0,"enemies":"Sphere and 2 Shapes","floor":46,"turns":3},{"damage":4,"enemies":"Jaw Worm Horde","floor":47,"turns":4},{"damage":90,"enemies":"Time Eater","floor":50,"turns":10}],"seed_played":"-8376429497022078502","potions_obtained":[{"floor":1,"key":"SpeedPotion"},{"floor":6,"key":"Energy Potion"},{"floor":8,"key":"SteroidPotion"}],"is_trial":false,"path_per_floor":["M","?","?","M","$","E","R","M","T","$","R","M","E","M","R","B",null,"M","M","M","$","?","R","M","R","T","?","M","R","?","E","R","B",null,"M","?","M","?","$","R","E","R","T","R","M","M","M","?","R","B"],"character_chosen":"THE_SILENT","items_purchased":["Membership Card","Noxious Fumes","Dash","Frozen Egg 2","Wraith Form v2+1","Accuracy+1","Panache+1","Sucker Punch","Incense Burner","Terror"],"campfire_rested":5,"item_purchase_floors":[5,5,5,10,10,21,21,21,39,39],"current_hp_per_floor":[39,62,62,61,61,34,34,34,34,34,34,34,24,24,45,45,70,56,56,56,56,56,56,55,55,55,39,16,37,37,22,43,48,70,66,66,31,31,31,52,25,46,52,52,40,42,40,65,65,0],"gold":89,"neow_bonus":"TWO_FIFTY_GOLD","is_prod":false,"is_daily":false,"chose_seed":false,"campfire_upgraded":6,"win_rate":0.0,"timestamp":1549084562,"path_taken":["M","?","?","?","$","E","R","M","T","$","R","M","E","M","R","BOSS","M","?","M","$","?","R","M","R","T","?","M","R","?","E","R","BOSS","M","?","M","?","$","R","E","R","T","R","M","M","?","?","R","BOSS"],"build_version":"2019-01-23","purchased_purges":3,"victory":false,"max_hp_per_floor":[70,70,70,70,70,70,70,70,70,70,70,70,70,70,70,70,70,70,70,70,70,70,70,70,70,70,70,70,70,70,70,70,70,70,70,70,70,70,70,70,70,70,76,76,76,76,76,82,82,82],"card_choices":[{"not_picked":["Expertise","Flying Knee"],"picked":"Predator","floor":1},{"not_picked":["Skewer","Quick Slash"],"picked":"Infinite Blades","floor":4},{"not_picked":["Backflip","Eviscerate","Quick Slash"],"picked":"SKIP","floor":6},{"not_picked":["Expertise","Flechettes","Backflip"],"picked":"SKIP","floor":8},{"not_picked":["Sucker Punch","Backflip"],"picked":"A Thousand Cuts+1","floor":12},{"not_picked":["Cloak And Dagger","Dodge and Roll"],"picked":"Noxious Fumes+1","floor":13},{"not_picked":["Dagger Throw","Prepared"],"picked":"Cloak And Dagger","floor":14},{"not_picked":["Tools of the Trade+1","Phantasmal Killer"],"picked":"Bullet Time","floor":16},{"not_picked":["Eviscerate","Dagger Spray"],"picked":"Endless Agony","floor":18},{"not_picked":["Underhanded Strike","Outmaneuver+1","Expertise"],"picked":"SKIP","floor":19},{"not_picked":["Calculated Gamble+1","Backflip","Quick Slash"],"picked":"SKIP","floor":20},{"not_picked":["Eviscerate","Underhanded Strike+1"],"picked":"Deadly Poison","floor":24},{"not_picked":["Reflex","Slice"],"picked":"Blade Dance","floor":28},{"not_picked":["Deadly Poison","Distraction"],"picked":"Tools of the Trade+1","floor":31},{"not_picked":["Malaise","Storm of Steel"],"picked":"Die Die Die","floor":33},{"not_picked":["Cloak And Dagger","Calculated Gamble","Deadly Poison"],"picked":"SKIP","floor":35},{"not_picked":["Bandage Up","Enlightenment"],"picked":"Secret Technique","floor":36},{"not_picked":["All Out Attack+1","Quick Slash+1","Dagger Spray+1"],"picked":"SKIP","floor":37},{"not_picked":["Distraction+1","Acrobatics+1","Outmaneuver"],"picked":"SKIP","floor":41},{"not_picked":["Bane+1","Endless Agony+1","Escape Plan"],"picked":"SKIP","floor":45},{"not_picked":["Heel Hook","Flechettes","Dagger Spray"],"picked":"SKIP","floor":46},{"not_picked":["Bane+1","PiercingWail"],"picked":"Well Laid Plans+1","floor":47}],"player_experience":71912,"relics_obtained":[{"floor":3,"key":"Orichalcum"},{"floor":6,"key":"Kunai"},{"floor":9,"key":"Pantograph"},{"floor":13,"key":"Darkstone Periapt"},{"floor":26,"key":"War Paint"},{"floor":27,"key":"Nilry\u0027s Codex"},{"floor":31,"key":"Ninja Scroll"},{"floor":41,"key":"Blood Vial"},{"floor":43,"key":"Bottled Lightning"}],"event_choices":[{"damage_healed":23,"gold_gain":0,"player_choice":"Banana","damage_taken":0,"max_hp_gain":0,"max_hp_loss":0,"event_name":"Big Fish","floor":2,"gold_loss":0},{"damage_healed":0,"gold_gain":0,"player_choice":"Relic","damage_taken":0,"max_hp_gain":0,"max_hp_loss":0,"event_name":"Wheel of Change","floor":3,"gold_loss":0},{"damage_healed":0,"gold_gain":0,"player_choice":"Paid Fearfully","damage_taken":0,"max_hp_gain":0,"max_hp_loss":0,"event_name":"Masked Bandits","floor":22,"gold_loss":9},{"damage_healed":0,"gold_gain":0,"player_choice":"Obtained Book","damage_taken":16,"max_hp_gain":0,"max_hp_loss":0,"event_name":"Cursed Tome","floor":27,"gold_loss":0},{"damage_healed":0,"gold_gain":0,"player_choice":"Ignored","damage_taken":0,"max_hp_gain":0,"max_hp_loss":0,"event_name":"Vampires","floor":30,"gold_loss":0},{"damage_healed":0,"gold_gain":0,"player_choice":"Memory 1","damage_taken":0,"max_hp_gain":0,"max_hp_loss":0,"event_name":"SensoryStone","floor":36,"gold_loss":0},{"damage_healed":0,"gold_gain":0,"player_choice":"Ignored","damage_taken":0,"max_hp_gain":0,"max_hp_loss":0,"event_name":"Tomb of Lord Red Mask","floor":38,"gold_loss":0},{"damage_healed":19,"gold_gain":0,"player_choice":"Writhe","damage_taken":0,"max_hp_gain":0,"max_hp_loss":0,"event_name":"Winding Halls","floor":48,"gold_loss":0,"cards_obtained":["Writhe"]}],"is_beta":false,"boss_relics":[{"not_picked":["Orrery","Astrolabe"],"picked":"Sozu"},{"not_picked":["Eternal Feather","HoveringKite"],"picked":"Cursed Key"}],"items_purged_floors":[5,10,21],"is_endless":false,"potions_floor_spawned":[1,6,8,20,24,28,33,35,46,47],"killed_by":"Time Eater","ascension_level":0}