{"gold_per_floor":[114,35,210,225,21,50,70,87,87,109,128,193,193,221,233,344,356,386,410,440,377,95,120,120,120,120,149,159,177,177,242,242,242],"floor_reached":33,"playtime":3522,"items_purged":["Doubt"],"score":356,"play_id":"d0f97e22-5c7c-44ec-8d21-959224b3bc0d","local_time":"20190207202313","is_ascension_mode":true,"campfire_choices":[{"floor":13,"key":"REST"},{"data":"Metallicize","floor":15,"key":"SMITH"},{"floor":25,"key":"REST"},{"floor":30,"key":"REST"},{"floor":32,"key":"REST"}],"neow_cost":"NONE","seed_source_timestamp":50019054381889,"circlet_count":0,"master_deck":["Strike_R","Defend_R","Defend_R","Defend_R","Defend_R","Bash","True Grit","Battle Trance","Disarm","Shrug It Off","Uppercut+1","Reaper","Uppercut+1","True Grit","Shockwave","Whirlwind","Ghostly Armor","Armaments","Metallicize+1","Offering","Immolate+1","Cleave+1","Carnage+1","Headbutt","Rage+1","Exhume","True Grit","Feel No Pain+1","Inflame","Impervious","True Grit+1","Flame Barrier"],"relics":["Burning Blood","Dream Catcher","Question Card","Sundial","Odd Mushroom","Kunai","MawBank","Astrolabe","Whetstone","The Courier","PreservedInsect","Gremlin Horn","Smiling Mask","Tiny Chest"],"potions_floor_usage":[6,10,10,16,23,23,23,27,29,29,29,31],"damage_taken":[{"damage":6,"enemies":"Cultist","floor":1,"turns":3},{"damage":6,"enemies":"Jaw Worm","floor":4,"turns":4},{"damage":12,"enemies":"Gremlin Nob","floor":6,"turns":4},{"damage":1,"enemies":"Small Slimes","floor":7,"turns":4},{"damage":13,"enemies":"Exordium Thugs","floor":8,"turns":5},{"damage":45,"enemies":"The Mushroom Lair","floor":10,"turns":5},{"damage":0,"enemies":"2 Fungi Beasts","floor":11,"turns":5},{"damage":38,"enemies":"Lagavulin Event","floor":12,"turns":6},{"damage":50,"enemies":"3 Sentries","floor":14,"turns":12},{"damage":20,"enemies":"The Guardian","floor":16,"turns":18},{"damage":23,"enemies":"2 Thieves","floor":18,"turns":4},{"damage":25,"enemies":"Shell Parasite","floor":19,"turns":9},{"damage":19,"enemies":"Snake Plant","floor":20,"turns":7},{"damage":28,"enemies":"Slavers","floor":23,"turns":4},{"damage":13,"enemies":"Book of Stabbing","floor":27,"turns":6},{"damage":9,"enemies":"Shelled Parasite and Fungi","floor":28,"turns":8},{"damage":27,"enemies":"Chosen and Byrds","floor":29,"turns":7},{"damage":20,"enemies":"Gremlin Leader","floor":31,"turns":8},{"damage":88,"enemies":"Champ","floor":33,"turns":25}],"seed_played":"892691709437195432","potions_obtained":[{"floor":4,"key":"SteroidPotion"},{"floor":7,"key":"PowerPotion"},{"floor":10,"key":"Fruit Juice"},{"floor":12,"key":"Energy Potion"},{"floor":16,"key":"EntropicBrew"},{"floor":19,"key":"Poison Potion"},{"floor":20,"key":"AttackPotion"},{"floor":27,"key":"AttackPotion"},{"floor":28,"key":"AttackPotion"},{"floor":29,"key":"EssenceOfSteel"}],"is_trial":false,"path_per_floor":["M","$","?","M","$","E","M","M","T","?","M","?","R","E","R","B",null,"M","M","M","?","$","E","?","R","T","E","M","M","R","E","R","B"],"character_chosen":"IRONCLAD","items_purchased":["Battle Trance","Shrug It Off","Uppercut","Whetstone","Exhume"],"campfire_rested":4,"item_purchase_floors":[2,5,5,22,22],"current_hp_per_floor":[80,80,80,80,80,74,80,77,77,51,65,33,58,29,29,21,85,68,53,40,40,40,18,18,43,43,40,37,20,45,37,62,0],"gold":242,"neow_bonus":"RANDOM_COMMON_RELIC","is_prod":false,"is_daily":false,"chose_seed":false,"campfire_upgraded":1,"win_rate":0,"timestamp":1549599793,"path_taken":["M","?","?","M","$","E","M","M","T","?","M","?","R","E","R","BOSS","M","M","M","?","$","E","?","R","T","E","M","M","R","E","R","BOSS"],"build_version":"2019-01-23","purchased_purges":1,"victory":false,"max_hp_per_floor":[80,80,80,80,80,80,80,80,80,85,85,85,85,85,85,85,85,85,85,85,85,85,85,85,85,85,85,85,85,85,85,85,85],"card_choices":[{"not_picked":["Reckless Charge","Power Through"],"picked":"True Grit","floor":1},{"not_picked":["Clash","Headbutt"],"picked":"Disarm","floor":4},{"not_picked":["Infernal Blade","Cleave"],"picked":"Reaper","floor":6},{"not_picked":["Perfected Strike","Headbutt","Warcry"],"picked":"Uppercut","floor":7},{"not_picked":["Sword Boomerang","Reckless Charge","Entrench"],"picked":"True Grit","floor":8},{"not_picked":["Warcry","Power Through","Reckless Charge"],"picked":"Shockwave","floor":10},{"not_picked":["Havoc","Reckless Charge","Second Wind"],"picked":"Whirlwind","floor":11},{"not_picked":["Searing Blow","Clothesline","Shrug It Off"],"picked":"Ghostly Armor","floor":12},{"not_picked":["Sever Soul","Cleave","Whirlwind"],"picked":"Armaments","floor":13},{"not_picked":["Inflame","Limit Break","Wild Strike"],"picked":"Metallicize","floor":14},{"not_picked":["Barricade","Bludgeon","Exhume"],"picked":"Offering","floor":16},{"not_picked":["Thunderclap+1","Body Slam","Infernal Blade"],"picked":"Headbutt","floor":18},{"not_picked":["Thunderclap","Carnage","Sword Boomerang+1","Armaments"],"picked":"SKIP","floor":19},{"not_picked":["Infernal Blade+1","Flex+1","Pommel Strike"],"picked":"Rage+1","floor":20},{"not_picked":["Anger","Sword Boomerang","Pommel Strike"],"picked":"True Grit","floor":23},{"not_picked":["Wild Strike","Spot Weakness","Clash"],"picked":"Feel No Pain+1","floor":25},{"not_picked":["Sentinel","Cleave+1","Bloodletting+1"],"picked":"Inflame","floor":27},{"not_picked":["Ghostly Armor","Cleave+1","Flex"],"picked":"Impervious","floor":28},{"not_picked":["Clash","Carnage","Corruption+1"],"picked":"True Grit+1","floor":29},{"not_picked":["Body Slam","Pommel Strike","Hemokinesis"],"picked":"Flame Barrier","floor":30},{"not_picked":["True Grit","Sever Soul+1","Headbutt+1","Clothesline"],"picked":"SKIP","floor":31}],"player_experience":302505,"relics_obtained":[{"floor":6,"key":"Question Card"},{"floor":9,"key":"Sundial"},{"floor":10,"key":"Odd Mushroom"},{"floor":12,"key":"Kunai"},{"floor":14,"key":"MawBank"},{"floor":23,"key":"The Courier"},{"floor":26,"key":"Gremlin Horn"},{"floor":27,"key":"Smiling Mask"},{"floor":31,"key":"Tiny Chest"}],"event_choices":[{"damage_healed":0,"gold_gain":175,"player_choice":"AGREE","damage_taken":0,"max_hp_gain":0,"max_hp_loss":0,"event_name":"Liars Game","floor":3,"gold_loss":0,"cards_obtained":["Doubt"]},{"damage_healed":0,"gold_gain":0,"player_choice":"Fought Mushrooms","damage_taken":0,"max_hp_gain":0,"max_hp_loss":0,"event_name":"Mushrooms","floor":10,"gold_loss":0},{"damage_healed":0,"gold_gain":0,"player_choice":"Searched \u00271\u0027 times","damage_taken":0,"max_hp_gain":0,"max_hp_loss":0,"event_name":"Dead Adventurer","floor":12,"gold_loss":0},{"cards_removed":["Strike_R"],"damage_healed":0,"gold_gain":0,"player_choice":"Gave Gold","damage_taken":0,"max_hp_gain":0,"max_hp_loss":0,"event_name":"Beggar","floor":21,"gold_loss":75},{"damage_healed":0,"gold_gain":0,"player_choice":"Opened","damage_taken":0,"relics_obtained":["PreservedInsect"],"max_hp_gain":0,"max_hp_loss":0,"event_name":"The Mausoleum","floor":24,"gold_loss":0}],"is_beta":false,"boss_relics":[{"not_picked":["Empty Cage","Ectoplasm"],"picked":"Astrolabe"}],"items_purged_floors":[5],"is_endless":false,"potions_floor_spawned":[4,7,10,12,16,19,20,27,28,29],"killed_by":"Champ","ascension_level":1}