{"gold_per_floor":[115,125,143,74,85,85,95,125,150,150,161,177,177,191,191,191],"floor_reached":16,"playtime":1088,"items_purged":[],"score":154,"play_id":"a5925e7d-c3e8-4eee-86b9-f341ae2cb99f","local_time":"20190120110116","is_ascension_mode":true,"campfire_choices":[{"data":"Coolheaded","floor":6,"key":"SMITH"},{"floor":15,"key":"REST"}],"neow_cost":"NONE","seed_source_timestamp":3258001716417,"circlet_count":0,"master_deck":["Strike_B","Strike_B","Strike_B","Strike_B","Defend_B","Defend_B","Defend_B","Defend_B","Zap","Dualcast","Gash","Gash","Coolheaded+1","Fission","Cold Snap","Darkness","Parasite","FTL","Redo","Steam","Loop"],"relics":["Cracked Core","NeowsBlessing","Darkstone Periapt","Dream Catcher"],"potions_floor_usage":[7,11,16,16],"damage_taken":[{"damage":0,"enemies":"Small Slimes","floor":1,"turns":1},{"damage":0,"enemies":"2 Louse","floor":2,"turns":1},{"damage":0,"enemies":"Cultist","floor":3,"turns":1},{"damage":22,"enemies":"Exordium Thugs","floor":5,"turns":6},{"damage":25,"enemies":"Exordium Wildlife","floor":7,"turns":4},{"damage":18,"enemies":"3 Sentries","floor":8,"turns":10},{"damage":7,"enemies":"Blue Slaver","floor":11,"turns":4},{"damage":4,"enemies":"Looter","floor":12,"turns":3},{"damage":11,"enemies":"Red Slaver","floor":14,"turns":5},{"damage":31,"enemies":"Slime Boss","floor":16,"turns":6}],"seed_played":"-3607848627743097394","potions_obtained":[{"floor":3,"key":"FearPotion"},{"floor":5,"key":"PowerPotion"},{"floor":8,"key":"Dexterity Potion"},{"floor":14,"key":"Ancient Potion"}],"is_trial":false,"path_per_floor":["M","M","M","$","M","R","M","E","T","?","M","M","?","M","R","B"],"character_chosen":"DEFECT","items_purchased":["Fission"],"campfire_rested":1,"item_purchase_floors":[4],"current_hp_per_floor":[68,68,68,68,46,46,21,3,3,27,20,16,16,5,29,0],"gold":191,"neow_bonus":"THREE_ENEMY_KILL","is_prod":false,"is_daily":false,"chose_seed":false,"campfire_upgraded":1,"win_rate":0,"timestamp":1547960476,"path_taken":["M","M","M","$","M","R","M","E","T","?","M","M","?","M","R","BOSS"],"build_version":"2019-01-17v2","purchased_purges":0,"victory":false,"max_hp_per_floor":[75,75,75,75,75,75,75,75,75,81,81,81,81,81,81,81],"card_choices":[{"not_picked":["Redo","Skim"],"picked":"Gash","floor":1},{"not_picked":["BootSequence","Stack"],"picked":"Gash","floor":2},{"not_picked":["Leap","Self Repair"],"picked":"Coolheaded","floor":3},{"not_picked":["Redo","Stack","Melter"],"picked":"SKIP","floor":5},{"not_picked":["Conserve Battery","Compile Driver"],"picked":"Cold Snap","floor":7},{"not_picked":["Streamline","Leap"],"picked":"Darkness","floor":8},{"not_picked":["Blizzard","Core Surge"],"picked":"FTL","floor":11},{"not_picked":["Stack","Barrage"],"picked":"Redo","floor":12},{"not_picked":["Skim","Compile Driver"],"picked":"Steam","floor":14},{"not_picked":["Hologram","White Noise"],"picked":"Loop","floor":15}],"player_experience":608891,"relics_obtained":[{"floor":8,"key":"Darkstone Periapt"},{"floor":9,"key":"Dream Catcher"}],"event_choices":[{"damage_healed":18,"gold_gain":0,"player_choice":"Healed and dodged fight","damage_taken":0,"max_hp_gain":0,"max_hp_loss":0,"event_name":"Mushrooms","floor":10,"gold_loss":0,"cards_obtained":["Parasite"]},{"damage_healed":0,"gold_gain":0,"player_choice":"Fled","damage_taken":0,"max_hp_gain":0,"max_hp_loss":0,"event_name":"Scrap Ooze","floor":13,"gold_loss":0}],"is_beta":false,"boss_relics":[],"items_purged_floors":[],"is_endless":false,"potions_floor_spawned":[3,5,8,14],"killed_by":"Slime Boss","ascension_level":9}