{"gold_per_floor":[116,135,145,160,160,190,190,155,231,263,438,457,30,42,42,42],"floor_reached":16,"playtime":657,"items_purged":["Doubt"],"score":168,"play_id":"a59802b4-dbbf-4e44-8bfb-9b7f237c0e7a","local_time":"20190207140258","is_ascension_mode":true,"campfire_choices":[{"floor":7,"key":"REST"},{"data":"Coolheaded","floor":15,"key":"SMITH"}],"neow_cost":"NONE","seed_source_timestamp":272431982841354,"circlet_count":0,"master_deck":["AscendersBane","Strike_B","Strike_B","Strike_B","Strike_B","Defend_B","Defend_B","Defend_B","Defend_B","Zap+1","Dualcast+1","Ball Lightning","Auto Shields","Streamline","Coolheaded+1","Machine Learning","Self Repair","Machine Learning+1","Chill","Static Discharge+1"],"relics":["Cracked Core","WingedGreaves","Frozen Egg 2","Bag of Preparation","Oddly Smooth Stone","PrismaticShard"],"potions_floor_usage":[2,6],"damage_taken":[{"damage":9,"enemies":"Small Slimes","floor":1,"turns":3},{"damage":9,"enemies":"2 Louse","floor":2,"turns":2},{"damage":2,"enemies":"Jaw Worm","floor":3,"turns":3},{"damage":9,"enemies":"3 Louse","floor":4,"turns":3},{"damage":15,"enemies":"Gremlin Nob","floor":6,"turns":4},{"damage":25,"enemies":"Lagavulin","floor":10,"turns":5},{"damage":5,"enemies":"Looter","floor":12,"turns":4},{"damage":0,"enemies":"Blue Slaver","floor":14,"turns":4},{"damage":42,"enemies":"Slime Boss","floor":16,"turns":5}],"seed_played":"6638440067031401830","potions_obtained":[{"floor":1,"key":"LiquidBronze"},{"floor":4,"key":"SneckoOil"},{"floor":12,"key":"Energy Potion"}],"is_trial":false,"path_per_floor":["M","M","M","M","?","E","R","?","T","E","?","M","$","M","R","B"],"character_chosen":"DEFECT","items_purchased":["Oddly Smooth Stone","PrismaticShard"],"campfire_rested":1,"item_purchase_floors":[13,13],"current_hp_per_floor":[59,50,48,39,24,9,31,49,49,31,31,33,33,40,40,0],"gold":42,"neow_bonus":"THREE_CARDS","is_prod":false,"is_daily":false,"chose_seed":false,"campfire_upgraded":1,"win_rate":0,"timestamp":1549526578,"path_taken":["M","M","M","M","?","E","R","?","T","E","?","M","$","M","R","BOSS"],"build_version":"2019-01-23","purchased_purges":1,"victory":false,"max_hp_per_floor":[75,75,75,75,75,75,75,75,75,75,75,75,75,75,75,75],"card_choices":[{"not_picked":["Barrage","Beam Cell"],"picked":"Ball Lightning","floor":0},{"not_picked":["Rebound","Sweeping Beam"],"picked":"Auto Shields","floor":1},{"not_picked":["Beam Cell","Turbo"],"picked":"Streamline","floor":2},{"not_picked":["Stack","Undo"],"picked":"Coolheaded","floor":3},{"not_picked":["Sweeping Beam","Hologram"],"picked":"Machine Learning","floor":4},{"not_picked":["Reinforced Body","Double Energy"],"picked":"Self Repair","floor":6},{"not_picked":["Chaos","Hologram"],"picked":"Machine Learning+1","floor":10},{"not_picked":["Barrage","Hologram"],"picked":"Chill","floor":12},{"not_picked":["Ghostly Armor","Sweeping Beam"],"picked":"Static Discharge+1","floor":14}],"player_experience":743170,"relics_obtained":[{"floor":6,"key":"WingedGreaves"},{"floor":9,"key":"Frozen Egg 2"},{"floor":10,"key":"Bag of Preparation"}],"event_choices":[{"damage_healed":0,"gold_gain":0,"player_choice":"Entered Light","damage_taken":15,"max_hp_gain":0,"max_hp_loss":0,"event_name":"Shining Light","floor":5,"gold_loss":0,"cards_upgraded":["Dualcast","Zap"]},{"damage_healed":18,"gold_gain":0,"player_choice":"Healed","damage_taken":0,"max_hp_gain":0,"max_hp_loss":0,"event_name":"The Cleric","floor":8,"gold_loss":35},{"damage_healed":0,"gold_gain":175,"player_choice":"AGREE","damage_taken":0,"max_hp_gain":0,"max_hp_loss":0,"event_name":"Liars Game","floor":11,"gold_loss":0,"cards_obtained":["Doubt"]}],"is_beta":false,"boss_relics":[],"items_purged_floors":[13],"is_endless":false,"potions_floor_spawned":[1,4,12],"killed_by":"Slime Boss","ascension_level":10}