{"gold_per_floor":[116,216,231,27,37,71,71,81,166,166,183,197,217,242,242,342,342,361,378,101,119,131,160,170,187,211,211,225,225,255,270,270,371,371,390,390,405,415,415,440,452,498,510,553,565,36,70,85,85,85,85,85,85,116,116],"floor_reached":55,"playtime":3631,"items_purged":["Strike_R"],"score":843,"play_id":"5831f8ee-4e36-4d8e-ad16-26bab28e808e","local_time":"20190201102124","is_ascension_mode":false,"campfire_choices":[{"data":"Whirlwind","floor":7,"key":"SMITH"},{"data":"Armaments","floor":10,"key":"SMITH"},{"data":"Heavy Blade","floor":15,"key":"SMITH"},{"floor":27,"key":"RECALL"},{"data":"Flame Barrier","floor":32,"key":"SMITH"},{"data":"Warcry","floor":41,"key":"SMITH"},{"floor":45,"key":"REST"},{"data":"Limit Break","floor":49,"key":"SMITH"},{"data":"Shrug It Off","floor":52,"key":"SMITH"}],"neow_cost":"NONE","seed_source_timestamp":208592052050852,"circlet_count":0,"master_deck":["Strike_R","Strike_R","Strike_R","Defend_R","Defend_R","Defend_R","Defend_R","Bash+1","Juggernaut","Shrug It Off+1","Whirlwind+1","Heavy Blade+1","Reaper+1","Armaments+1","Flex","Warcry+1","Reaper","Body Slam+1","Metallicize+1","Shrug It Off+1","Flame Barrier+1","Havoc+1","Feed","Writhe","Limit Break+1","Offering","Pommel Strike+1"],"relics":["Burning Blood","Brimstone","Mercury Hourglass","Tiny Chest","Juzu Bracelet","Sozu","PreservedInsect","Pantograph","Matryoshka","Busted Crown","MawBank","Whetstone","Bottled Flame","Singing Bowl","Mummified Hand","Bag of Marbles","Red Skull","Omamori","Sundial"],"potions_floor_usage":[6,6,16,16,24],"damage_taken":[{"damage":10,"enemies":"Jaw Worm","floor":1,"turns":4},{"damage":0,"enemies":"Cultist","floor":3,"turns":3},{"damage":0,"enemies":"2 Louse","floor":5,"turns":1},{"damage":14,"enemies":"3 Sentries","floor":6,"turns":4},{"damage":11,"enemies":"Looter","floor":8,"turns":2},{"damage":0,"enemies":"Large Slime","floor":11,"turns":2},{"damage":0,"enemies":"2 Fungi Beasts","floor":12,"turns":1},{"damage":0,"enemies":"3 Louse","floor":13,"turns":1},{"damage":8,"enemies":"Gremlin Nob","floor":14,"turns":3},{"damage":78,"enemies":"Hexaghost","floor":16,"turns":6},{"damage":15,"enemies":"Shell Parasite","floor":18,"turns":4},{"damage":0,"enemies":"Chosen","floor":19,"turns":2},{"damage":2,"enemies":"Sentry and Sphere","floor":21,"turns":3},{"damage":38,"enemies":"Shelled Parasite and Fungi","floor":22,"turns":3},{"damage":33,"enemies":"Slavers","floor":23,"turns":3},{"damage":9,"enemies":"3 Cultists","floor":24,"turns":3},{"damage":14,"enemies":"Snecko","floor":25,"turns":4},{"damage":10,"enemies":"Chosen and Byrds","floor":28,"turns":6},{"damage":12,"enemies":"Gremlin Leader","floor":30,"turns":4},{"damage":26,"enemies":"Cultist and Chosen","floor":31,"turns":6},{"damage":72,"enemies":"Champ","floor":33,"turns":7},{"damage":11,"enemies":"3 Darklings","floor":35,"turns":4},{"damage":42,"enemies":"3 Shapes","floor":37,"turns":3},{"damage":17,"enemies":"Sphere and 2 Shapes","floor":38,"turns":4},{"damage":28,"enemies":"Nemesis","floor":40,"turns":5},{"damage":20,"enemies":"Reptomancer","floor":42,"turns":4},{"damage":58,"enemies":"Nemesis","floor":44,"turns":6},{"damage":11,"enemies":"Giant Head","floor":47,"turns":4},{"damage":8,"enemies":"Spire Growth","floor":48,"turns":3},{"damage":105,"enemies":"Donu and Deca","floor":50,"turns":7},{"damage":44,"enemies":"Shield and Spear","floor":54,"turns":5},{"damage":138,"enemies":"The Heart","floor":55,"turns":3}],"seed_played":"-3285694832886590458","potions_obtained":[{"floor":1,"key":"Fire Potion"},{"floor":3,"key":"Block Potion"},{"floor":5,"key":"SteroidPotion"},{"floor":13,"key":"LiquidBronze"},{"floor":16,"key":"Dexterity Potion"}],"is_trial":false,"path_per_floor":["M","?","M","$","M","E","R","M","T","R","M","M","M","E","R","B",null,"M","M","$","M","M","E","M","M","T","R","M","?","E","M","R","B",null,"M","?","M","M","?","E","R","E","T","E","R","$","E","M","R","B",null,"R","$","E","B"],"character_chosen":"IRONCLAD","items_purchased":["Brimstone","PreservedInsect","Shrug It Off","Limit Break","Offering","Bag of Marbles","Red Skull"],"campfire_rested":1,"item_purchase_floors":[4,20,20,46,46,46,46],"current_hp_per_floor":[76,76,80,80,80,72,72,67,67,67,73,79,80,78,78,23,80,71,77,77,80,60,67,77,69,69,69,77,77,74,67,67,32,80,75,75,48,37,57,71,71,78,78,42,66,66,82,84,84,33,84,84,84,79,0],"gold":116,"neow_bonus":"ONE_RANDOM_RARE_CARD","is_prod":false,"is_daily":false,"chose_seed":false,"campfire_upgraded":7,"win_rate":0,"timestamp":1549045284,"path_taken":["M","?","M","$","M","E","R","?","T","R","?","M","M","E","R","BOSS","M","M","?","M","M","E","M","M","T","R","M","?","E","M","R","BOSS","M","?","M","M","?","E","R","E","T","E","R","$","E","M","R","BOSS","R","$","E","BOSS"],"build_version":"2019-01-23","purchased_purges":1,"victory":false,"max_hp_per_floor":[80,80,80,80,80,80,80,80,80,80,80,80,80,80,80,80,80,80,80,80,80,80,80,80,80,80,80,80,80,80,80,80,80,80,80,80,80,80,80,80,80,80,80,82,82,82,82,84,84,84,84,84,84,86,86],"card_choices":[{"not_picked":["Ghostly Armor","Shockwave"],"picked":"Shrug It Off","floor":1},{"not_picked":["Combust","Dual Wield"],"picked":"Whirlwind","floor":3},{"not_picked":["Searing Blow","Battle Trance"],"picked":"Heavy Blade","floor":5},{"not_picked":["True Grit","Corruption"],"picked":"Reaper","floor":6},{"not_picked":["Sentinel","Cleave"],"picked":"Armaments","floor":8},{"not_picked":["Corruption","Reckless Charge"],"picked":"Flex","floor":11},{"not_picked":["Clash","Power Through"],"picked":"Warcry","floor":12},{"not_picked":["Dual Wield","Anger","Rupture"],"picked":"SKIP","floor":13},{"not_picked":["Second Wind","Rage","Havoc"],"picked":"SKIP","floor":14},{"not_picked":["Immolate","Barricade"],"picked":"Reaper","floor":16},{"not_picked":["Anger","Thunderclap"],"picked":"Body Slam+1","floor":18},{"not_picked":["Heavy Blade","Flex","Clash+1"],"picked":"SKIP","floor":19},{"not_picked":["Rage","Twin Strike"],"picked":"Metallicize+1","floor":21},{"not_picked":["Heavy Blade","Evolve","Dropkick"],"picked":"SKIP","floor":22},{"not_picked":["Wild Strike","Fiend Fire","Rage"],"picked":"SKIP","floor":23},{"not_picked":["Anger","Pommel Strike","Headbutt+1"],"picked":"SKIP","floor":24},{"not_picked":["Blood for Blood","Sword Boomerang"],"picked":"Shrug It Off+1","floor":25},{"not_picked":["Clash","Shrug It Off"],"picked":"Flame Barrier","floor":28},{"not_picked":["Flex","Pommel Strike"],"picked":"Havoc+1","floor":30},{"not_picked":["Twin Strike+1","Exhume","Heavy Blade"],"picked":"SKIP","floor":31},{"not_picked":["Reaper","Exhume"],"picked":"Feed","floor":33},{"not_picked":["Heavy Blade"],"picked":"SKIP","floor":35},{"not_picked":["Flex"],"picked":"SKIP","floor":37},{"not_picked":["Carnage"],"picked":"SKIP","floor":38},{"not_picked":["Uppercut"],"picked":"SKIP","floor":40},{"not_picked":["Power Through+1"],"picked":"SKIP","floor":42},{"not_picked":["Pommel Strike"],"picked":"Singing Bowl","floor":44},{"not_picked":[],"picked":"Pommel Strike+1","floor":47},{"not_picked":["Iron Wave"],"picked":"Singing Bowl","floor":48},{"not_picked":["Warcry+1"],"picked":"Singing Bowl","floor":54}],"player_experience":220562,"relics_obtained":[{"floor":6,"key":"Mercury Hourglass"},{"floor":9,"key":"Tiny Chest"},{"floor":14,"key":"Juzu Bracelet"},{"floor":23,"key":"Pantograph"},{"floor":30,"key":"Matryoshka"},{"floor":40,"key":"MawBank"},{"floor":42,"key":"Whetstone"},{"floor":43,"key":"Bottled Flame"},{"floor":43,"key":"Singing Bowl"},{"floor":44,"key":"Mummified Hand"},{"floor":47,"key":"Omamori"},{"floor":54,"key":"Sundial"}],"event_choices":[{"damage_healed":0,"gold_gain":100,"player_choice":"Gold","damage_taken":0,"max_hp_gain":0,"max_hp_loss":0,"event_name":"Wheel of Change","floor":2,"gold_loss":0},{"cards_removed":["Strike_R"],"damage_healed":0,"gold_gain":0,"player_choice":"Elegance","damage_taken":0,"max_hp_gain":0,"max_hp_loss":0,"event_name":"Back to Basics","floor":29,"gold_loss":0},{"cards_removed":["Shrug It Off"],"damage_healed":0,"gold_gain":0,"player_choice":"Removed Skill","damage_taken":0,"max_hp_gain":0,"max_hp_loss":0,"event_name":"Falling","floor":36,"gold_loss":0},{"damage_healed":20,"gold_gain":0,"player_choice":"Writhe","damage_taken":0,"max_hp_gain":0,"max_hp_loss":0,"event_name":"Winding Halls","floor":39,"gold_loss":0,"cards_obtained":["Writhe"]}],"is_beta":false,"boss_relics":[{"not_picked":["Runic Dome","Mark of Pain"],"picked":"Sozu"},{"not_picked":["Black Star","Tiny House"],"picked":"Busted Crown"}],"items_purged_floors":[20],"is_endless":false,"potions_floor_spawned":[1,3,5,13,16,18,19,24,25,33,37,38,44,48,54],"killed_by":"The Heart","ascension_level":0}