{"gold_per_floor":[115,133,152,44,119,150,169,24,106,123,136,136,161,161,161,256,256,272,272,8,8,8,8,36,49,49,79,99,118,118,137,137,237,237,253,264,284,27,44,44,79,97,120,132,145,145,157,168,168,168],"floor_reached":50,"playtime":3151,"items_purged":["Strike_R","Blood for Blood","Armaments"],"score":609,"play_id":"c41f1909-96c3-4c3e-b2f8-9197b1c06f67","local_time":"20190204170402","is_ascension_mode":true,"campfire_choices":[{"floor":12.0,"key":"REST"},{"floor":15.0,"key":"REST"},{"data":"Flame Barrier","floor":23.0,"key":"SMITH"},{"data":"Havoc","floor":30.0,"key":"SMITH"},{"floor":32.0,"key":"RECALL"},{"floor":40,"key":"REST"},{"floor":49,"key":"REST"}],"neow_cost":"NONE","seed_source_timestamp":0,"circlet_count":0,"master_deck":["Bash","Limit Break","Headbutt","Heavy Blade","Spot Weakness","Inflame","Whirlwind","Inflame","Havoc+1","Reaper","Offering","Havoc","Dropkick","Limit Break","Armaments","Thunderclap","Immolate","Flame Barrier+1","Shrug It Off","Ghostly Armor","Inflame","Reckless Charge","Shrug It Off","Body Slam+1","Offering","Havoc+1","Demon Form","Shockwave","Feel No Pain","Shrug It Off","Flame Barrier+1","Flex+1","Battle Trance"],"special_seed":0,"relics":["Burning Blood","Charon\u0027s Ashes","Paper Frog","Centennial Puzzle","Bronze Scales","Pandora\u0027s Box","Molten Egg 2","Bottled Tornado","Sundial","Fusion Hammer","Darkstone Periapt"],"potions_floor_usage":[39,41,47,47],"damage_taken":[{"damage":11.0,"enemies":"Jaw Worm","floor":1.0,"turns":3.0},{"damage":8.0,"enemies":"2 Louse","floor":2.0,"turns":4.0},{"damage":1.0,"enemies":"Cultist","floor":3.0,"turns":3.0},{"damage":37.0,"enemies":"Gremlin Nob","floor":6.0,"turns":4.0},{"damage":4.0,"enemies":"2 Fungi Beasts","floor":7.0,"turns":3.0},{"damage":31.0,"enemies":"Exordium Thugs","floor":10.0,"turns":6.0},{"damage":3.0,"enemies":"Gremlin Gang","floor":11.0,"turns":2.0},{"damage":36.0,"enemies":"Lagavulin","floor":13.0,"turns":6.0},{"damage":37.0,"enemies":"Hexaghost","floor":16.0,"turns":7.0},{"damage":23.0,"enemies":"Shell Parasite","floor":18.0,"turns":3.0},{"damage":26.0,"enemies":"Slavers","floor":24.0,"turns":2.0},{"damage":40.0,"enemies":"2 Thieves","floor":25.0,"turns":3.0},{"damage":0.0,"enemies":"Gremlin Leader","floor":27.0,"turns":5.0},{"damage":16.0,"enemies":"Cultist and Chosen","floor":28.0,"turns":3.0},{"damage":16.0,"enemies":"Chosen and Byrds","floor":29.0,"turns":4.0},{"damage":12.0,"enemies":"3 Cultists","floor":31.0,"turns":1.0},{"damage":66.0,"enemies":"Automaton","floor":33.0,"turns":7.0},{"damage":5,"enemies":"Orb Walker","floor":35,"turns":3},{"damage":11,"enemies":"3 Darklings","floor":36,"turns":2},{"damage":6,"enemies":"Sphere and 2 Shapes","floor":37,"turns":2},{"damage":59,"enemies":"Writhing Mass","floor":39,"turns":4},{"damage":17,"enemies":"Nemesis","floor":41,"turns":3},{"damage":13,"enemies":"Maw","floor":42,"turns":5},{"damage":17,"enemies":"Spire Growth","floor":44,"turns":3},{"damage":36,"enemies":"Transient","floor":45,"turns":5},{"damage":8,"enemies":"Sphere and 2 Shapes","floor":47,"turns":3},{"damage":18,"enemies":"Writhing Mass","floor":48,"turns":4},{"damage":57,"enemies":"Time Eater","floor":50,"turns":7}],"seed_played":"2667319469441527332","potions_obtained":[{"floor":2.0,"key":"Regen Potion"},{"floor":6.0,"key":"Ancient Potion"},{"floor":10.0,"key":"Strength Potion"},{"floor":11.0,"key":"Explosive Potion"},{"floor":19.0,"key":"Dexterity Potion"},{"floor":19.0,"key":"FairyPotion"},{"floor":19.0,"key":"Fire Potion"},{"floor":27.0,"key":"Fruit Juice"},{"floor":31.0,"key":"FearPotion"},{"floor":41,"key":"Explosive Potion"},{"floor":44,"key":"Block Potion"},{"floor":45,"key":"EssenceOfSteel"},{"floor":48,"key":"LiquidBronze"}],"is_trial":false,"path_per_floor":["M","M","M","$","?","E","M","$","T","M","M","R","E","?","R","B",null,"M","?","$","?","$","R","E","M","T","E","M","M","R","M","R","B",null,"M","M","M","$","M","R","E","M","T","M","M","?","M","M","R","B"],"character_chosen":"IRONCLAD","items_purchased":["Inflame","Armaments","Inflame","Shrug It Off","Ghostly Armor","Inflame","Feel No Pain","Shrug It Off"],"campfire_rested":4,"item_purchase_floors":[4,4,8,20,20,20,38,38],"current_hp_per_floor":[75,73,78,78,67,41,43,43,43,18,21,45,15,3,27,8,80,63,63,63,63,63,63,43,41,41,76,66,67,67,83,83,23,85,85,80,80,80,46,71,60,53,53,42,24,24,22,10,35,0],"gold":168,"neow_bonus":"ONE_RANDOM_RARE_CARD","is_prod":false,"is_daily":false,"chose_seed":false,"campfire_upgraded":2,"win_rate":0,"timestamp":1549328642,"path_taken":["M","M","M","$","?","E","M","$","T","M","M","R","E","?","R","BOSS","M","?","?","?","$","R","E","M","T","E","?","M","R","M","R","BOSS","M","M","M","$","M","R","E","M","T","M","?","?","M","M","R","BOSS"],"build_version":"2019-01-23","purchased_purges":3,"victory":false,"max_hp_per_floor":[80,80,80,80,80,80,80,80,80,80,80,80,80,80,80,80,80,80,80,80,80,80,80,80,80,80,85,85,85,85,85,85,85,85,85,85,85,85,85,85,85,85,85,85,85,85,85,85,85,85],"card_choices":[{"not_picked":["Havoc","Clash"],"picked":"Headbutt","floor":1.0},{"not_picked":["Twin Strike","Brutality"],"picked":"Heavy Blade","floor":2.0},{"not_picked":["Flex","Havoc"],"picked":"Spot Weakness","floor":3.0},{"not_picked":["Exhume","Rampage"],"picked":"Whirlwind","floor":6.0},{"not_picked":["Wild Strike","Sword Boomerang","Perfected Strike"],"picked":"SKIP","floor":7.0},{"not_picked":["Heavy Blade","Perfected Strike","Clothesline"],"picked":"SKIP","floor":10.0},{"not_picked":["Carnage","Whirlwind"],"picked":"Havoc","floor":11.0},{"not_picked":["Dual Wield","Heavy Blade"],"picked":"Reaper","floor":13.0},{"not_picked":["Reaper","Double Tap"],"picked":"Offering","floor":16.0},{"not_picked":["Heavy Blade","Twin Strike"],"picked":"Flame Barrier","floor":18.0},{"not_picked":["Thunderclap","Heavy Blade"],"picked":"Shrug It Off","floor":24.0},{"not_picked":["Rage+1","Sentinel+1"],"picked":"Body Slam+1","floor":25.0},{"not_picked":["Thunderclap+1","Havoc"],"picked":"Offering","floor":27.0},{"not_picked":["Iron Wave+1","Inflame"],"picked":"Havoc+1","floor":28.0},{"not_picked":["Rage","Twin Strike+1","Clothesline+1"],"picked":"SKIP","floor":29.0},{"not_picked":["Clothesline+1","Fire Breathing","Entrench+1"],"picked":"SKIP","floor":31.0},{"not_picked":["Impervious","Brutality"],"picked":"Demon Form","floor":33.0},{"not_picked":["Havoc+1","Dual Wield"],"picked":"Shockwave","floor":35},{"not_picked":["Flex+1","Warcry","Sword Boomerang+1"],"picked":"SKIP","floor":36},{"not_picked":["Iron Wave+1","Perfected Strike+1","Wild Strike+1"],"picked":"SKIP","floor":37},{"not_picked":["Clothesline+1","Dropkick+1"],"picked":"Flame Barrier+1","floor":39},{"not_picked":["Twin Strike+1","Combust"],"picked":"Flex+1","floor":41},{"not_picked":["Perfected Strike+1","Pummel+1","Warcry"],"picked":"SKIP","floor":42},{"not_picked":["Second Wind","Body Slam+1","Rage+1"],"picked":"SKIP","floor":44},{"not_picked":["Rupture","Intimidate"],"picked":"Battle Trance","floor":45},{"not_picked":["Thunderclap+1","Sword Boomerang+1","Pommel Strike+1"],"picked":"SKIP","floor":47},{"not_picked":["Heavy Blade+1","Cleave+1","Clothesline+1"],"picked":"SKIP","floor":48}],"player_experience":267867,"relics_obtained":[{"floor":6.0,"key":"Charon\u0027s Ashes"},{"floor":9.0,"key":"Paper Frog"},{"floor":13.0,"key":"Centennial Puzzle"},{"floor":24.0,"key":"Molten Egg 2"},{"floor":26.0,"key":"Bottled Tornado"},{"floor":27.0,"key":"Sundial"},{"floor":41,"key":"Darkstone Periapt"}],"event_choices":[{"damage_healed":0.0,"max_hp_gain":0.0,"max_hp_loss":0.0,"gold_gain":75.0,"event_name":"World of Goop","player_choice":"Gather Gold","floor":5.0,"gold_loss":0.0,"damage_taken":11.0},{"damage_healed":0.0,"max_hp_gain":0.0,"max_hp_loss":0.0,"gold_gain":0.0,"event_name":"Scrap Ooze","player_choice":"Success","floor":14.0,"gold_loss":0.0,"damage_taken":12.0,"relics_obtained":["Bronze Scales"]},{"damage_healed":0.0,"max_hp_gain":0.0,"max_hp_loss":0.0,"gold_gain":0.0,"event_name":"Lab","player_choice":"Got Potions","floor":19.0,"gold_loss":0.0,"damage_taken":0.0},{"damage_healed":0.0,"max_hp_gain":0.0,"max_hp_loss":0.0,"gold_gain":0.0,"cards_transformed":["Clash"],"event_name":"Transmorgrifier","player_choice":"Transformed","floor":21.0,"gold_loss":0.0,"damage_taken":0.0,"cards_obtained":["Reckless Charge"]},{"damage_healed":0,"gold_gain":0,"player_choice":"Ignored","damage_taken":0,"max_hp_gain":0,"max_hp_loss":0,"event_name":"Mysterious Sphere","floor":46,"gold_loss":0}],"is_beta":false,"boss_relics":[{"not_picked":["Velvet Choker","Orrery"],"picked":"Pandora\u0027s Box"},{"not_picked":["Empty Cage","Runic Pyramid"],"picked":"Fusion Hammer"}],"items_purged_floors":[8,20,38],"is_endless":false,"potions_floor_spawned":[2,6,10,11,27,31,33,35,37,41,44,45,48],"killed_by":"Time Eater","ascension_level":1}