{"gold_per_floor":[114,11,28,28,128,154,167,193,238,258,270,300,250,250,250,353,353,367,348,367,367,367],"floor_reached":22,"playtime":1271,"items_purged":[],"score":347,"play_id":"d3d4f550-f5dd-45fb-8b12-d87001f60237","local_time":"20190206143535","is_ascension_mode":true,"campfire_choices":[{"data":"Zap","floor":15,"key":"SMITH"}],"neow_cost":"NONE","seed_source_timestamp":187373181377642,"circlet_count":0,"master_deck":["AscendersBane","Strike_B","Strike_B","Defend_B","Defend_B","Defend_B","Defend_B","Zap+1","Dualcast","Ball Lightning","FTL","Self Repair","Sweeping Beam","Coolheaded","Steam","Cold Snap","Chill","Conserve Battery","Darkness","Consume","Redo","Beam Cell","FTL"],"relics":["Cracked Core","NeowsBlessing","Shuriken","Omamori","Blood Vial","Smiling Mask","Inserter"],"potions_floor_usage":[20,22,22,22],"damage_taken":[{"damage":0,"enemies":"Jaw Worm","floor":1,"turns":1},{"damage":0,"enemies":"Cultist","floor":3,"turns":1},{"damage":0,"enemies":"Gremlin Nob","floor":6,"turns":1},{"damage":0,"enemies":"Small Slimes","floor":7,"turns":3},{"damage":28,"enemies":"Lagavulin","floor":8,"turns":7},{"damage":17,"enemies":"3 Louse","floor":10,"turns":2},{"damage":3,"enemies":"Gremlin Gang","floor":11,"turns":4},{"damage":10,"enemies":"3 Sentries","floor":12,"turns":6},{"damage":41,"enemies":"Hexaghost","floor":16,"turns":12},{"damage":32,"enemies":"3 Byrds","floor":18,"turns":5},{"damage":12,"enemies":"2 Thieves","floor":19,"turns":4},{"damage":21,"enemies":"Snake Plant","floor":20,"turns":7},{"damage":38,"enemies":"Snecko","floor":22,"turns":4}],"seed_played":"7770329109704581083","potions_obtained":[{"floor":3,"key":"Regen Potion"},{"floor":6,"key":"FearPotion"},{"floor":11,"key":"SpeedPotion"},{"floor":16,"key":"FocusPotion"},{"floor":18,"key":"EntropicBrew"}],"is_trial":false,"path_per_floor":["M","$","M","$","?","E","M","E","T","M","M","E","?","?","R","B",null,"M","M","M","?","M"],"character_chosen":"DEFECT","items_purchased":["FTL","Self Repair"],"campfire_rested":0,"item_purchase_floors":[2,2],"current_hp_per_floor":[68,68,68,68,68,68,75,54,54,39,45,44,44,44,44,12,59,36,33,36,36,0],"gold":367,"neow_bonus":"THREE_ENEMY_KILL","is_prod":false,"is_daily":false,"chose_seed":false,"campfire_upgraded":1,"win_rate":0,"timestamp":1549442135,"path_taken":["M","$","M","$","?","E","?","E","T","M","M","E","?","?","R","BOSS","M","M","?","?","?"],"build_version":"2019-01-23","purchased_purges":0,"victory":false,"max_hp_per_floor":[75,75,75,75,75,75,75,75,75,75,75,75,75,75,75,75,75,75,75,75,75,75],"card_choices":[{"not_picked":["Hologram","Beam Cell"],"picked":"Ball Lightning","floor":1},{"not_picked":["Ball Lightning","Barrage","Redo"],"picked":"SKIP","floor":3},{"not_picked":["Core Surge","Consume"],"picked":"Sweeping Beam","floor":6},{"not_picked":["Ball Lightning","Self Repair"],"picked":"Coolheaded","floor":7},{"not_picked":["Chaos","Compile Driver"],"picked":"Steam","floor":8},{"not_picked":["Beam Cell","White Noise"],"picked":"Cold Snap","floor":10},{"not_picked":["Auto Shields","Static Discharge"],"picked":"Chill","floor":11},{"not_picked":["Genetic Algorithm","Coolheaded"],"picked":"Conserve Battery","floor":12},{"not_picked":["Cold Snap","Go for the Eyes"],"picked":"Consume","floor":18},{"not_picked":["Turbo","Barrage"],"picked":"Redo","floor":19},{"not_picked":["Turbo","Capacitor"],"picked":"Beam Cell","floor":20}],"player_experience":738554,"relics_obtained":[{"floor":6,"key":"Shuriken"},{"floor":8,"key":"Omamori"},{"floor":9,"key":"Blood Vial"},{"floor":12,"key":"Smiling Mask"}],"event_choices":[{"damage_healed":0,"gold_gain":100,"player_choice":"Pray","damage_taken":0,"max_hp_gain":0,"max_hp_loss":0,"event_name":"Golden Shrine","floor":5,"gold_loss":0},{"cards_removed":["Strike_B"],"damage_healed":0,"gold_gain":0,"player_choice":"Card Removal","damage_taken":0,"max_hp_gain":0,"max_hp_loss":0,"event_name":"The Cleric","floor":13,"gold_loss":50},{"damage_healed":0,"gold_gain":0,"cards_transformed":["Strike_B"],"player_choice":"Transformed","damage_taken":0,"max_hp_gain":0,"max_hp_loss":0,"event_name":"Transmorgrifier","floor":14,"gold_loss":0,"cards_obtained":["Darkness"]},{"damage_healed":0,"gold_gain":0,"player_choice":"Copied","damage_taken":0,"max_hp_gain":0,"max_hp_loss":0,"event_name":"Duplicator","floor":21,"gold_loss":0,"cards_obtained":["FTL"]}],"is_beta":false,"boss_relics":[{"not_picked":["Eternal Feather","Black Star"],"picked":"Inserter"}],"items_purged_floors":[],"is_endless":false,"potions_floor_spawned":[3,6,11,16,18],"killed_by":"Snecko","ascension_level":10}