{"gold_per_floor":[116,66,46,46,66,92,110,128,154,170,180,212,229,229,229,326,326,342,342,353,155,173,173,83,112,112,127,127,154,154,172,172,275,275,295,295,271,286,64,91,91,91],"floor_reached":42,"playtime":1990,"items_purged":[],"score":581,"play_id":"c68d189b-2feb-4d1f-aa18-c7bbfdbbd10f","local_time":"20190125224748","is_ascension_mode":true,"campfire_choices":[{"floor":15,"key":"RECALL"},{"data":"Demon Form","floor":23,"key":"SMITH"},{"floor":28,"key":"REST"},{"data":"Clothesline","floor":30,"key":"SMITH"},{"floor":32,"key":"REST"}],"neow_cost":"NONE","seed_source_timestamp":6678549269764,"circlet_count":0,"master_deck":["Strike_R","Strike_R","Strike_R","Strike_R","Defend_R+1","Defend_R","Defend_R","Bash+1","Pommel Strike","Heavy Blade","Perfected Strike","Demon Form+1","Heavy Blade","Clothesline+1","Dual Wield+1","Fiend Fire","Shrug It Off","Havoc"],"relics":["Burning Blood","NeowsBlessing","PreservedInsect","Regal Pillow","Vajra","Snecko Eye","Blood Vial","Shuriken","Omamori","Dead Branch","Busted Crown","HandDrill","Red Skull"],"potions_floor_usage":[10,12,12,13,16,25,29,29,35,42],"damage_taken":[{"damage":0,"enemies":"Small Slimes","floor":1,"turns":1},{"damage":0,"enemies":"Cultist","floor":5,"turns":1},{"damage":0,"enemies":"3 Sentries","floor":6,"turns":1},{"damage":5,"enemies":"2 Louse","floor":7,"turns":2},{"damage":16,"enemies":"2 Fungi Beasts","floor":8,"turns":3},{"damage":5,"enemies":"Looter","floor":10,"turns":2},{"damage":19,"enemies":"Blue Slaver","floor":11,"turns":4},{"damage":3,"enemies":"Lagavulin","floor":12,"turns":2},{"damage":12,"enemies":"Large Slime","floor":13,"turns":4},{"damage":49,"enemies":"Hexaghost","floor":16,"turns":9},{"damage":15,"enemies":"Shell Parasite","floor":18,"turns":3},{"damage":28,"enemies":"3 Byrds","floor":20,"turns":5},{"damage":13,"enemies":"Snecko","floor":22,"turns":4},{"damage":43,"enemies":"Book of Stabbing","floor":25,"turns":4},{"damage":4,"enemies":"Centurion and Healer","floor":27,"turns":3},{"damage":12,"enemies":"Slavers","floor":29,"turns":4},{"damage":8,"enemies":"3 Cultists","floor":31,"turns":4},{"damage":37,"enemies":"Automaton","floor":33,"turns":5},{"damage":13,"enemies":"3 Darklings","floor":35,"turns":3},{"damage":8,"enemies":"3 Shapes","floor":38,"turns":2},{"damage":57,"enemies":"Nemesis","floor":40,"turns":5},{"damage":78,"enemies":"Reptomancer","floor":42,"turns":3}],"seed_played":"102921897188649145","potions_obtained":[{"floor":1,"key":"EssenceOfSteel"},{"floor":3,"key":"AttackPotion"},{"floor":7,"key":"SkillPotion"},{"floor":10,"key":"SteroidPotion"},{"floor":13,"key":"Weak Potion"},{"floor":16,"key":"SneckoOil"},{"floor":20,"key":"Poison Potion"},{"floor":27,"key":"SpeedPotion"},{"floor":33,"key":"Swift Potion"},{"floor":35,"key":"Strength Potion"},{"floor":40,"key":"Block Potion"}],"is_trial":false,"path_per_floor":["M","?","?","$","M","E","M","M","T","M","M","E","M","?","R","B",null,"M","?","M","$","M","R","?","E","T","M","R","E","R","M","R","B",null,"M","?","$","M","$","E","?","E"],"character_chosen":"IRONCLAD","items_purchased":["Heavy Blade","Blood Vial","Shrug It Off","Havoc","HandDrill"],"campfire_rested":2,"item_purchase_floors":[21,21,37,39,39],"current_hp_per_floor":[80,80,80,80,80,80,80,70,70,71,58,61,55,55,55,12,80,71,71,49,49,44,44,44,9,9,13,52,48,48,48,80,49,80,73,73,73,73,73,24,70,0],"gold":91,"neow_bonus":"THREE_ENEMY_KILL","is_prod":false,"is_daily":false,"chose_seed":false,"campfire_upgraded":2,"win_rate":0,"timestamp":1548434868,"path_taken":["M","?","?","$","M","E","M","?","T","M","M","E","M","?","R","BOSS","M","?","M","$","M","R","?","E","T","M","R","E","R","?","R","BOSS","M","?","$","M","$","E","?","E"],"build_version":"2019-01-23","purchased_purges":0,"victory":false,"max_hp_per_floor":[80,80,80,80,80,80,80,80,80,80,80,80,80,80,80,80,80,80,80,80,80,80,80,80,80,80,80,80,80,80,80,80,80,80,80,80,80,80,80,80,70,70],"card_choices":[{"not_picked":["Hemokinesis","Clothesline"],"picked":"Pommel Strike","floor":1},{"not_picked":["Pommel Strike","Thunderclap"],"picked":"Heavy Blade","floor":5},{"not_picked":["Feel No Pain","Entrench","Havoc"],"picked":"SKIP","floor":6},{"not_picked":["Cleave","Sword Boomerang"],"picked":"Perfected Strike","floor":7},{"not_picked":["Barricade","Clothesline","Havoc"],"picked":"SKIP","floor":8},{"not_picked":["Anger","Armaments","Burning Pact"],"picked":"SKIP","floor":10},{"not_picked":["Sever Soul","Wild Strike","Sentinel"],"picked":"SKIP","floor":11},{"not_picked":["Shrug It Off","Twin Strike","Warcry"],"picked":"SKIP","floor":12},{"not_picked":["Ghostly Armor","Second Wind","Thunderclap"],"picked":"SKIP","floor":13},{"not_picked":["Feed","Berserk"],"picked":"Demon Form","floor":16},{"not_picked":["Iron Wave","True Grit","Cleave"],"picked":"SKIP","floor":18},{"not_picked":["Fire Breathing","Seeing Red","Havoc"],"picked":"SKIP","floor":20},{"not_picked":["Infernal Blade","Iron Wave","Sentinel+1"],"picked":"SKIP","floor":22},{"not_picked":["Intimidate","Disarm"],"picked":"Clothesline","floor":25},{"not_picked":["Iron Wave+1","Shockwave"],"picked":"Dual Wield+1","floor":27},{"not_picked":["Twin Strike+1","Pommel Strike","Seeing Red"],"picked":"SKIP","floor":29},{"not_picked":["Power Through","Rampage","Armaments"],"picked":"SKIP","floor":31},{"not_picked":["Demon Form","Bludgeon"],"picked":"Fiend Fire","floor":33},{"not_picked":["Anger"],"picked":"SKIP","floor":35},{"not_picked":["Intimidate+1"],"picked":"SKIP","floor":38},{"not_picked":["Anger"],"picked":"SKIP","floor":40}],"player_experience":656706,"relics_obtained":[{"floor":6,"key":"PreservedInsect"},{"floor":9,"key":"Regal Pillow"},{"floor":12,"key":"Vajra"},{"floor":25,"key":"Shuriken"},{"floor":26,"key":"Omamori"},{"floor":29,"key":"Dead Branch"},{"floor":40,"key":"Red Skull"}],"event_choices":[{"cards_removed":["Defend_R"],"damage_healed":0,"gold_gain":0,"player_choice":"Card Removal","damage_taken":0,"max_hp_gain":0,"max_hp_loss":0,"event_name":"The Cleric","floor":2,"gold_loss":50},{"damage_healed":0,"gold_gain":0,"player_choice":"Bought 1 Potion","damage_taken":0,"max_hp_gain":0,"max_hp_loss":0,"event_name":"The Woman in Blue","floor":3,"gold_loss":0},{"damage_healed":0,"gold_gain":0,"player_choice":"Forge","damage_taken":0,"max_hp_gain":0,"max_hp_loss":0,"event_name":"Accursed Blacksmith","floor":14,"gold_loss":0,"cards_upgraded":["Bash"]},{"damage_healed":0,"gold_gain":0,"player_choice":"Ignored","damage_taken":0,"max_hp_gain":0,"max_hp_loss":0,"event_name":"Vampires","floor":19,"gold_loss":0},{"cards_removed":["Strike_R"],"damage_healed":0,"gold_gain":0,"player_choice":"Upgrade and Remove","damage_taken":0,"max_hp_gain":0,"max_hp_loss":0,"event_name":"Designer","floor":24,"gold_loss":90,"cards_upgraded":["Defend_R"]},{"damage_healed":0,"gold_gain":0,"player_choice":"Memory 1","damage_taken":0,"max_hp_gain":0,"max_hp_loss":0,"event_name":"SensoryStone","floor":36,"gold_loss":0},{"damage_healed":70,"gold_gain":0,"player_choice":"Heal","damage_taken":0,"max_hp_gain":0,"max_hp_loss":10,"event_name":"The Moai Head","floor":41,"gold_loss":0}],"is_beta":false,"boss_relics":[{"not_picked":["Tiny House","Philosopher\u0027s Stone"],"picked":"Snecko Eye"},{"not_picked":["Sozu","Coffee Dripper"],"picked":"Busted Crown"}],"items_purged_floors":[],"is_endless":false,"potions_floor_spawned":[1,7,10,13,16,20,27,33,35,40],"killed_by":"Reptomancer","ascension_level":1}