{"gold_per_floor":[119,136,136,136,156,181,181,199,223,235,254,289,308,320,320,320],"floor_reached":16,"playtime":786,"items_purged":[],"score":141,"play_id":"43c7f041-1df0-4b81-96a2-f08a569f4fc4","local_time":"20190129165826","is_ascension_mode":false,"campfire_choices":[{"floor":7,"key":"RECALL"},{"data":"Metallicize","floor":15,"key":"SMITH"}],"neow_cost":"NONE","seed_source_timestamp":0,"circlet_count":0,"master_deck":["Strike_R+1","Strike_R","Strike_R","Strike_R","Defend_R+1","Defend_R","Defend_R","Defend_R","Bash","Battle Trance","Impervious","Impervious","Corruption","Body Slam","Seeing Red","Metallicize+1"],"special_seed":0,"relics":["Burning Blood","Orichalcum","Strawberry"],"potions_floor_usage":[6,6,10,12],"damage_taken":[{"damage":14,"enemies":"Small Slimes","floor":1,"turns":5},{"damage":2,"enemies":"2 Louse","floor":2,"turns":3},{"damage":0,"enemies":"Cultist","floor":5,"turns":3},{"damage":40,"enemies":"Lagavulin","floor":6,"turns":7},{"damage":0,"enemies":"2 Fungi Beasts","floor":8,"turns":5},{"damage":8,"enemies":"Red Slaver","floor":10,"turns":5},{"damage":5,"enemies":"Looter","floor":11,"turns":4},{"damage":16,"enemies":"Gremlin Nob","floor":12,"turns":4},{"damage":1,"enemies":"Exordium Wildlife","floor":13,"turns":3},{"damage":8,"enemies":"Red Slaver","floor":14,"turns":3},{"damage":44,"enemies":"Hexaghost","floor":16,"turns":11}],"seed_played":"8330797659046106704","potions_obtained":[{"floor":2,"key":"LiquidBronze"},{"floor":5,"key":"SteroidPotion"},{"floor":6,"key":"PowerPotion"},{"floor":8,"key":"LiquidBronze"}],"is_trial":false,"path_per_floor":["M","M","?","?","M","E","R","M","T","M","M","E","M","M","R","B"],"character_chosen":"IRONCLAD","items_purchased":[],"campfire_rested":0,"item_purchase_floors":[],"current_hp_per_floor":[80,84,66,66,72,38,38,44,44,42,43,40,45,43,43,0],"gold":320,"neow_bonus":"TEN_PERCENT_HP_BONUS","is_prod":false,"is_daily":false,"chose_seed":false,"campfire_upgraded":1,"win_rate":0,"timestamp":1548809906,"path_taken":["M","M","?","?","M","E","R","M","T","M","M","E","M","?","R","BOSS"],"build_version":"2019-01-23","purchased_purges":0,"victory":false,"max_hp_per_floor":[88,88,88,88,88,88,88,88,88,88,88,95,95,95,95,95],"card_choices":[{"not_picked":["Twin Strike","Thunderclap","Searing Blow"],"picked":"SKIP","floor":1},{"not_picked":["Hemokinesis","Searing Blow"],"picked":"Battle Trance","floor":2},{"not_picked":["Perfected Strike","Clash","Dropkick"],"picked":"SKIP","floor":5},{"not_picked":["Perfected Strike","Evolve"],"picked":"Impervious","floor":6},{"not_picked":["Battle Trance","Wild Strike"],"picked":"Corruption","floor":8},{"not_picked":["True Grit","Thunderclap"],"picked":"Body Slam","floor":10},{"not_picked":["Dual Wield","Power Through"],"picked":"Seeing Red","floor":11},{"not_picked":["Reckless Charge","Infernal Blade","Cleave"],"picked":"SKIP","floor":12},{"not_picked":["Combust","Spot Weakness","Body Slam"],"picked":"SKIP","floor":13},{"not_picked":["Rage","Bloodletting"],"picked":"Metallicize","floor":14}],"player_experience":194923,"relics_obtained":[{"floor":6,"key":"Orichalcum"},{"floor":12,"key":"Strawberry"}],"event_choices":[{"damage_healed":0,"gold_gain":0,"player_choice":"Entered Light","damage_taken":18,"max_hp_gain":0,"max_hp_loss":0,"event_name":"Shining Light","floor":3,"gold_loss":0,"cards_upgraded":["Strike_R","Defend_R"]},{"damage_healed":0,"gold_gain":0,"cards_transformed":["Strike_R"],"player_choice":"Transformed","damage_taken":0,"max_hp_gain":0,"max_hp_loss":0,"event_name":"Transmorgrifier","floor":4,"gold_loss":0,"cards_obtained":["Impervious"]}],"is_beta":false,"boss_relics":[],"items_purged_floors":[],"is_endless":false,"potions_floor_spawned":[2,5,6,8],"killed_by":"Hexaghost","ascension_level":0}