{"gold_per_floor":[362,179,179,199,209,235,247,281,305,325,344,409,409,429,429,529,529,540,590,601,616,628,628,628],"floor_reached":24,"playtime":1446,"items_purged":["Injury"],"score":212,"play_id":"920cf844-f685-4819-8c58-9eab3246da0d","local_time":"20190122002820","is_ascension_mode":false,"campfire_choices":[{"floor":15,"key":"RECALL"},{"floor":23,"key":"REST"}],"neow_cost":"CURSE","seed_source_timestamp":18220692601181,"circlet_count":0,"master_deck":["Strike_R","Strike_R","Strike_R","Strike_R","Defend_R","Defend_R","Defend_R","Defend_R","Bash","Pommel Strike","Evolve","Whirlwind","Combust","Dropkick","Fiend Fire","True Grit","Parasite","Ghostly Armor","Immolate","Fiend Fire+1","Power Through+1","Cleave+1","Armaments","Feed","Clothesline+1"],"relics":["Burning Blood","The Courier","Happy Flower","Red Skull","Astrolabe"],"potions_floor_usage":[8,12,18,21,21],"damage_taken":[{"damage":5,"enemies":"2 Louse","floor":1,"turns":3},{"damage":6,"enemies":"Cultist","floor":4,"turns":4},{"damage":0,"enemies":"Small Slimes","floor":5,"turns":2},{"damage":45,"enemies":"Lagavulin","floor":6,"turns":6},{"damage":15,"enemies":"Exordium Thugs","floor":7,"turns":5},{"damage":16,"enemies":"Gremlin Nob","floor":8,"turns":3},{"damage":13,"enemies":"Red Slaver","floor":10,"turns":3},{"damage":3,"enemies":"Looter","floor":11,"turns":2},{"damage":4,"enemies":"Gremlin Nob","floor":12,"turns":3},{"damage":1,"enemies":"2 Fungi Beasts","floor":14,"turns":3},{"damage":31,"enemies":"Slime Boss","floor":16,"turns":8},{"damage":14,"enemies":"Shell Parasite","floor":18,"turns":5},{"damage":3,"enemies":"Spheric Guardian","floor":20,"turns":3},{"damage":21,"enemies":"Cultist and Chosen","floor":21,"turns":6},{"damage":18,"enemies":"Snecko","floor":22,"turns":4},{"damage":88,"enemies":"Book of Stabbing","floor":24,"turns":7}],"seed_played":"-1685396473805772011","potions_obtained":[{"floor":7,"key":"AttackPotion"},{"floor":10,"key":"Dexterity Potion"},{"floor":11,"key":"Block Potion"},{"floor":14,"key":"Weak Potion"},{"floor":20,"key":"Block Potion"},{"floor":22,"key":"FairyPotion"}],"is_trial":false,"path_per_floor":["M","$","?","M","M","E","M","E","T","M","M","?","?","M","R","B",null,"M","?","M","M","M","R","E"],"character_chosen":"IRONCLAD","items_purchased":["Evolve","Whirlwind"],"campfire_rested":1,"item_purchase_floors":[2,2],"current_hp_per_floor":[80,80,80,80,80,41,32,22,22,15,18,20,40,45,45,20,80,72,72,75,60,48,72,0],"gold":628,"neow_bonus":"TWO_FIFTY_GOLD","is_prod":false,"is_daily":false,"chose_seed":false,"campfire_upgraded":0,"win_rate":0,"timestamp":1548095300,"path_taken":["M","$","?","M","M","E","M","E","T","?","M","?","?","M","R","BOSS","M","?","M","?","M","R","E"],"build_version":"2019-01-17v2","purchased_purges":1,"victory":false,"max_hp_per_floor":[80,80,80,80,80,80,80,80,80,80,80,80,80,80,80,80,80,80,80,80,80,80,80,80],"card_choices":[{"not_picked":["Warcry","Body Slam"],"picked":"Pommel Strike","floor":1},{"not_picked":["Thunderclap","Shrug It Off"],"picked":"Cleave","floor":4},{"not_picked":["Pommel Strike","Dual Wield"],"picked":"Flex","floor":5},{"not_picked":["Burning Pact","Headbutt"],"picked":"Combust","floor":6},{"not_picked":["Flex","Sword Boomerang"],"picked":"Dropkick","floor":7},{"not_picked":["Twin Strike","Shrug It Off"],"picked":"Fiend Fire","floor":8},{"not_picked":["Pummel","Clash"],"picked":"True Grit","floor":10},{"not_picked":["Second Wind","Spot Weakness","Heavy Blade"],"picked":"SKIP","floor":11},{"not_picked":["Warcry","Sever Soul"],"picked":"Ghostly Armor","floor":14},{"not_picked":["Limit Break","Bludgeon"],"picked":"Immolate","floor":16},{"not_picked":["Anger","Clash+1","Wild Strike+1"],"picked":"SKIP","floor":18},{"not_picked":["Pommel Strike","Perfected Strike"],"picked":"Armaments","floor":20},{"not_picked":["Ghostly Armor+1","Rampage+1"],"picked":"Feed","floor":21},{"not_picked":["Body Slam","Wild Strike+1"],"picked":"Clothesline+1","floor":22}],"player_experience":626533,"relics_obtained":[{"floor":6,"key":"The Courier"},{"floor":8,"key":"Happy Flower"},{"floor":12,"key":"Red Skull"}],"event_choices":[{"damage_healed":0,"gold_gain":0,"player_choice":"Ignored","damage_taken":0,"max_hp_gain":0,"max_hp_loss":0,"event_name":"NoteForYourself","floor":3,"gold_loss":0},{"damage_healed":0,"gold_gain":0,"player_choice":"Searched \u00272\u0027 times","damage_taken":0,"max_hp_gain":0,"max_hp_loss":0,"event_name":"Dead Adventurer","floor":12,"gold_loss":0},{"damage_healed":20,"gold_gain":0,"player_choice":"Healed and dodged fight","damage_taken":0,"max_hp_gain":0,"max_hp_loss":0,"event_name":"Mushrooms","floor":13,"gold_loss":0,"cards_obtained":["Parasite"]},{"damage_healed":0,"gold_gain":100,"player_choice":"Bet on Murderer","damage_taken":0,"max_hp_gain":0,"max_hp_loss":0,"event_name":"The Joust","floor":19,"gold_loss":50}],"is_beta":false,"boss_relics":[{"not_picked":["Eternal Feather","Mark of Pain"],"picked":"Astrolabe"}],"items_purged_floors":[2],"is_endless":false,"potions_floor_spawned":[7,10,11,14,20,22],"killed_by":"Book of Stabbing","ascension_level":0}