{"gold_per_floor":[118,118,134,152,227,255,267,17,43,43,77,77,97,29,29,132,132,152,202,202,221,221,221,236,236,236,236,270,280,280,296,296,296],"floor_reached":33,"playtime":1838,"items_purged":[],"score":275,"play_id":"48348878-0783-4c87-b84a-3ef0cf19c7c1","local_time":"20190205222503","is_ascension_mode":false,"campfire_choices":[{"floor":10,"key":"REST"},{"data":"Zap","floor":15,"key":"SMITH"},{"floor":23,"key":"REST"},{"floor":25,"key":"REST"},{"floor":27,"key":"REST"},{"floor":30,"key":"REST"},{"floor":32,"key":"REST"}],"neow_cost":"NONE","seed_source_timestamp":10718760573301,"circlet_count":0,"master_deck":["Strike_B","Strike_B","Defend_B","Defend_B","Defend_B","Defend_B","Zap+1","Dualcast+1","Streamline","Sweeping Beam","Beam Cell","Creative AI","Conserve Battery","Beam Cell","Steam","Genetic Algorithm","Conserve Battery+1","Fusion","Auto Shields","Rebound+1","Sweeping Beam+1","Reprogram+1","Conserve Battery+1"],"relics":["Cracked Core","NeowsBlessing","Blood Vial","OrangePellets","Orichalcum","Strawberry","Juzu Bracelet","Black Star","Ginger","Letter Opener","Anchor"],"potions_floor_usage":[11,11,16,28,31],"damage_taken":[{"damage":0,"enemies":"Jaw Worm","floor":1,"turns":1},{"damage":0,"enemies":"Cultist","floor":3,"turns":1},{"damage":0,"enemies":"2 Louse","floor":4,"turns":1},{"damage":26,"enemies":"Lagavulin","floor":6,"turns":5},{"damage":14,"enemies":"Exordium Wildlife","floor":7,"turns":6},{"damage":12,"enemies":"3 Sentries","floor":11,"turns":5},{"damage":0,"enemies":"Large Slime","floor":13,"turns":5},{"damage":10,"enemies":"The Guardian","floor":16,"turns":6},{"damage":32,"enemies":"3 Byrds","floor":18,"turns":5},{"damage":42,"enemies":"Chosen","floor":21,"turns":7},{"damage":14,"enemies":"Centurion and Healer","floor":24,"turns":9},{"damage":50,"enemies":"Book of Stabbing","floor":28,"turns":8},{"damage":18,"enemies":"Sentry and Sphere","floor":29,"turns":7},{"damage":17,"enemies":"Cultist and Chosen","floor":31,"turns":6},{"damage":50,"enemies":"Collector","floor":33,"turns":6}],"seed_played":"-8878537567038690683","potions_obtained":[{"floor":1,"key":"Ancient Potion"},{"floor":6,"key":"Swift Potion"},{"floor":7,"key":"Weak Potion"},{"floor":13,"key":"PowerPotion"},{"floor":21,"key":"Block Potion"},{"floor":28,"key":"EssenceOfSteel"}],"is_trial":false,"path_per_floor":["M","?","M","M","?","E","M","$","T","R","E","T","M","$","R","B",null,"M","?","?","M","?","R","M","R","T","R","E","M","R","M","R","B"],"character_chosen":"DEFECT","items_purchased":["OrangePellets","Conserve Battery","Genetic Algorithm"],"campfire_rested":6,"item_purchase_floors":[8,8,14],"current_hp_per_floor":[75,75,75,75,64,38,26,26,26,48,45,45,47,47,47,39,82,50,50,50,10,10,34,22,46,46,70,22,6,30,15,39,0],"gold":296,"neow_bonus":"THREE_ENEMY_KILL","is_prod":false,"is_daily":false,"chose_seed":false,"campfire_upgraded":1,"win_rate":0,"timestamp":1549383903,"path_taken":["M","?","M","?","?","E","M","$","T","R","E","?","M","?","R","BOSS","M","?","?","M","?","R","M","R","T","R","E","M","R","M","R","BOSS"],"build_version":"2019-01-23","purchased_purges":0,"victory":false,"max_hp_per_floor":[75,75,75,75,75,75,75,75,75,75,82,82,82,82,82,82,82,82,82,82,82,82,82,82,82,82,82,82,82,82,82,82,82],"card_choices":[{"not_picked":["Rip and Tear","Loop"],"picked":"Streamline","floor":1},{"not_picked":["Recycle","Turbo"],"picked":"Sweeping Beam","floor":3},{"not_picked":["Barrage","Capacitor"],"picked":"Beam Cell","floor":4},{"not_picked":["Redo","Turbo"],"picked":"Creative AI","floor":6},{"not_picked":["Streamline","Aggregate","Ball Lightning"],"picked":"SKIP","floor":7},{"not_picked":["Skim","Amplify"],"picked":"Beam Cell","floor":11},{"not_picked":["Undo","Coolheaded"],"picked":"Steam","floor":13},{"not_picked":["Ball Lightning","Redo","Beam Cell"],"picked":"SKIP","floor":18},{"not_picked":["Doom and Gloom","Coolheaded"],"picked":"Conserve Battery+1","floor":21},{"not_picked":["Chaos","Compile Driver"],"picked":"Rebound+1","floor":24},{"not_picked":["Meteor Strike","Barrage"],"picked":"Sweeping Beam+1","floor":28},{"not_picked":["Compile Driver+1","Double Energy"],"picked":"Reprogram+1","floor":29},{"not_picked":["Streamline","Redo"],"picked":"Conserve Battery+1","floor":31}],"player_experience":732802,"relics_obtained":[{"floor":6,"key":"Blood Vial"},{"floor":9,"key":"Orichalcum"},{"floor":11,"key":"Strawberry"},{"floor":12,"key":"Juzu Bracelet"},{"floor":26,"key":"Ginger"},{"floor":28,"key":"Letter Opener"},{"floor":28,"key":"Anchor"}],"event_choices":[{"damage_healed":0,"gold_gain":0,"player_choice":"Upgraded","damage_taken":0,"max_hp_gain":0,"max_hp_loss":0,"event_name":"Upgrade Shrine","floor":2,"gold_loss":0,"cards_upgraded":["Dualcast"]},{"damage_healed":0,"gold_gain":75,"player_choice":"Gather Gold","damage_taken":11,"max_hp_gain":0,"max_hp_loss":0,"event_name":"World of Goop","floor":5,"gold_loss":0},{"damage_healed":0,"gold_gain":100,"player_choice":"Bet on Murderer","damage_taken":0,"max_hp_gain":0,"max_hp_loss":0,"event_name":"The Joust","floor":19,"gold_loss":50},{"damage_healed":0,"gold_gain":0,"player_choice":"Ignored","damage_taken":0,"max_hp_gain":0,"max_hp_loss":0,"event_name":"Ghosts","floor":20,"gold_loss":0},{"damage_healed":0,"gold_gain":0,"cards_transformed":["Strike_B","Strike_B"],"player_choice":"Became Test Subject","damage_taken":0,"max_hp_gain":0,"max_hp_loss":0,"event_name":"Drug Dealer","floor":22,"gold_loss":0,"cards_obtained":["Fusion","Auto Shields"]}],"is_beta":false,"boss_relics":[{"not_picked":["White Beast Statue","Sozu"],"picked":"Black Star"}],"items_purged_floors":[],"is_endless":false,"potions_floor_spawned":[1,6,7,13,21,28],"killed_by":"Collector","ascension_level":0}