{"gold_per_floor":[118,32,32,52,2,28,28,53,76,95,95,122,132,132,132,227,227,209,209,220,232,71,101,101,101],"floor_reached":25,"playtime":1393,"items_purged":["Parasite"],"score":277,"play_id":"2c75c0d0-2c96-444f-b5f7-b5c4c24c42b9","local_time":"20190206223619","is_ascension_mode":true,"campfire_choices":[{"data":"True Grit","floor":11,"key":"SMITH"},{"data":"True Grit","floor":15,"key":"SMITH"},{"floor":24,"key":"RECALL"}],"neow_cost":"NONE","seed_source_timestamp":20228437173861,"circlet_count":0,"master_deck":["Strike_R+1","Strike_R","Defend_R","Defend_R","Defend_R","Defend_R+1","Bash","Armaments","Metallicize","True Grit+1","Metallicize","True Grit+1","Feed","Carnage","Limit Break","Body Slam+1","Havoc","Inflame","Pommel Strike","Double Tap"],"relics":["Burning Blood","NeowsBlessing","Anchor","Matryoshka","Bag of Preparation","PreservedInsect","Shuriken","Empty Cage","Art of War"],"potions_floor_usage":[13,16,16,18,23],"damage_taken":[{"damage":0,"enemies":"Cultist","floor":1,"turns":1},{"damage":0,"enemies":"2 Louse","floor":4,"turns":1},{"damage":0,"enemies":"Lagavulin","floor":6,"turns":1},{"damage":29,"enemies":"3 Sentries","floor":8,"turns":13},{"damage":1,"enemies":"Jaw Worm","floor":10,"turns":3},{"damage":25,"enemies":"Lagavulin","floor":12,"turns":5},{"damage":0,"enemies":"3 Louse","floor":13,"turns":2},{"damage":51,"enemies":"The Guardian","floor":16,"turns":12},{"damage":7,"enemies":"2 Thieves","floor":18,"turns":4},{"damage":3,"enemies":"Chosen","floor":20,"turns":8},{"damage":13,"enemies":"Snake Plant","floor":21,"turns":4},{"damage":60,"enemies":"Slavers","floor":23,"turns":6},{"damage":47,"enemies":"Book of Stabbing","floor":25,"turns":6}],"seed_played":"1796733952505698642","potions_obtained":[{"floor":8,"key":"Block Potion"},{"floor":10,"key":"PowerPotion"},{"floor":12,"key":"SteroidPotion"},{"floor":16,"key":"GamblersBrew"},{"floor":21,"key":"Explosive Potion"}],"is_trial":false,"path_per_floor":["M","$","?","M","$","E","?","E","T","M","R","E","M","?","R","B",null,"M","?","M","M","$","E","R","E"],"character_chosen":"IRONCLAD","items_purchased":["Metallicize","True Grit","True Grit","Inflame","Pommel Strike"],"campfire_rested":0,"item_purchase_floors":[2,2,5,22,22],"current_hp_per_floor":[80,80,73,79,79,80,64,44,44,49,49,30,39,60,60,18,89,88,89,92,85,85,34,34,0],"gold":101,"neow_bonus":"THREE_ENEMY_KILL","is_prod":false,"is_daily":false,"chose_seed":false,"campfire_upgraded":2,"win_rate":0,"timestamp":1549521379,"path_taken":["M","?","?","M","$","E","?","E","T","M","R","E","?","?","R","BOSS","M","?","M","?","$","E","R","E"],"build_version":"2019-01-23","purchased_purges":1,"victory":false,"max_hp_per_floor":[80,80,80,80,80,80,80,83,83,83,83,83,86,86,86,89,89,89,89,92,92,89,92,92,92],"card_choices":[{"not_picked":["Warcry","Corruption"],"picked":"Armaments","floor":1},{"not_picked":["Searing Blow","Entrench"],"picked":"Metallicize","floor":4},{"not_picked":["Second Wind","Body Slam"],"picked":"Feed","floor":6},{"not_picked":["Sword Boomerang","Perfected Strike","Infernal Blade"],"picked":"SKIP","floor":8},{"not_picked":["Fire Breathing","True Grit"],"picked":"Carnage","floor":10},{"not_picked":["Dual Wield","Headbutt","Twin Strike"],"picked":"SKIP","floor":12},{"not_picked":["Sever Soul","Perfected Strike"],"picked":"Sentinel","floor":13},{"not_picked":["Feed","Berserk"],"picked":"Limit Break","floor":16},{"not_picked":["Clothesline","Flex"],"picked":"Body Slam+1","floor":18},{"not_picked":["Wild Strike","Cleave","True Grit"],"picked":"SKIP","floor":20},{"not_picked":["Flex+1","Clothesline"],"picked":"Havoc","floor":21},{"not_picked":["Clash","Body Slam"],"picked":"Double Tap","floor":23}],"player_experience":297145,"relics_obtained":[{"floor":6,"key":"Anchor"},{"floor":8,"key":"Matryoshka"},{"floor":9,"key":"Bag of Preparation"},{"floor":9,"key":"PreservedInsect"},{"floor":12,"key":"Shuriken"},{"floor":23,"key":"Art of War"}],"event_choices":[{"cards_removed":["Strike_R"],"damage_healed":0,"gold_gain":0,"player_choice":"Card Removal","damage_taken":7,"max_hp_gain":0,"max_hp_loss":0,"event_name":"Golden Wing","floor":3,"gold_loss":0},{"damage_healed":0,"gold_gain":0,"player_choice":"Entered Light","damage_taken":16,"max_hp_gain":0,"max_hp_loss":0,"event_name":"Shining Light","floor":7,"gold_loss":0,"cards_upgraded":["Strike_R","Defend_R"]},{"damage_healed":21,"gold_gain":0,"player_choice":"Healed and dodged fight","damage_taken":0,"max_hp_gain":0,"max_hp_loss":0,"event_name":"Mushrooms","floor":14,"gold_loss":0,"cards_obtained":["Parasite"]},{"cards_removed":["Sentinel"],"damage_healed":1,"gold_gain":0,"player_choice":"Offered Uncommon","damage_taken":0,"max_hp_gain":0,"max_hp_loss":0,"event_name":"Bonfire Elementals","floor":19,"gold_loss":0}],"is_beta":false,"boss_relics":[{"not_picked":["Cursed Key","Runic Dome"],"picked":"Empty Cage"}],"items_purged_floors":[22],"is_endless":false,"potions_floor_spawned":[8,10,12,16,21],"killed_by":"Book of Stabbing","ascension_level":1}