{"gold_per_floor":[112,112,132,20,20,50,64,64,87,121,134,134,209,228,228,228],"floor_reached":16,"playtime":742,"items_purged":[],"score":135,"play_id":"2de10d35-4533-4a5b-aa5a-485cd76debbf","local_time":"20190130223953","is_ascension_mode":false,"campfire_choices":[{"data":"Flame Barrier","floor":8,"key":"SMITH"},{"data":"Seeing Red","floor":12,"key":"SMITH"},{"floor":15,"key":"REST"}],"neow_cost":"NONE","seed_source_timestamp":96216402251196,"circlet_count":0,"master_deck":["Strike_R","Strike_R","Strike_R","Strike_R","Strike_R","Defend_R","Defend_R","Defend_R","Defend_R","Bash","Shrug It Off","Iron Wave","Flame Barrier+1","Uppercut","Feel No Pain","Evolve","Seeing Red+1"],"relics":["Burning Blood","NeowsBlessing","Pear","Art of War","Regal Pillow"],"potions_floor_usage":[10],"damage_taken":[{"damage":0,"enemies":"Small Slimes","floor":1,"turns":1},{"damage":0,"enemies":"Cultist","floor":3,"turns":1},{"damage":0,"enemies":"Gremlin Nob","floor":6,"turns":1},{"damage":2,"enemies":"Jaw Worm","floor":7,"turns":4},{"damage":53,"enemies":"Lagavulin","floor":10,"turns":12},{"damage":4,"enemies":"Exordium Wildlife","floor":11,"turns":4},{"damage":8,"enemies":"3 Louse","floor":14,"turns":4},{"damage":88,"enemies":"Slime Boss","floor":16,"turns":15}],"seed_played":"7698320372272478634","potions_obtained":[{"floor":6,"key":"AttackPotion"},{"floor":7,"key":"FairyPotion"},{"floor":10,"key":"Strength Potion"}],"is_trial":false,"path_per_floor":["M","?","M","$","T","E","M","R","T","E","M","R","?","M","R","B"],"character_chosen":"IRONCLAD","items_purchased":["Flame Barrier","Uppercut"],"campfire_rested":1,"item_purchase_floors":[4,4],"current_hp_per_floor":[80,80,80,80,90,90,90,90,90,43,45,45,34,32,74,0],"gold":228,"neow_bonus":"THREE_ENEMY_KILL","is_prod":false,"is_daily":false,"chose_seed":false,"campfire_upgraded":2,"win_rate":0,"timestamp":1548916793,"path_taken":["M","?","M","$","?","E","M","R","T","E","M","R","?","?","R","BOSS"],"build_version":"2019-01-23","purchased_purges":0,"victory":false,"max_hp_per_floor":[80,80,80,80,90,90,90,90,90,90,90,90,90,90,90,90],"card_choices":[{"not_picked":["True Grit","Pommel Strike"],"picked":"Shrug It Off","floor":1},{"not_picked":["Rampage","Pummel"],"picked":"Iron Wave","floor":3},{"not_picked":["Sword Boomerang","Heavy Blade","Perfected Strike"],"picked":"SKIP","floor":6},{"not_picked":["Headbutt","Body Slam"],"picked":"Feel No Pain","floor":7},{"not_picked":["Fiend Fire","Wild Strike"],"picked":"Evolve","floor":10},{"not_picked":["Body Slam","Clash"],"picked":"Seeing Red","floor":11},{"not_picked":["Clash","Thunderclap","Perfected Strike"],"picked":"SKIP","floor":14}],"player_experience":206915,"relics_obtained":[{"floor":5,"key":"Pear"},{"floor":6,"key":"Art of War"},{"floor":10,"key":"Regal Pillow"}],"event_choices":[{"damage_healed":0,"gold_gain":0,"player_choice":"Ignored","damage_taken":0,"max_hp_gain":0,"max_hp_loss":0,"event_name":"NoteForYourself","floor":2,"gold_loss":0},{"damage_healed":0,"gold_gain":75,"player_choice":"Gather Gold","damage_taken":11,"max_hp_gain":0,"max_hp_loss":0,"event_name":"World of Goop","floor":13,"gold_loss":0}],"is_beta":false,"boss_relics":[],"items_purged_floors":[],"is_endless":false,"potions_floor_spawned":[6,7,10],"killed_by":"Slime Boss","ascension_level":0}