{"gold_per_floor":[109,120,133,133,66,66,97,97,170,170,140,178,178,199,199,318,318,333,333,333,357,380,380,283,304,304,325,325],"floor_reached":28,"playtime":1682,"items_purged":["Strike_G"],"score":296,"play_id":"1b670d52-6a79-4841-9e8e-bde95003ec58","local_time":"20190206190047","is_ascension_mode":true,"campfire_choices":[{"data":"Sucker Punch","floor":6,"key":"SMITH"},{"floor":8,"key":"REST"},{"data":"Infinite Blades","floor":10,"key":"SMITH"},{"floor":13,"key":"REST"},{"data":"Caltrops","floor":15,"key":"SMITH"},{"data":"Crippling Poison","floor":23,"key":"SMITH"}],"neow_cost":"NONE","seed_source_timestamp":628921109340200,"circlet_count":0,"master_deck":["Defend_G","Defend_G","Defend_G","Defend_G","Defend_G","Strike_G","Survivor","Neutralize","Infinite Blades+1","Sucker Punch+1","Endless Agony","PiercingWail","Caltrops+1","Crippling Poison+1","Cloak And Dagger","Cloak And Dagger","Glass Knife","Escape Plan+1","Finisher+1","Poisoned Stab+1","PiercingWail+1","Leg Sweep","All Out Attack+1","Backflip","Poisoned Stab","Dodge and Roll","Deflect+1"],"relics":["Ring of the Snake","Golden Idol","Vajra","Bottled Tornado","Bottled Lightning","Astrolabe","Toxic Egg 2"],"potions_floor_usage":[12,21,25,27],"damage_taken":[{"damage":0,"enemies":"2 Louse","floor":1,"turns":4},{"damage":0,"enemies":"Jaw Worm","floor":2,"turns":4},{"damage":0,"enemies":"Cultist","floor":3,"turns":3},{"damage":30,"enemies":"3 Sentries","floor":7,"turns":8},{"damage":12,"enemies":"Lagavulin","floor":12,"turns":5},{"damage":3,"enemies":"Blue Slaver","floor":14,"turns":3},{"damage":2,"enemies":"The Guardian","floor":16,"turns":13},{"damage":0,"enemies":"3 Byrds","floor":18,"turns":3},{"damage":8,"enemies":"2 Thieves","floor":21,"turns":3},{"damage":0,"enemies":"Chosen and Byrds","floor":22,"turns":4},{"damage":23,"enemies":"Sentry and Sphere","floor":25,"turns":7},{"damage":22,"enemies":"Snecko","floor":27,"turns":5},{"damage":7,"enemies":"Snake Plant","floor":28,"turns":2}],"seed_played":"-4301477729022881305","potions_obtained":[{"floor":3,"key":"FearPotion"},{"floor":11,"key":"PowerPotion"},{"floor":11,"key":"Explosive Potion"},{"floor":16,"key":"FearPotion"},{"floor":18,"key":"SkillPotion"},{"floor":21,"key":"Ancient Potion"}],"is_trial":false,"path_per_floor":["M","M","M","?","$","R","E","R","T","R","?","E","R","M","R","B",null,"M","?","?","M","M","R","$","M","T","M","M"],"character_chosen":"THE_SILENT","items_purchased":["Caltrops","Poisoned Stab"],"campfire_rested":2,"item_purchase_floors":[5,24],"current_hp_per_floor":[63,63,63,46,46,46,16,37,37,37,37,25,46,43,43,41,63,63,63,56,48,48,48,48,25,25,3,0],"gold":325,"neow_bonus":"THREE_CARDS","is_prod":false,"is_daily":false,"chose_seed":false,"campfire_upgraded":4,"win_rate":0,"timestamp":1549450847,"path_taken":["M","M","M","?","$","R","E","R","T","R","?","E","R","M","R","BOSS","M","?","?","?","M","R","$","M","T","?","M"],"build_version":"2019-01-23","purchased_purges":1,"victory":false,"max_hp_per_floor":[70,70,70,70,70,70,70,70,70,70,70,70,70,70,70,70,70,70,70,70,70,70,70,70,70,70,70,70],"card_choices":[{"not_picked":["Dagger Throw","Endless Agony"],"picked":"Infinite Blades","floor":0},{"not_picked":["Underhanded Strike","PiercingWail"],"picked":"Sucker Punch","floor":1},{"not_picked":["Poisoned Stab","Underhanded Strike"],"picked":"Endless Agony","floor":2},{"not_picked":["Dagger Spray","Blur"],"picked":"PiercingWail","floor":3},{"not_picked":["Backflip","Outmaneuver"],"picked":"Crippling Poison","floor":7},{"not_picked":["Sucker Punch","Bane"],"picked":"Cloak And Dagger","floor":12},{"not_picked":["Deflect","Choke"],"picked":"Cloak And Dagger","floor":14},{"not_picked":["Bullet Time","Venomology"],"picked":"Glass Knife","floor":16},{"not_picked":["Skewer","Backstab+1"],"picked":"PiercingWail+1","floor":18},{"not_picked":["Concentrate","Reflex+1"],"picked":"All Out Attack+1","floor":21},{"not_picked":["Deflect","Calculated Gamble"],"picked":"Backflip","floor":22},{"not_picked":["Flying Knee","Acrobatics"],"picked":"Dodge and Roll","floor":25},{"not_picked":["Flying Knee","Prepared+1"],"picked":"Deflect+1","floor":27}],"player_experience":338934,"relics_obtained":[{"floor":7,"key":"Vajra"},{"floor":9,"key":"Bottled Tornado"},{"floor":12,"key":"Bottled Lightning"},{"floor":26,"key":"Toxic Egg 2"}],"event_choices":[{"damage_healed":0,"gold_gain":0,"player_choice":"Take Damage","damage_taken":17,"relics_obtained":["Golden Idol"],"max_hp_gain":0,"max_hp_loss":0,"event_name":"Golden Idol","floor":4,"gold_loss":0},{"damage_healed":0,"gold_gain":0,"player_choice":"Bought 2 Potions","damage_taken":0,"max_hp_gain":0,"max_hp_loss":0,"event_name":"The Woman in Blue","floor":11,"gold_loss":0},{"damage_healed":0,"gold_gain":0,"player_choice":"Read","damage_taken":0,"max_hp_gain":0,"max_hp_loss":0,"event_name":"The Library","floor":19,"gold_loss":0,"cards_obtained":["Leg Sweep"]},{"damage_healed":0,"gold_gain":0,"player_choice":"","damage_taken":7,"max_hp_gain":0,"max_hp_loss":0,"event_name":"Knowing Skull","floor":20,"potions_obtained":[],"gold_loss":0,"cards_obtained":[]}],"is_beta":false,"boss_relics":[{"not_picked":["Fusion Hammer","Ectoplasm"],"picked":"Astrolabe"}],"items_purged_floors":[24],"is_endless":false,"potions_floor_spawned":[3,16,18,21,22],"killed_by":"Snake Plant","ascension_level":6}