{"gold_per_floor":[114,114,127,51,71,71,0,0,27,38,38,38,58,85,85,185,185,204,204,204],"floor_reached":20,"playtime":1008,"items_purged":[],"score":249,"play_id":"391242df-9b43-4c17-9dab-3e389de7070e","local_time":"20190120122450","is_ascension_mode":true,"campfire_choices":[{"data":"Static Discharge","floor":6,"key":"SMITH"},{"floor":12,"key":"REST"},{"floor":15,"key":"REST"}],"neow_cost":"NONE","seed_source_timestamp":8349840630723,"circlet_count":0,"master_deck":["Strike_B+1","Strike_B","Strike_B","Strike_B","Defend_B","Defend_B","Defend_B","Defend_B","Zap","Dualcast","Self Repair","Consume","Static Discharge+1","Darkness","Loop+1","Self Repair","Doom and Gloom","Leap","Fission","White Noise+1"],"relics":["Cracked Core","Omamori","WarpedTongs","DataDisk","Prayer Wheel","Coffee Dripper","Enchiridion"],"potions_floor_usage":[3,14,20],"damage_taken":[{"damage":1,"enemies":"Cultist","floor":1,"turns":3},{"damage":0,"enemies":"Small Slimes","floor":3,"turns":4},{"damage":0,"enemies":"2 Louse","floor":5,"turns":3},{"damage":53,"enemies":"Exordium Thugs","floor":10,"turns":3},{"damage":4,"enemies":"3 Louse","floor":13,"turns":3},{"damage":22,"enemies":"Gremlin Nob","floor":14,"turns":3},{"damage":38,"enemies":"Slime Boss","floor":16,"turns":5},{"damage":16,"enemies":"Shell Parasite","floor":18,"turns":4},{"damage":17,"enemies":"Colosseum Slavers","floor":20,"turns":3},{"damage":23,"enemies":"Colosseum Nobs","floor":20,"turns":2}],"seed_played":"-3293316246523974509","potions_obtained":[{"floor":1,"key":"SpeedPotion"},{"floor":10,"key":"Explosive Potion"},{"floor":13,"key":"EssenceOfSteel"}],"is_trial":false,"path_per_floor":["M","?","M","$","M","R","$","?","T","M","$","R","M","E","R","B",null,"M","?","?"],"character_chosen":"DEFECT","items_purchased":["Static Discharge","Loop"],"campfire_rested":2,"item_purchase_floors":[4,7],"current_hp_per_floor":[67,67,75,75,75,75,75,60,60,14,14,36,42,34,56,35,65,56,40,0],"gold":204,"neow_bonus":"RANDOM_COMMON_RELIC","is_prod":false,"is_daily":false,"chose_seed":false,"campfire_upgraded":1,"win_rate":0,"timestamp":1547965490,"path_taken":["M","?","M","?","?","R","$","?","T","M","$","R","M","E","R","BOSS","M","?","?"],"build_version":"2019-01-17v2","purchased_purges":0,"victory":false,"max_hp_per_floor":[75,75,75,75,75,75,75,75,75,75,75,75,75,75,75,75,75,75,75,75],"card_choices":[{"not_picked":["Skim","Redo"],"picked":"Self Repair","floor":1},{"not_picked":["Blizzard","Melter"],"picked":"Consume","floor":3},{"not_picked":["Stack","Leap"],"picked":"Darkness","floor":5},{"not_picked":["Ball Lightning","Steam"],"picked":"Self Repair","floor":10},{"not_picked":["Barrage","Hello World"],"picked":"Doom and Gloom","floor":13},{"not_picked":["Streamline","Storm"],"picked":"Leap","floor":14},{"not_picked":["Rainbow","Thunder Strike"],"picked":"Fission","floor":16},{"not_picked":["Redo","Streamline"],"picked":"White Noise+1","floor":18},{"not_picked":["Turbo","Genetic Algorithm+1","Hello World"],"picked":"SKIP","floor":18}],"player_experience":609979,"relics_obtained":[{"floor":9,"key":"DataDisk"},{"floor":14,"key":"Prayer Wheel"},{"floor":19,"key":"Enchiridion"}],"event_choices":[{"damage_healed":0,"gold_gain":0,"player_choice":"Rummage","damage_taken":0,"relics_obtained":["WarpedTongs"],"max_hp_gain":0,"max_hp_loss":0,"event_name":"Accursed Blacksmith","floor":2,"gold_loss":0,"cards_obtained":["Pain"]},{"damage_healed":0,"gold_gain":0,"player_choice":"Entered Light","damage_taken":15,"max_hp_gain":0,"max_hp_loss":0,"event_name":"Shining Light","floor":8,"gold_loss":0,"cards_upgraded":["Strike_B","Loop"]},{"damage_healed":0,"gold_gain":0,"player_choice":"Obtained Book","damage_taken":16,"max_hp_gain":0,"max_hp_loss":0,"event_name":"Cursed Tome","floor":19,"gold_loss":0},{"damage_healed":0,"gold_gain":0,"player_choice":"Fight","damage_taken":0,"max_hp_gain":0,"max_hp_loss":0,"event_name":"Colosseum","floor":20,"gold_loss":0},{"damage_healed":0,"gold_gain":0,"player_choice":"Fought Nobs","damage_taken":0,"max_hp_gain":0,"max_hp_loss":0,"event_name":"Colosseum","floor":20,"gold_loss":0}],"is_beta":false,"boss_relics":[{"not_picked":["Runic Dome","Lizard Tail"],"picked":"Coffee Dripper"}],"items_purged_floors":[],"is_endless":false,"potions_floor_spawned":[1,10,13,20],"killed_by":"Colosseum Nobs","ascension_level":9}