{"gold_per_floor":[18,31,41,55,55,55,72,107,185,185,217,234,264,21,21,21],"floor_reached":16,"playtime":647,"items_purged":[],"score":128,"play_id":"557dfaad-d591-4333-87bf-1d645cec8e7b","local_time":"20190127171930","is_ascension_mode":true,"campfire_choices":[{"data":"Bash","floor":6.0,"key":"SMITH"},{"floor":10,"key":"RECALL"},{"data":"True Grit","floor":15,"key":"SMITH"}],"neow_cost":"NO_GOLD","seed_source_timestamp":11476929903681,"circlet_count":0,"master_deck":["Strike_R","Strike_R","Strike_R","Strike_R","Strike_R","Defend_R","Defend_R","Bash+1","Clash","Hemokinesis","Pommel Strike","Rupture","Uppercut","True Grit+1","Flex","Blood for Blood"],"special_seed":0,"relics":["Burning Blood","Art of War","Du-Vu Doll","Mercury Hourglass","Bronze Scales","Oddly Smooth Stone","Ornamental Fan"],"potions_floor_usage":[],"damage_taken":[{"damage":6.0,"enemies":"Cultist","floor":1.0,"turns":3.0},{"damage":0.0,"enemies":"2 Louse","floor":2.0,"turns":2.0},{"damage":11.0,"enemies":"Jaw Worm","floor":3.0,"turns":2.0},{"damage":3.0,"enemies":"Looter","floor":4.0,"turns":1.0},{"damage":19,"enemies":"Exordium Thugs","floor":7,"turns":3},{"damage":38,"enemies":"3 Sentries","floor":8,"turns":7},{"damage":10,"enemies":"Gremlin Nob","floor":11,"turns":3},{"damage":7,"enemies":"Large Slime","floor":12,"turns":5},{"damage":22,"enemies":"3 Sentries","floor":13,"turns":6},{"damage":21,"enemies":"The Guardian","floor":16,"turns":6}],"seed_played":"-4424723468691493490","potions_obtained":[{"floor":1.0,"key":"SkillPotion"},{"floor":4.0,"key":"FairyPotion"},{"floor":13,"key":"SpeedPotion"}],"is_trial":false,"path_per_floor":["M","M","M","M","?","R","M","E","T","R","E","M","E","$","R","B"],"character_chosen":"IRONCLAD","items_purchased":["Ornamental Fan"],"campfire_rested":0,"item_purchase_floors":[14],"current_hp_per_floor":[80,80,75,78,78,78,65,33,33,33,29,28,12,12,12,0],"gold":21,"neow_bonus":"REMOVE_TWO","is_prod":false,"is_daily":false,"chose_seed":false,"campfire_upgraded":2,"win_rate":0,"timestamp":1548587970,"path_taken":["M","M","M","M","?","R","?","E","T","R","E","M","E","?","R","BOSS"],"build_version":"2019-01-23","purchased_purges":0,"victory":false,"max_hp_per_floor":[80,80,80,80,80,80,80,80,80,80,80,80,80,80,80,80],"card_choices":[{"not_picked":["Sever Soul","Anger"],"picked":"Clash","floor":1.0},{"not_picked":["Iron Wave","Shrug It Off"],"picked":"Hemokinesis","floor":2.0},{"not_picked":["Shrug It Off","Thunderclap","Armaments"],"picked":"SKIP","floor":3.0},{"not_picked":["Heavy Blade","Armaments"],"picked":"Pommel Strike","floor":4.0},{"not_picked":["Heavy Blade","Entrench"],"picked":"Rupture","floor":7},{"not_picked":["Sever Soul","Second Wind"],"picked":"Uppercut","floor":8},{"not_picked":["Exhume","Combust"],"picked":"True Grit","floor":11},{"not_picked":["Clash","True Grit"],"picked":"Flex","floor":12},{"not_picked":["Anger","Shrug It Off"],"picked":"Blood for Blood","floor":13}],"player_experience":665536,"relics_obtained":[{"floor":8,"key":"Du-Vu Doll"},{"floor":9,"key":"Mercury Hourglass"},{"floor":11,"key":"Bronze Scales"},{"floor":13,"key":"Oddly Smooth Stone"}],"event_choices":[{"damage_healed":0.0,"max_hp_gain":0.0,"max_hp_loss":0.0,"gold_gain":0.0,"event_name":"WeMeetAgain","player_choice":"Gave Potion","floor":5.0,"gold_loss":0.0,"damage_taken":0.0,"relics_obtained":["Art of War"]}],"is_beta":false,"boss_relics":[],"items_purged_floors":[],"is_endless":false,"potions_floor_spawned":[1,4,13],"killed_by":"The Guardian","ascension_level":1}