{"gold_per_floor":[111,36,111,4,22,22,51,62,88,114,126,142,158,187,187,187],"floor_reached":16,"playtime":1144,"items_purged":["Strike_G"],"score":162,"play_id":"1a545444-b5f5-4124-993a-f507bd42875f","local_time":"20190207234001","is_ascension_mode":true,"campfire_choices":[{"data":"Well Laid Plans","floor":6,"key":"SMITH"},{"floor":15,"key":"REST"}],"neow_cost":"NONE","seed_source_timestamp":18999443296002,"circlet_count":0,"master_deck":["Defend_G","Defend_G","Defend_G","Defend_G","Defend_G","Strike_G","Strike_G","Strike_G","Strike_G","Survivor","Neutralize","Distraction","Well Laid Plans+1","Blur","Bane","Backflip","After Image","Sucker Punch","PiercingWail","Acrobatics","Endless Agony","Backstab"],"relics":["Ring of the Snake","NeowsBlessing","Juzu Bracelet","Centennial Puzzle","Regal Pillow","Smiling Mask"],"potions_floor_usage":[10,14,14,16],"damage_taken":[{"damage":0,"enemies":"Cultist","floor":1,"turns":1},{"damage":0,"enemies":"Small Slimes","floor":5,"turns":1},{"damage":0,"enemies":"Gremlin Nob","floor":7,"turns":1},{"damage":3,"enemies":"2 Louse","floor":8,"turns":4},{"damage":5,"enemies":"3 Sentries","floor":10,"turns":12},{"damage":0,"enemies":"Looter","floor":11,"turns":3},{"damage":6,"enemies":"Exordium Thugs","floor":12,"turns":8},{"damage":3,"enemies":"3 Louse","floor":13,"turns":5},{"damage":8,"enemies":"Lagavulin","floor":14,"turns":11},{"damage":17,"enemies":"Hexaghost","floor":16,"turns":16}],"seed_played":"2448950594476598899","potions_obtained":[{"floor":1,"key":"Swift Potion"},{"floor":7,"key":"Fire Potion"},{"floor":12,"key":"SteroidPotion"},{"floor":13,"key":"Ancient Potion"},{"floor":14,"key":"Weak Potion"}],"is_trial":false,"path_per_floor":["M","$","?","$","M","R","E","M","T","E","M","M","M","E","R","B"],"character_chosen":"THE_SILENT","items_purchased":["Well Laid Plans","Blur"],"campfire_rested":1,"item_purchase_floors":[4,4],"current_hp_per_floor":[70,70,59,59,59,59,59,56,56,51,51,45,42,34,70,53],"gold":187,"neow_bonus":"THREE_ENEMY_KILL","is_prod":false,"is_daily":false,"chose_seed":false,"campfire_upgraded":1,"win_rate":0,"timestamp":1549604401,"path_taken":["M","$","?","$","M","R","E","M","T","E","M","M","M","E","R","BOSS"],"build_version":"2019-01-23","purchased_purges":1,"victory":false,"max_hp_per_floor":[70,70,70,70,70,70,70,70,70,70,70,70,70,70,70,70],"card_choices":[{"not_picked":["Slice","Masterful Stab"],"picked":"Distraction","floor":1},{"not_picked":["Underhanded Strike","Riddle With Holes"],"picked":"Bane","floor":5},{"not_picked":["Prepared","Blade Dance"],"picked":"Backflip","floor":7},{"not_picked":["Slice","Outmaneuver"],"picked":"After Image","floor":8},{"not_picked":["Prepared","Quick Slash"],"picked":"Sucker Punch","floor":10},{"not_picked":["All Out Attack","Calculated Gamble"],"picked":"PiercingWail","floor":11},{"not_picked":["Masterful Stab","Quick Slash"],"picked":"Acrobatics","floor":12},{"not_picked":["Dodge and Roll","Blade Dance"],"picked":"Endless Agony","floor":13},{"not_picked":["Dagger Spray","Backflip"],"picked":"Backstab","floor":14}],"player_experience":130434,"relics_obtained":[{"floor":7,"key":"Juzu Bracelet"},{"floor":9,"key":"Centennial Puzzle"},{"floor":10,"key":"Regal Pillow"},{"floor":14,"key":"Smiling Mask"}],"event_choices":[{"damage_healed":0,"gold_gain":75,"player_choice":"Gather Gold","damage_taken":11,"max_hp_gain":0,"max_hp_loss":0,"event_name":"World of Goop","floor":3,"gold_loss":0}],"is_beta":false,"boss_relics":[],"items_purged_floors":[2],"is_endless":false,"potions_floor_spawned":[1,7,12,13,14],"killed_by":"Hexaghost","ascension_level":2}