{"gold_per_floor":[118,118,136,153,164,193,193,206,206,206,219,71,99,58,58,155,205,220,236,236,25,42,42,56,56,82,82,82,82,94,16,16,115,115,126,145,0,20,20,50,50,50],"floor_reached":42,"playtime":3636,"items_purged":["Strike_R"],"score":463,"play_id":"803d5a24-b100-4b81-bfe1-455ca639161e","local_time":"20190130210402","is_ascension_mode":false,"campfire_choices":[{"data":"Seeing Red","floor":7,"key":"SMITH"},{"data":"Body Slam","floor":10,"key":"SMITH"},{"data":"Shrug It Off","floor":15,"key":"SMITH"},{"floor":23,"key":"REST"},{"data":"True Grit","floor":25,"key":"SMITH"},{"floor":28,"key":"RECALL"},{"floor":32,"key":"REST"},{"data":"Havoc","floor":41,"key":"SMITH"}],"neow_cost":"PERCENT_DAMAGE","seed_source_timestamp":87310791077360,"circlet_count":0,"master_deck":["Strike_R","Strike_R","Defend_R","Defend_R","Defend_R","Bash+1","Disarm","Seeing Red","Pommel Strike","Seeing Red+1","Body Slam+1","Havoc+1","Demon Form","True Grit+1","Shrug It Off+1","Dark Embrace","Whirlwind","Metallicize","Master of Strategy","Inflame","Shrug It Off","Shrug It Off","Feed","Shrug It Off","Disarm+1","Armaments+1","Reaper"],"relics":["Burning Blood","Happy Flower","Singing Bowl","The Courier","Tiny House","Enchiridion","Coffee Dripper","Red Mask","Ornamental Fan"],"potions_floor_usage":[6,16,18,19,22,22,33,35,36,38,40,40,40,40,42],"damage_taken":[{"damage":1,"enemies":"2 Louse","floor":1,"turns":2},{"damage":2,"enemies":"Cultist","floor":3,"turns":4},{"damage":0,"enemies":"Small Slimes","floor":4,"turns":3},{"damage":9,"enemies":"Blue Slaver","floor":5,"turns":5},{"damage":29,"enemies":"3 Sentries","floor":6,"turns":8},{"damage":12,"enemies":"2 Fungi Beasts","floor":8,"turns":5},{"damage":6,"enemies":"3 Louse","floor":11,"turns":4},{"damage":17,"enemies":"Lagavulin","floor":13,"turns":5},{"damage":14,"enemies":"The Guardian","floor":16,"turns":12},{"damage":29,"enemies":"2 Thieves","floor":18,"turns":3},{"damage":33,"enemies":"Spheric Guardian","floor":19,"turns":10},{"damage":0,"enemies":"3 Cultists","floor":22,"turns":4},{"damage":19,"enemies":"Cultist and Chosen","floor":24,"turns":5},{"damage":1,"enemies":"Snake Plant","floor":30,"turns":5},{"damage":41,"enemies":"Automaton","floor":33,"turns":12},{"damage":2,"enemies":"Orb Walker","floor":35,"turns":3},{"damage":20,"enemies":"3 Darklings","floor":36,"turns":6},{"damage":45,"enemies":"Transient","floor":38,"turns":5},{"damage":3,"enemies":"Giant Head","floor":40,"turns":9},{"damage":48,"enemies":"Nemesis","floor":42,"turns":5}],"seed_played":"1732802131967729805","potions_obtained":[{"floor":1,"key":"Weak Potion"},{"floor":2,"key":"Strength Potion"},{"floor":8,"key":"LiquidBronze"},{"floor":11,"key":"SpeedPotion"},{"floor":16,"key":"SteroidPotion"},{"floor":17,"key":"BloodPotion"},{"floor":19,"key":"Energy Potion"},{"floor":24,"key":"Strength Potion"},{"floor":35,"key":"EntropicBrew"},{"floor":38,"key":"Strength Potion"}],"is_trial":false,"path_per_floor":["M","?","M","M","M","E","R","M","T","R","M","$","E","$","R","B",null,"M","M","?","$","M","R","M","R","T","?","R","?","M","$","R","B",null,"M","M","?","M","$","E","R","E"],"character_chosen":"IRONCLAD","items_purchased":["Demon Form","Shrug It Off","Master of Strategy","Shrug It Off","Energy Potion"],"campfire_rested":2,"item_purchase_floors":[12,14,21,31,31],"current_hp_per_floor":[61,61,65,71,68,45,45,39,39,39,39,39,28,28,28,20,85,62,37,21,21,37,63,50,50,50,50,50,50,57,57,84,49,91,94,80,80,41,41,44,44,0],"gold":50,"neow_bonus":"REMOVE_TWO","is_prod":false,"is_daily":false,"chose_seed":false,"campfire_upgraded":5,"win_rate":0,"timestamp":1548911042,"path_taken":["M","?","M","M","M","E","R","?","T","R","M","$","E","?","R","BOSS","M","M","?","$","M","R","M","R","T","?","R","?","M","$","R","BOSS","M","M","?","M","$","E","R","E"],"build_version":"2019-01-23","purchased_purges":1,"victory":false,"max_hp_per_floor":[80,80,80,80,80,80,80,80,80,80,80,80,80,80,80,80,85,85,87,87,87,89,89,89,89,89,89,89,89,91,91,91,91,91,94,94,94,94,94,94,94,94],"card_choices":[{"not_picked":["Pommel Strike","Clothesline"],"picked":"Disarm","floor":1},{"not_picked":["Clothesline","Anger"],"picked":"Seeing Red","floor":3},{"not_picked":["Second Wind","Cleave","Clothesline"],"picked":"SKIP","floor":4},{"not_picked":["Clash","Clothesline"],"picked":"Pommel Strike","floor":5},{"not_picked":["Clothesline","Thunderclap"],"picked":"Seeing Red","floor":6},{"not_picked":["Thunderclap","Second Wind"],"picked":"Body Slam","floor":8},{"not_picked":["Cleave","Dropkick"],"picked":"Havoc","floor":11},{"not_picked":["Anger","Pummel"],"picked":"True Grit","floor":13},{"not_picked":["Impervious","Berserk"],"picked":"Dark Embrace","floor":16},{"not_picked":["Armaments","Clash"],"picked":"Whirlwind","floor":17},{"not_picked":["Entrench","Carnage"],"picked":"Metallicize","floor":18},{"not_picked":["True Grit","Iron Wave","Cleave"],"picked":"Singing Bowl","floor":19},{"not_picked":["Sword Boomerang+1","Pummel","Inflame"],"picked":"Singing Bowl","floor":22},{"not_picked":["Evolve+1","Headbutt"],"picked":"Inflame","floor":24},{"not_picked":["Combust","Clothesline+1","Pommel Strike"],"picked":"Singing Bowl","floor":30},{"not_picked":["Immolate","Bludgeon"],"picked":"Feed","floor":33},{"not_picked":["Second Wind+1","Perfected Strike"],"picked":"Shrug It Off","floor":35},{"not_picked":["Burning Pact","Iron Wave"],"picked":"Disarm+1","floor":36},{"not_picked":["Power Through","Wild Strike+1"],"picked":"Armaments+1","floor":38},{"not_picked":["Armaments+1","Perfected Strike"],"picked":"Reaper","floor":40}],"player_experience":203267,"relics_obtained":[{"floor":6,"key":"Happy Flower"},{"floor":9,"key":"Singing Bowl"},{"floor":13,"key":"The Courier"},{"floor":20,"key":"Enchiridion"},{"floor":40,"key":"Ornamental Fan"}],"event_choices":[{"damage_healed":0,"gold_gain":0,"player_choice":"Got Potions","damage_taken":0,"max_hp_gain":0,"max_hp_loss":0,"event_name":"Lab","floor":2,"gold_loss":0},{"damage_healed":0,"gold_gain":0,"player_choice":"Obtained Book","damage_taken":16,"max_hp_gain":0,"max_hp_loss":0,"event_name":"Cursed Tome","floor":20,"gold_loss":0},{"damage_healed":0,"gold_gain":0,"player_choice":"Read","damage_taken":0,"max_hp_gain":0,"max_hp_loss":0,"event_name":"The Library","floor":27,"gold_loss":0,"cards_obtained":["Shrug It Off"]},{"cards_removed":["Strike_R"],"damage_healed":0,"gold_gain":0,"player_choice":"Elegance","damage_taken":0,"max_hp_gain":0,"max_hp_loss":0,"event_name":"Back to Basics","floor":29,"gold_loss":0},{"damage_healed":0,"gold_gain":0,"player_choice":"Paid","damage_taken":0,"relics_obtained":["Red Mask"],"max_hp_gain":0,"max_hp_loss":0,"event_name":"Tomb of Lord Red Mask","floor":37,"gold_loss":145}],"is_beta":false,"boss_relics":[{"not_picked":["Calling Bell","Cursed Key"],"picked":"Tiny House"},{"not_picked":["Orrery","Fusion Hammer"],"picked":"Coffee Dripper"}],"items_purged_floors":[21],"is_endless":false,"potions_floor_spawned":[1,8,11,13,16,19,24,35,38],"killed_by":"Nemesis","ascension_level":0}