{"gold_per_floor":[11,11,11,11,23,48,48,73,96,67,67,82,82,59,59,59],"floor_reached":16,"playtime":438,"items_purged":[],"score":154,"play_id":"c9bb293a-b6de-4a80-983a-63bf886d2c27","local_time":"20190204203251","is_ascension_mode":true,"campfire_choices":[{"data":"Dualcast","floor":7,"key":"SMITH"},{"data":"Conserve Battery","floor":15,"key":"SMITH"}],"neow_cost":"NO_GOLD","seed_source_timestamp":2779966115769,"circlet_count":0,"master_deck":["Strike_B","Strike_B","Defend_B","Defend_B","Defend_B","Defend_B","Zap","Dualcast+1","Go for the Eyes","Self Repair","BootSequence","Self Repair+1","Reinforced Body","Leap","Conserve Battery+1"],"relics":["Cracked Core","Potion Belt","Pear","Juzu Bracelet","Lantern"],"potions_floor_usage":[6,16],"damage_taken":[{"damage":2,"enemies":"2 Louse","floor":1,"turns":2},{"damage":0,"enemies":"Jaw Worm","floor":5,"turns":3},{"damage":40,"enemies":"3 Sentries","floor":6,"turns":9},{"damage":24,"enemies":"Gremlin Nob","floor":8,"turns":5},{"damage":7,"enemies":"Small Slimes","floor":12,"turns":3},{"damage":15,"enemies":"Hexaghost","floor":16,"turns":10}],"seed_played":"-2535922217589807498","potions_obtained":[{"floor":5,"key":"Explosive Potion"},{"floor":8,"key":"FocusPotion"}],"is_trial":false,"path_per_floor":["M","?","$","?","M","E","R","E","T","?","?","M","?","$","R","B"],"character_chosen":"DEFECT","items_purchased":["Conserve Battery"],"campfire_rested":0,"item_purchase_floors":[14],"current_hp_per_floor":[66,48,48,48,48,25,25,8,8,8,8,15,15,15,15,0],"gold":59,"neow_bonus":"REMOVE_TWO","is_prod":false,"is_daily":false,"chose_seed":false,"campfire_upgraded":2,"win_rate":0,"timestamp":1549290771,"path_taken":["M","?","?","?","M","E","R","E","T","?","?","M","?","$","R","BOSS"],"build_version":"2019-01-23","purchased_purges":0,"victory":false,"max_hp_per_floor":[75,75,75,75,75,85,85,85,85,85,85,85,85,85,85,85],"card_choices":[{"not_picked":["Turbo","Hologram"],"picked":"Go for the Eyes","floor":1},{"not_picked":["Hologram","Streamline"],"picked":"Self Repair","floor":5},{"not_picked":["Redo","Streamline"],"picked":"BootSequence","floor":6},{"not_picked":["Leap","Hologram"],"picked":"Self Repair","floor":8},{"not_picked":["Static Discharge","Heatsinks"],"picked":"Leap","floor":12}],"player_experience":726439,"relics_obtained":[{"floor":6,"key":"Pear"},{"floor":8,"key":"Juzu Bracelet"},{"floor":9,"key":"Lantern"}],"event_choices":[{"damage_healed":0,"gold_gain":0,"player_choice":"Success","damage_taken":18,"relics_obtained":["Potion Belt"],"max_hp_gain":0,"max_hp_loss":0,"event_name":"Scrap Ooze","floor":2,"gold_loss":0},{"damage_healed":0,"gold_gain":0,"player_choice":"Leave","damage_taken":0,"max_hp_gain":0,"max_hp_loss":0,"event_name":"The Cleric","floor":4,"gold_loss":0},{"damage_healed":0,"gold_gain":0,"player_choice":"Left Gold","damage_taken":0,"max_hp_gain":0,"max_hp_loss":0,"event_name":"World of Goop","floor":10,"gold_loss":29},{"damage_healed":0,"gold_gain":0,"player_choice":"1 cards matched","damage_taken":0,"max_hp_gain":0,"max_hp_loss":0,"event_name":"Match and Keep!","floor":11,"gold_loss":0,"cards_obtained":["Reinforced Body"]},{"damage_healed":0,"gold_gain":0,"player_choice":"Forge","damage_taken":0,"max_hp_gain":0,"max_hp_loss":0,"event_name":"Accursed Blacksmith","floor":13,"gold_loss":0,"cards_upgraded":["Self Repair"]}],"is_beta":false,"boss_relics":[],"items_purged_floors":[],"is_endless":false,"potions_floor_spawned":[5,8],"killed_by":"Hexaghost","ascension_level":9}