{"gold_per_floor":[111,31,106,106,118,149,167,195,222,234,244,302,302,382,382,382],"floor_reached":16,"playtime":921,"items_purged":[],"score":160,"play_id":"df7988a7-230f-4705-b870-9aad2a6635ff","local_time":"20190120104256","is_ascension_mode":true,"campfire_choices":[{"floor":13,"key":"REST"},{"data":"Footwork","floor":15,"key":"SMITH"}],"neow_cost":"NONE","seed_source_timestamp":2324963686847,"circlet_count":0,"master_deck":["Defend_G","Defend_G","Defend_G","Defend_G","Defend_G","Strike_G","Strike_G","Strike_G","Strike_G","Strike_G","Survivor","Neutralize","Poisoned Stab","Footwork+1","Regret","Dodge and Roll","Dodge and Roll","Sucker Punch","Masterful Stab","Die Die Die","Dash","Crippling Poison"],"relics":["Ring of the Snake","NeowsBlessing","Blood Vial","Bag of Preparation","Potion Belt","Vajra","Tiny Chest","Pantograph"],"potions_floor_usage":[8,11],"damage_taken":[{"damage":0,"enemies":"Cultist","floor":1,"turns":1},{"damage":0,"enemies":"Small Slimes","floor":5,"turns":1},{"damage":0,"enemies":"Gremlin Nob","floor":6,"turns":1},{"damage":0,"enemies":"Jaw Worm","floor":7,"turns":6},{"damage":17,"enemies":"3 Sentries","floor":8,"turns":15},{"damage":0,"enemies":"2 Fungi Beasts","floor":10,"turns":3},{"damage":4,"enemies":"3 Louse","floor":11,"turns":3},{"damage":21,"enemies":"Lagavulin","floor":12,"turns":10},{"damage":79,"enemies":"Hexaghost","floor":16,"turns":16}],"seed_played":"8076459390726438753","potions_obtained":[{"floor":7,"key":"Dexterity Potion"},{"floor":11,"key":"Fruit Juice"}],"is_trial":false,"path_per_floor":["M","$","?","?","M","E","M","E","T","M","M","E","R","T","R","B"],"character_chosen":"THE_SILENT","items_purchased":["Footwork"],"campfire_rested":1,"item_purchase_floors":[2],"current_hp_per_floor":[70,70,59,59,61,63,65,50,50,52,55,36,58,58,58,0],"gold":382,"neow_bonus":"THREE_ENEMY_KILL","is_prod":false,"is_daily":false,"chose_seed":false,"campfire_upgraded":1,"win_rate":0,"timestamp":1547959376,"path_taken":["M","$","?","?","M","E","M","E","T","M","M","E","R","?","R","BOSS"],"build_version":"2019-01-17v2","purchased_purges":0,"victory":false,"max_hp_per_floor":[70,70,70,70,70,70,70,70,70,70,75,75,75,75,75,75],"card_choices":[{"not_picked":["Infinite Blades","Deadly Poison"],"picked":"Poisoned Stab","floor":1},{"not_picked":["Calculated Gamble","PiercingWail"],"picked":"Dodge and Roll","floor":5},{"not_picked":["Flechettes","Bane"],"picked":"Dodge and Roll","floor":6},{"not_picked":["Blade Dance","Outmaneuver"],"picked":"Sucker Punch","floor":7},{"not_picked":["Outmaneuver","Endless Agony"],"picked":"Masterful Stab","floor":8},{"not_picked":["Poisoned Stab","Dodge and Roll"],"picked":"Die Die Die","floor":10},{"not_picked":["Terror","Skewer"],"picked":"Dash","floor":11},{"not_picked":["Deflect","Caltrops"],"picked":"Crippling Poison","floor":12}],"player_experience":607970,"relics_obtained":[{"floor":6,"key":"Bag of Preparation"},{"floor":8,"key":"Potion Belt"},{"floor":9,"key":"Vajra"},{"floor":12,"key":"Tiny Chest"},{"floor":14,"key":"Pantograph"}],"event_choices":[{"damage_healed":0,"gold_gain":75,"player_choice":"Gather Gold","damage_taken":11,"max_hp_gain":0,"max_hp_loss":0,"event_name":"World of Goop","floor":3,"gold_loss":0},{"damage_healed":0,"gold_gain":0,"player_choice":"Box","damage_taken":0,"relics_obtained":["Blood Vial"],"max_hp_gain":0,"max_hp_loss":0,"event_name":"Big Fish","floor":4,"gold_loss":0,"cards_obtained":["Regret"]}],"is_beta":false,"boss_relics":[],"items_purged_floors":[],"is_endless":false,"potions_floor_spawned":[7,11],"killed_by":"Hexaghost","ascension_level":2}