{"gold_per_floor":[115,126,138,156,183,183,183,183,183,198,198,198,239,262,262,355,355,319,338,358,358,136,136,136,136,162,162,181,181,195,195,195,269,269,289,289,299,317,317,317],"floor_reached":40,"playtime":1891,"items_purged":["Writhe"],"score":796,"play_id":"4739c14d-6872-4cea-8df1-745e78aa6f41","local_time":"20190202235459","is_ascension_mode":true,"campfire_choices":[{"data":"Neutralize","floor":6.0,"key":"SMITH"},{"data":"Deadly Poison","floor":8.0,"key":"SMITH"},{"data":"Bouncing Flask","floor":12.0,"key":"SMITH"},{"floor":15,"key":"REST"},{"floor":23,"key":"REST"},{"floor":25,"key":"REST"},{"floor":32,"key":"REST"}],"neow_cost":"NONE","seed_source_timestamp":83317473528930,"circlet_count":0,"master_deck":["AscendersBane","Defend_G","Defend_G","Defend_G","Defend_G+1","Defend_G","Strike_G","Strike_G","Strike_G","Strike_G","Survivor+1","Neutralize+1","Underhanded Strike","Deadly Poison+1","Heel Hook","Bouncing Flask+1","Adrenaline","Deflect","Venomology","Prepared","Dagger Throw","Underhanded Strike+1","Footwork","Bandage Up","Footwork","Corpse Explosion","Deadly Poison","Catalyst","Escape Plan","Blind"],"special_seed":0,"relics":["Ring of the Snake","Art of War","Orichalcum","War Paint","Bloody Idol","Ancient Tea Set","White Beast Statue","Lantern","Juzu Bracelet","MutagenicStrength","Fusion Hammer"],"potions_floor_usage":[13,16,18,19,20,24,24,28,30,33,33,33,35,35,37,38,38,40],"damage_taken":[{"damage":3.0,"enemies":"Cultist","floor":1.0,"turns":4.0},{"damage":2.0,"enemies":"Jaw Worm","floor":2.0,"turns":5.0},{"damage":10.0,"enemies":"Small Slimes","floor":3.0,"turns":5.0},{"damage":0.0,"enemies":"2 Fungi Beasts","floor":4.0,"turns":4.0},{"damage":0.0,"enemies":"Blue Slaver","floor":10.0,"turns":2.0},{"damage":11,"enemies":"3 Sentries","floor":13,"turns":9},{"damage":0,"enemies":"Looter","floor":14,"turns":3},{"damage":18,"enemies":"The Guardian","floor":16,"turns":8},{"damage":25,"enemies":"2 Thieves","floor":18,"turns":5},{"damage":0,"enemies":"Spheric Guardian","floor":19,"turns":3},{"damage":8,"enemies":"Snake Plant","floor":20,"turns":4},{"damage":0,"enemies":"Gremlin Leader","floor":24,"turns":2},{"damage":22,"enemies":"Shelled Parasite and Fungi","floor":28,"turns":5},{"damage":8,"enemies":"Centurion and Healer","floor":30,"turns":10},{"damage":45,"enemies":"Automaton","floor":33,"turns":12},{"damage":7,"enemies":"3 Shapes","floor":35,"turns":5},{"damage":13,"enemies":"Orb Walker","floor":37,"turns":5},{"damage":39,"enemies":"Transient","floor":38,"turns":6},{"damage":52,"enemies":"Giant Head","floor":40,"turns":7}],"seed_played":"3148519531296710344","potions_obtained":[{"floor":3.0,"key":"LiquidBronze"},{"floor":4.0,"key":"Poison Potion"},{"floor":16,"key":"Strength Potion"},{"floor":18,"key":"GamblersBrew"},{"floor":19,"key":"Swift Potion"},{"floor":28,"key":"Ancient Potion"},{"floor":30,"key":"GhostInAJar"},{"floor":33,"key":"Poison Potion"},{"floor":35,"key":"Regen Potion"},{"floor":37,"key":"Strength Potion"},{"floor":38,"key":"SteroidPotion"}],"is_trial":false,"path_per_floor":["M","M","M","M","T","R","?","R","T","M","?","R","E","M","R","B",null,"M","M","M","?","$","R","E","R","T","$","M","?","M","?","R","B",null,"M","?","M","M","?","E"],"character_chosen":"THE_SILENT","items_purchased":["Footwork","Bandage Up"],"campfire_rested":4,"item_purchase_floors":[22,22],"current_hp_per_floor":[56,54,44,44,44,44,44,44,44,44,44,44,33,33,51,33,53,28,28,20,20,20,38,38,56,56,56,38,38,39,39,57,21,50,52,52,55,21,21,0],"gold":317,"neow_bonus":"RANDOM_COMMON_RELIC","is_prod":false,"is_daily":false,"chose_seed":false,"campfire_upgraded":3,"win_rate":0,"timestamp":1549151699,"path_taken":["M","M","?","M","?","R","?","R","T","?","?","R","E","M","R","BOSS","M","M","M","?","$","R","E","R","T","$","M","?","M","?","R","BOSS","M","?","M","M","?","E"],"build_version":"2019-01-23","purchased_purges":1,"victory":false,"max_hp_per_floor":[66,66,66,66,66,66,66,66,66,66,60,60,60,60,60,60,60,60,60,60,60,60,60,60,60,60,60,60,60,60,60,60,60,60,60,60,60,60,60,60],"card_choices":[{"not_picked":["Prepared","Setup","Outmaneuver"],"picked":"SKIP","floor":1.0},{"not_picked":["Outmaneuver","Blade Dance"],"picked":"Underhanded Strike","floor":2.0},{"not_picked":["Underhanded Strike","Riddle With Holes"],"picked":"Deadly Poison","floor":3.0},{"not_picked":["Prepared","Endless Agony"],"picked":"Heel Hook","floor":4.0},{"not_picked":["Blade Dance","Setup"],"picked":"Bouncing Flask","floor":10.0},{"not_picked":["Acrobatics","Doppelganger"],"picked":"Adrenaline","floor":13},{"not_picked":["Blade Dance","Flying Knee"],"picked":"Deflect","floor":14},{"not_picked":["Doppelganger","Phantasmal Killer"],"picked":"Venomology","floor":16},{"not_picked":["Backstab","Outmaneuver"],"picked":"Prepared","floor":18},{"not_picked":["Setup+1","Blade Dance"],"picked":"Dagger Throw","floor":19},{"not_picked":["Finisher","Expertise"],"picked":"Underhanded Strike+1","floor":20},{"not_picked":["Dagger Throw","Eviscerate+1","Outmaneuver"],"picked":"SKIP","floor":28},{"not_picked":["Dagger Throw","Eviscerate+1","Outmaneuver"],"picked":"SKIP","floor":28},{"not_picked":["Crippling Poison","Adrenaline"],"picked":"Footwork","floor":30},{"not_picked":["Phantasmal Killer","Glass Knife"],"picked":"Corpse Explosion","floor":33},{"not_picked":["Slice+1","Bane"],"picked":"Deadly Poison","floor":35},{"not_picked":["Riddle With Holes+1","Flying Knee"],"picked":"Catalyst","floor":37},{"not_picked":["Outmaneuver","Bane"],"picked":"Escape Plan","floor":38},{"not_picked":["HandOfGreed","Forethought"],"picked":"Blind","floor":39}],"player_experience":1262862,"relics_obtained":[{"floor":5.0,"key":"Orichalcum"},{"floor":9.0,"key":"War Paint"},{"floor":13,"key":"Ancient Tea Set"},{"floor":26,"key":"Juzu Bracelet"}],"event_choices":[{"cards_removed":["Strike_G"],"damage_healed":0.0,"max_hp_gain":0.0,"max_hp_loss":0.0,"gold_gain":0.0,"event_name":"Bonfire Elementals","player_choice":"Offered Basic","floor":7.0,"gold_loss":0.0,"damage_taken":0.0},{"damage_healed":0.0,"max_hp_gain":0.0,"max_hp_loss":6.0,"gold_gain":0.0,"event_name":"Golden Idol","player_choice":"Lose Max HP","floor":11.0,"gold_loss":0.0,"damage_taken":0.0,"relics_obtained":["Golden Idol"]},{"damage_healed":0,"gold_gain":0,"player_choice":"Opened","damage_taken":0,"relics_obtained":["Lantern"],"max_hp_gain":0,"max_hp_loss":0,"event_name":"The Mausoleum","floor":21,"gold_loss":0,"cards_obtained":["Writhe"]},{"damage_healed":0,"gold_gain":0,"player_choice":"Gave Idol","damage_taken":0,"relics_obtained":["Bloody Idol"],"max_hp_gain":0,"max_hp_loss":0,"event_name":"Forgotten Altar","floor":29,"relics_lost":["Golden Idol"],"gold_loss":0},{"damage_healed":0,"gold_gain":0,"player_choice":"Inject Mutagens","damage_taken":0,"relics_obtained":["MutagenicStrength"],"max_hp_gain":0,"max_hp_loss":0,"event_name":"Drug Dealer","floor":31,"gold_loss":0},{"damage_healed":0,"gold_gain":0,"player_choice":"Ignored","damage_taken":0,"max_hp_gain":0,"max_hp_loss":0,"event_name":"Mysterious Sphere","floor":36,"gold_loss":0},{"damage_healed":0,"gold_gain":0,"player_choice":"Memory 1","damage_taken":0,"max_hp_gain":0,"max_hp_loss":0,"event_name":"SensoryStone","floor":39,"gold_loss":0}],"is_beta":false,"boss_relics":[{"not_picked":["Black Star","Runic Dome"],"picked":"White Beast Statue"},{"not_picked":["Lizard Tail","Snecko Eye"],"picked":"Fusion Hammer"}],"items_purged_floors":[22],"is_endless":false,"potions_floor_spawned":[3,4,16,18,19,20,24,28,30,33,35,37,38],"killed_by":"Giant Head","ascension_level":19}