{"gold_per_floor":[111,111,122,122,41,82,82,106,106,106,131,144,69,107,107,226,226,245,261,261],"floor_reached":20,"playtime":938,"items_purged":["Regret"],"score":261,"play_id":"4e739645-2615-4d0d-803c-3cf9787c5476","local_time":"20190208155021","is_ascension_mode":true,"campfire_choices":[{"data":"Noxious Fumes","floor":15,"key":"SMITH"}],"neow_cost":"NONE","seed_source_timestamp":364990828894369,"circlet_count":0,"master_deck":["Defend_G","Defend_G","Defend_G","Defend_G","Defend_G","Strike_G","Strike_G","Strike_G+1","Strike_G","Strike_G","Survivor","Neutralize","Dagger Spray+1","Infinite Blades","Noxious Fumes+1","Dodge and Roll","Caltrops","Catalyst","Blur","Catalyst","A Thousand Cuts","Regret","Deflect","Backflip"],"relics":["Ring of the Snake","NeowsBlessing","Golden Idol","Bottled Tornado","Torii","Omamori","Incense Burner","Calling Bell","Bag of Preparation","Singing Bowl","Mango"],"potions_floor_usage":[12,14,14,18,20],"damage_taken":[{"damage":0,"enemies":"Small Slimes","floor":1,"turns":1},{"damage":0,"enemies":"2 Louse","floor":3,"turns":1},{"damage":0,"enemies":"Lagavulin","floor":6,"turns":1},{"damage":11,"enemies":"Jaw Worm","floor":8,"turns":4},{"damage":8,"enemies":"2 Fungi Beasts","floor":11,"turns":4},{"damage":4,"enemies":"Gremlin Gang","floor":12,"turns":5},{"damage":9,"enemies":"Gremlin Nob","floor":14,"turns":3},{"damage":18,"enemies":"Hexaghost","floor":16,"turns":10},{"damage":15,"enemies":"Shell Parasite","floor":18,"turns":6},{"damage":28,"enemies":"Spheric Guardian","floor":19,"turns":6},{"damage":21,"enemies":"Centurion and Healer","floor":20,"turns":4}],"seed_played":"-2771908629499388051","potions_obtained":[{"floor":3,"key":"FearPotion"},{"floor":6,"key":"SneckoOil"},{"floor":12,"key":"Explosive Potion"},{"floor":14,"key":"Poison Potion"},{"floor":19,"key":"GamblersBrew"}],"is_trial":false,"path_per_floor":["M","?","M","?","$","E","?","M","T","?","M","M","$","E","R","B",null,"M","M","M"],"character_chosen":"THE_SILENT","items_purchased":["Noxious Fumes"],"campfire_rested":0,"item_purchase_floors":[5],"current_hp_per_floor":[70,56,56,56,56,56,56,45,45,45,37,33,33,24,24,6,64,49,21,0],"gold":261,"neow_bonus":"THREE_ENEMY_KILL","is_prod":false,"is_daily":false,"chose_seed":false,"campfire_upgraded":1,"win_rate":0,"timestamp":1549619421,"path_taken":["M","?","M","?","$","E","?","?","T","?","M","M","$","E","R","BOSS","M","?","?"],"build_version":"2019-01-23","purchased_purges":1,"victory":false,"max_hp_per_floor":[70,70,70,65,65,65,65,65,65,65,65,65,65,65,65,65,79,79,79,79],"card_choices":[{"not_picked":["Deflect","PiercingWail"],"picked":"Dagger Spray","floor":1},{"not_picked":["Blade Dance","Expertise"],"picked":"Infinite Blades","floor":3},{"not_picked":["Escape Plan","Poisoned Stab"],"picked":"Dodge and Roll","floor":6},{"not_picked":["Underhanded Strike","Slice"],"picked":"Caltrops","floor":8},{"not_picked":["Caltrops","PiercingWail"],"picked":"Catalyst","floor":11},{"not_picked":["Prepared","Acrobatics"],"picked":"Blur","floor":12},{"not_picked":["Distraction","Bane"],"picked":"Catalyst","floor":14},{"not_picked":["Glass Knife","Adrenaline"],"picked":"A Thousand Cuts","floor":16},{"not_picked":["Quick Slash+1","Deadly Poison"],"picked":"Deflect","floor":18},{"not_picked":["Catalyst+1","Cloak And Dagger"],"picked":"Backflip","floor":19}],"player_experience":759753,"relics_obtained":[{"floor":6,"key":"Bottled Tornado"},{"floor":9,"key":"Omamori"},{"floor":14,"key":"Incense Burner"},{"floor":17,"key":"Bag of Preparation"},{"floor":17,"key":"Singing Bowl"},{"floor":17,"key":"Mango"}],"event_choices":[{"damage_healed":0,"gold_gain":0,"player_choice":"Entered Light","damage_taken":14,"max_hp_gain":0,"max_hp_loss":0,"event_name":"Shining Light","floor":2,"gold_loss":0,"cards_upgraded":["Strike_G","Dagger Spray"]},{"damage_healed":0,"gold_gain":0,"player_choice":"Lose Max HP","damage_taken":0,"relics_obtained":["Golden Idol"],"max_hp_gain":0,"max_hp_loss":5,"event_name":"Golden Idol","floor":4,"gold_loss":0},{"damage_healed":0,"gold_gain":0,"player_choice":"Box","damage_taken":0,"relics_obtained":["Torii"],"max_hp_gain":0,"max_hp_loss":0,"event_name":"Big Fish","floor":7,"gold_loss":0,"cards_obtained":["Regret"]},{"damage_healed":0,"gold_gain":0,"player_choice":"0 cards matched","damage_taken":0,"max_hp_gain":0,"max_hp_loss":0,"event_name":"Match and Keep!","floor":10,"gold_loss":0,"cards_obtained":[]}],"is_beta":false,"boss_relics":[{"not_picked":["Philosopher\u0027s Stone","Ectoplasm"],"picked":"Calling Bell"}],"items_purged_floors":[13],"is_endless":false,"potions_floor_spawned":[3,6,12,14,19],"killed_by":"Centurion and Healer","ascension_level":5}