{"gold_per_floor":[109,123,134,150,6,6,6,32,32,32,32,44,119,119,119,119],"floor_reached":16,"playtime":396,"items_purged":[],"score":105,"play_id":"db4ffbbb-e3e7-4982-94f8-6b78441299bf","local_time":"20190207095451","is_ascension_mode":true,"campfire_choices":[{"data":"Fiend Fire","floor":6,"key":"SMITH"},{"data":"Havoc","floor":10,"key":"SMITH"},{"data":"Whirlwind","floor":15,"key":"SMITH"}],"neow_cost":"NONE","seed_source_timestamp":25164634545524,"circlet_count":0,"master_deck":["Strike_R","Strike_R","Strike_R","Strike_R","Strike_R","Defend_R","Defend_R","Defend_R","Defend_R","Bash","Pummel","Armaments","Havoc+1","Fiend Fire+1","Whirlwind+1","Heavy Blade"],"relics":["Burning Blood","PreservedInsect","Frozen Egg 2","Du-Vu Doll"],"potions_floor_usage":[12,16],"damage_taken":[{"damage":0,"enemies":"Small Slimes","floor":1,"turns":3},{"damage":10,"enemies":"Jaw Worm","floor":2,"turns":4},{"damage":9,"enemies":"2 Louse","floor":3,"turns":3},{"damage":15,"enemies":"Looter","floor":4,"turns":3},{"damage":20,"enemies":"Lagavulin","floor":8,"turns":3},{"damage":2,"enemies":"Blue Slaver","floor":12,"turns":2},{"damage":49,"enemies":"Hexaghost","floor":16,"turns":8}],"seed_played":"-7776502764210175795","potions_obtained":[{"floor":3,"key":"SkillPotion"},{"floor":8,"key":"GamblersBrew"},{"floor":12,"key":"FearPotion"}],"is_trial":false,"path_per_floor":["M","M","M","M","$","R","$","E","T","R","?","M","?","?","R","B"],"character_chosen":"IRONCLAD","items_purchased":["PreservedInsect"],"campfire_rested":0,"item_purchase_floors":[5],"current_hp_per_floor":[88,84,81,72,72,72,72,58,58,58,58,62,51,48,48,0],"gold":119,"neow_bonus":"TEN_PERCENT_HP_BONUS","is_prod":false,"is_daily":false,"chose_seed":false,"campfire_upgraded":3,"win_rate":0,"timestamp":1549562091,"path_taken":["M","M","M","M","$","R","$","E","T","R","?","M","?","?","R","BOSS"],"build_version":"2019-01-23","purchased_purges":0,"victory":false,"max_hp_per_floor":[88,88,88,88,88,88,88,88,88,88,88,88,88,88,88,88],"card_choices":[{"not_picked":["Sword Boomerang","Clothesline"],"picked":"Pummel","floor":1},{"not_picked":["Sentinel","Flex"],"picked":"Armaments","floor":2},{"not_picked":["Clash","Cleave"],"picked":"Havoc","floor":3},{"not_picked":["Clothesline","Dual Wield"],"picked":"Fiend Fire","floor":4},{"not_picked":["Thunderclap","Power Through"],"picked":"Whirlwind","floor":8},{"not_picked":["Iron Wave","Combust+1"],"picked":"Heavy Blade","floor":12}],"player_experience":298911,"relics_obtained":[{"floor":8,"key":"Frozen Egg 2"}],"event_choices":[{"damage_healed":0,"gold_gain":0,"player_choice":"Leave","damage_taken":0,"max_hp_gain":0,"max_hp_loss":0,"event_name":"The Cleric","floor":11,"gold_loss":0},{"damage_healed":0,"gold_gain":75,"player_choice":"Gather Gold","damage_taken":11,"max_hp_gain":0,"max_hp_loss":0,"event_name":"World of Goop","floor":13,"gold_loss":0},{"damage_healed":0,"gold_gain":0,"player_choice":"Success","damage_taken":3,"relics_obtained":["Du-Vu Doll"],"max_hp_gain":0,"max_hp_loss":0,"event_name":"Scrap Ooze","floor":14,"gold_loss":0}],"is_beta":false,"boss_relics":[],"items_purged_floors":[],"is_endless":false,"potions_floor_spawned":[3,8,12],"killed_by":"Hexaghost","ascension_level":1}