{"gold_per_floor":[218,238,15,32,48,48,73,89,89,264,339,339,350,377,377,476,476,496,596,414,414,424,424,450,450,480,491,526,526],"floor_reached":29,"playtime":2530,"items_purged":["Strike_G","Doubt"],"score":328,"play_id":"5842ebc3-2149-405e-88f4-af4cbefc7bf6","local_time":"20190204200351","is_ascension_mode":true,"campfire_choices":[{"data":"Neutralize","floor":6,"key":"SMITH"},{"floor":15,"key":"REST"},{"floor":23,"key":"REST"},{"data":"Reflex","floor":25,"key":"SMITH"}],"neow_cost":"NONE","seed_source_timestamp":459054697587500,"circlet_count":0,"master_deck":["Defend_G","Defend_G","Defend_G","Defend_G","Defend_G","Strike_G","Strike_G","Strike_G","Strike_G","Survivor","Neutralize+1","Sucker Punch","Dagger Throw","Dash","Well Laid Plans","Cloak And Dagger","Phantasmal Killer","Caltrops","All Out Attack","Unload","Glass Knife","Dagger Spray+1","Corpse Explosion","Caltrops","Reflex+1","Backflip","Tactician"],"relics":["Ring of the Snake","Singing Bowl","Ice Cream","Tingsha","HoveringKite","The Specimen","Matryoshka","Ninja Scroll","Tiny Chest","Molten Egg 2","Anchor"],"potions_floor_usage":[8,16,22,24,28,28],"damage_taken":[{"damage":0,"enemies":"Cultist","floor":1,"turns":4},{"damage":1,"enemies":"2 Louse","floor":2,"turns":2},{"damage":0,"enemies":"Small Slimes","floor":4,"turns":3},{"damage":0,"enemies":"2 Fungi Beasts","floor":5,"turns":4},{"damage":12,"enemies":"3 Sentries","floor":7,"turns":12},{"damage":1,"enemies":"Looter","floor":8,"turns":3},{"damage":3,"enemies":"Lots of Slimes","floor":13,"turns":6},{"damage":5,"enemies":"Lagavulin","floor":14,"turns":6},{"damage":13,"enemies":"Slime Boss","floor":16,"turns":10},{"damage":6,"enemies":"3 Byrds","floor":18,"turns":3},{"damage":18,"enemies":"Colosseum Slavers","floor":19,"turns":5},{"damage":21,"enemies":"Colosseum Nobs","floor":19,"turns":5},{"damage":11,"enemies":"Spheric Guardian","floor":22,"turns":3},{"damage":20,"enemies":"Slavers","floor":24,"turns":4},{"damage":18,"enemies":"Snecko","floor":27,"turns":4},{"damage":2,"enemies":"Book of Stabbing","floor":28,"turns":5},{"damage":4,"enemies":"Snake Plant","floor":29,"turns":1}],"seed_played":"5656801488004275698","potions_obtained":[{"floor":4,"key":"GamblersBrew"},{"floor":5,"key":"AttackPotion"},{"floor":13,"key":"PowerPotion"},{"floor":14,"key":"Dexterity Potion"},{"floor":19,"key":"Fire Potion"},{"floor":24,"key":"Ancient Potion"},{"floor":27,"key":"GhostInAJar"}],"is_trial":false,"path_per_floor":["M","M","$","M","M","R","E","M","T","?","?","?","M","E","R","B",null,"M","?","$","?","M","R","E","R","T","M","E","M"],"character_chosen":"THE_SILENT","items_purchased":["Dash","Well Laid Plans","Corpse Explosion"],"campfire_rested":2,"item_purchase_floors":[3,3,20],"current_hp_per_floor":[70,69,69,69,69,69,59,58,58,58,47,47,44,39,60,47,72,66,29,29,29,20,42,22,22,22,4,2,0],"gold":526,"neow_bonus":"HUNDRED_GOLD","is_prod":false,"is_daily":false,"chose_seed":false,"campfire_upgraded":2,"win_rate":0,"timestamp":1549281831,"path_taken":["M","M","$","M","?","R","E","M","T","?","?","?","M","E","R","BOSS","M","?","$","?","M","R","E","R","T","M","E","M"],"build_version":"2019-01-23","purchased_purges":2,"victory":false,"max_hp_per_floor":[70,70,70,70,70,70,72,72,72,72,72,72,72,72,72,72,72,72,74,74,74,76,76,76,76,76,76,76,76],"card_choices":[{"not_picked":["Quick Slash","Dodge and Roll"],"picked":"Sucker Punch","floor":1},{"not_picked":["Backflip","Blade Dance"],"picked":"Dagger Throw","floor":2},{"not_picked":["Accuracy","Concentrate"],"picked":"Cloak And Dagger","floor":4},{"not_picked":["Backflip","PiercingWail"],"picked":"Phantasmal Killer","floor":5},{"not_picked":["Sucker Punch","Expertise","Cloak And Dagger"],"picked":"Singing Bowl","floor":7},{"not_picked":["Underhanded Strike","Catalyst"],"picked":"Caltrops","floor":8},{"not_picked":["Calculated Gamble","Riddle With Holes"],"picked":"All Out Attack","floor":13},{"not_picked":["Finisher","Dagger Throw"],"picked":"Unload","floor":14},{"not_picked":["Night Terror","Doppelganger"],"picked":"Glass Knife","floor":16},{"not_picked":["Deadly Poison","Dagger Throw"],"picked":"Dagger Spray+1","floor":18},{"not_picked":["Blade Dance","Distraction","Dodge and Roll"],"picked":"Singing Bowl","floor":19},{"not_picked":["Distraction","Dagger Throw","Backstab"],"picked":"Singing Bowl","floor":22},{"not_picked":["Dagger Spray","PiercingWail+1"],"picked":"Reflex","floor":24},{"not_picked":["Dagger Throw+1","Expertise"],"picked":"Backflip","floor":27},{"not_picked":["Quick Slash+1","Dash+1"],"picked":"Tactician","floor":28}],"player_experience":308140,"relics_obtained":[{"floor":7,"key":"Singing Bowl"},{"floor":9,"key":"Ice Cream"},{"floor":14,"key":"Tingsha"},{"floor":19,"key":"The Specimen"},{"floor":19,"key":"Matryoshka"},{"floor":24,"key":"Ninja Scroll"},{"floor":26,"key":"Tiny Chest"},{"floor":26,"key":"Molten Egg 2"},{"floor":28,"key":"Anchor"}],"event_choices":[{"damage_healed":0,"gold_gain":175,"player_choice":"AGREE","damage_taken":0,"max_hp_gain":0,"max_hp_loss":0,"event_name":"Liars Game","floor":10,"gold_loss":0,"cards_obtained":["Doubt"]},{"damage_healed":0,"gold_gain":75,"player_choice":"Gather Gold","damage_taken":11,"max_hp_gain":0,"max_hp_loss":0,"event_name":"World of Goop","floor":11,"gold_loss":0},{"damage_healed":0,"gold_gain":0,"player_choice":"Searched \u00270\u0027 times","damage_taken":0,"max_hp_gain":0,"max_hp_loss":0,"event_name":"Dead Adventurer","floor":12,"gold_loss":0},{"damage_healed":0,"gold_gain":0,"player_choice":"Fight","damage_taken":0,"max_hp_gain":0,"max_hp_loss":0,"event_name":"Colosseum","floor":19,"gold_loss":0},{"damage_healed":0,"gold_gain":0,"player_choice":"Fought Nobs","damage_taken":0,"max_hp_gain":0,"max_hp_loss":0,"event_name":"Colosseum","floor":19,"gold_loss":0},{"damage_healed":0,"gold_gain":0,"player_choice":"Copied","damage_taken":0,"max_hp_gain":0,"max_hp_loss":0,"event_name":"Duplicator","floor":21,"gold_loss":0,"cards_obtained":["Caltrops"]}],"is_beta":false,"boss_relics":[{"not_picked":["Runic Pyramid","White Beast Statue"],"picked":"HoveringKite"}],"items_purged_floors":[3,20],"is_endless":false,"potions_floor_spawned":[4,5,13,14,19,24,27],"killed_by":"Snake Plant","ascension_level":4}