{"gold_per_floor":[114,8,86,106,381,416,428,461,461,493,509,509,525,559,559,559],"floor_reached":16,"playtime":846,"items_purged":[],"score":188,"play_id":"5ded3681-be3c-4134-99b0-9888d2619a8d","local_time":"20190204141951","is_ascension_mode":true,"campfire_choices":[{"data":"Havoc","floor":12,"key":"SMITH"},{"floor":15,"key":"REST"}],"neow_cost":"NONE","seed_source_timestamp":159212599817099,"circlet_count":0,"master_deck":["Strike_R","Strike_R","Strike_R","Strike_R","Strike_R","Defend_R","Defend_R","Defend_R","Defend_R","Bash","Armaments","Corruption","Uppercut","Regret","Reaper","Disarm","Feed","Havoc+1","Seeing Red"],"relics":["Burning Blood","NeowsBlessing","Pear","Paper Frog","Vajra","Smiling Mask"],"potions_floor_usage":[10,16,16],"damage_taken":[{"damage":0,"enemies":"Cultist","floor":1,"turns":1},{"damage":0,"enemies":"2 Louse","floor":4,"turns":1},{"damage":0,"enemies":"3 Sentries","floor":6,"turns":2},{"damage":19,"enemies":"Jaw Worm","floor":7,"turns":4},{"damage":14,"enemies":"Lagavulin","floor":8,"turns":7},{"damage":54,"enemies":"3 Sentries","floor":10,"turns":10},{"damage":11,"enemies":"Gremlin Gang","floor":11,"turns":5},{"damage":3,"enemies":"Exordium Wildlife","floor":13,"turns":4},{"damage":31,"enemies":"Lagavulin","floor":14,"turns":8},{"damage":77,"enemies":"Hexaghost","floor":16,"turns":11}],"seed_played":"-2261066687650347755","potions_obtained":[{"floor":6,"key":"Weak Potion"},{"floor":8,"key":"SpeedPotion"},{"floor":14,"key":"SteroidPotion"}],"is_trial":false,"path_per_floor":["M","$","?","M","?","E","M","E","T","E","M","R","M","E","R","B"],"character_chosen":"IRONCLAD","items_purchased":["Corruption","Uppercut"],"campfire_rested":1,"item_purchase_floors":[2,2],"current_hp_per_floor":[80,80,80,80,80,90,83,75,75,40,44,44,60,38,67,0],"gold":559,"neow_bonus":"THREE_ENEMY_KILL","is_prod":false,"is_daily":false,"chose_seed":false,"campfire_upgraded":1,"win_rate":0,"timestamp":1549318791,"path_taken":["M","$","?","M","?","E","M","E","T","E","?","R","M","E","R","BOSS"],"build_version":"2019-01-23","purchased_purges":0,"victory":false,"max_hp_per_floor":[80,80,80,80,80,90,90,90,90,90,93,93,96,99,99,99],"card_choices":[{"not_picked":["Thunderclap","Cleave"],"picked":"Armaments","floor":1},{"not_picked":["Cleave","Fire Breathing","Bloodletting"],"picked":"SKIP","floor":4},{"not_picked":["Corruption","Battle Trance"],"picked":"Reaper","floor":6},{"not_picked":["Second Wind","Cleave","Wild Strike"],"picked":"SKIP","floor":7},{"not_picked":["Twin Strike","Clothesline"],"picked":"Disarm","floor":8},{"not_picked":["Blood for Blood","Clash"],"picked":"Feed","floor":10},{"not_picked":["Cleave","Pummel"],"picked":"Havoc","floor":11},{"not_picked":["Clothesline","Clash","Iron Wave"],"picked":"SKIP","floor":13},{"not_picked":["Armaments","Carnage"],"picked":"Seeing Red","floor":14}],"player_experience":265743,"relics_obtained":[{"floor":6,"key":"Pear"},{"floor":8,"key":"Paper Frog"},{"floor":10,"key":"Vajra"},{"floor":14,"key":"Smiling Mask"}],"event_choices":[{"damage_healed":0,"gold_gain":78,"player_choice":"Gained Gold","damage_taken":0,"max_hp_gain":0,"max_hp_loss":0,"event_name":"Golden Wing","floor":3,"gold_loss":0},{"damage_healed":0,"gold_gain":275,"player_choice":"Desecrate","damage_taken":0,"max_hp_gain":0,"max_hp_loss":0,"event_name":"Golden Shrine","floor":5,"gold_loss":0,"cards_obtained":["Regret"]}],"is_beta":false,"boss_relics":[],"items_purged_floors":[],"is_endless":false,"potions_floor_spawned":[6,8,14],"killed_by":"Hexaghost","ascension_level":1}