{"gold_per_floor":[112,112,135,85,85,85,128,19,19,52,7,7,28,28,28,148,148,161,161,161,185,201,201,239,254,254,254,0,343,24,24,24,149,149,168,168,182,182,22,22],"floor_reached":40,"playtime":5047,"items_purged":["Defend_R","Strike_R","Strike_R"],"score":499,"play_id":"b1da27f0-8d63-4667-bb7e-86e050441567","local_time":"20190208190224","is_ascension_mode":true,"campfire_choices":[{"floor":6,"key":"RECALL"},{"floor":12,"key":"REST"},{"floor":15,"key":"REST"},{"data":"Flame Barrier","floor":23,"key":"SMITH"},{"floor":27,"key":"REST"},{"data":"Heavy Blade","floor":32,"key":"SMITH"}],"neow_cost":"NONE","seed_source_timestamp":13719518747400,"circlet_count":0,"master_deck":["Strike_R","Strike_R","Defend_R+1","Defend_R","Defend_R","Bash","Dramatic Entrance","Heavy Blade+1","Rage+1","Inflame","Shrug It Off+1","Headbutt+1","Battle Trance","Feed+1","Headbutt+1","Pommel Strike+1","Flame Barrier+1","Fire Breathing","Flame Barrier+1","Feed+1","Uppercut+1","Limit Break","Cleave+1","Clothesline+1","Madness","Madness","Infernal Blade"],"relics":["Burning Blood","Golden Idol","Charon\u0027s Ashes","Paper Frog","Molten Egg 2","Blood Vial","Snecko Eye","MutagenicStrength","Bronze Scales","Shuriken","Meat on the Bone","Old Coin","War Paint","Runic Pyramid","Lantern"],"potions_floor_usage":[10,10,16,25,25,40,40],"damage_taken":[{"damage":1,"enemies":"2 Louse","floor":1,"turns":3},{"damage":6,"enemies":"Jaw Worm","floor":3,"turns":4},{"damage":16,"enemies":"Gremlin Nob","floor":7,"turns":4},{"damage":12,"enemies":"Lagavulin","floor":10,"turns":5},{"damage":0,"enemies":"Small Slimes","floor":13,"turns":2},{"damage":15,"enemies":"Slime Boss","floor":16,"turns":6},{"damage":2,"enemies":"Chosen","floor":18,"turns":4},{"damage":2,"enemies":"Shell Parasite","floor":21,"turns":4},{"damage":14,"enemies":"Centurion and Healer","floor":22,"turns":4},{"damage":39,"enemies":"Gremlin Leader","floor":24,"turns":6},{"damage":5,"enemies":"Snake Plant","floor":25,"turns":2},{"damage":6,"enemies":"Book of Stabbing","floor":29,"turns":3},{"damage":35,"enemies":"Collector","floor":33,"turns":10},{"damage":0,"enemies":"Orb Walker","floor":35,"turns":4},{"damage":24,"enemies":"3 Shapes","floor":37,"turns":4},{"damage":115,"enemies":"Giant Head","floor":40,"turns":8}],"seed_played":"-8350767560837101345","potions_obtained":[{"floor":1,"key":"Fruit Juice"},{"floor":3,"key":"Fire Potion"},{"floor":10,"key":"Explosive Potion"},{"floor":21,"key":"SkillPotion"},{"floor":24,"key":"Weak Potion"},{"floor":25,"key":"SpeedPotion"},{"floor":29,"key":"BloodPotion"},{"floor":35,"key":"AttackPotion"}],"is_trial":false,"path_per_floor":["M","?","M","?","?","R","E","$","T","E","$","R","M","?","R","B",null,"M","?","?","M","M","R","E","M","T","R","$","E","$","?","R","B",null,"M","?","M","?","$","E"],"character_chosen":"IRONCLAD","items_purchased":["Inflame","Headbutt+1","Meat on the Bone","War Paint","Uppercut+1","Infernal Blade"],"campfire_rested":3,"item_purchase_floors":[8,11,28,30,30,39],"current_hp_per_floor":[80,60,60,60,44,44,34,34,34,33,33,58,64,52,77,70,85,89,89,72,78,76,76,49,52,52,82,82,84,84,102,102,73,102,106,106,96,82,82,0],"gold":22,"neow_bonus":"RANDOM_COLORLESS","is_prod":false,"is_daily":false,"chose_seed":false,"campfire_upgraded":2,"win_rate":1,"timestamp":1549648944,"path_taken":["M","?","M","?","?","R","E","$","T","E","?","R","?","?","R","BOSS","M","?","?","M","?","R","E","M","T","R","$","E","?","?","R","BOSS","M","?","?","?","$","E"],"build_version":"2019-01-23","purchased_purges":3,"victory":false,"max_hp_per_floor":[80,80,80,80,80,80,80,80,80,85,85,85,85,85,85,85,85,89,89,94,94,98,98,102,102,102,102,102,102,102,102,102,102,102,106,106,114,114,114,114],"card_choices":[{"not_picked":["Twin Strike","Flex"],"picked":"Heavy Blade","floor":1},{"not_picked":["Pommel Strike","Perfected Strike"],"picked":"Rage","floor":3},{"not_picked":["Heavy Blade","Blood for Blood"],"picked":"Rupture","floor":7},{"not_picked":["Body Slam","Corruption"],"picked":"Shrug It Off","floor":10},{"not_picked":["Clothesline+1","Dropkick+1"],"picked":"Battle Trance","floor":13},{"not_picked":["Brutality","Offering"],"picked":"Feed+1","floor":16},{"not_picked":["Iron Wave+1","Shrug It Off"],"picked":"Headbutt+1","floor":18},{"not_picked":["True Grit+1","Twin Strike+1"],"picked":"Pommel Strike+1","floor":21},{"not_picked":["Rampage+1","Thunderclap+1"],"picked":"Flame Barrier","floor":22},{"not_picked":["Reckless Charge+1","Armaments"],"picked":"Fire Breathing","floor":24},{"not_picked":["Iron Wave+1","Disarm"],"picked":"Flame Barrier","floor":25},{"not_picked":["Rage","Clash+1"],"picked":"Feed+1","floor":29},{"not_picked":["Offering","Double Tap"],"picked":"Limit Break","floor":33},{"not_picked":["Perfected Strike+1","Sword Boomerang+1"],"picked":"Cleave+1","floor":35},{"not_picked":["Cleave+1","Heavy Blade+1"],"picked":"Clothesline+1","floor":37}],"player_experience":26369,"relics_obtained":[{"floor":7,"key":"Charon\u0027s Ashes"},{"floor":9,"key":"Paper Frog"},{"floor":10,"key":"Molten Egg 2"},{"floor":24,"key":"Bronze Scales"},{"floor":26,"key":"Shuriken"},{"floor":29,"key":"Old Coin"}],"event_choices":[{"damage_healed":0,"gold_gain":0,"player_choice":"Take Damage","damage_taken":20,"relics_obtained":["Golden Idol"],"max_hp_gain":0,"max_hp_loss":0,"event_name":"Golden Idol","floor":2,"gold_loss":0},{"cards_removed":["Strike_R"],"damage_healed":0,"gold_gain":0,"player_choice":"Card Removal","damage_taken":0,"max_hp_gain":0,"max_hp_loss":0,"event_name":"The Cleric","floor":4,"gold_loss":50},{"damage_healed":0,"gold_gain":0,"player_choice":"Entered Light","damage_taken":16,"max_hp_gain":0,"max_hp_loss":0,"event_name":"Shining Light","floor":5,"gold_loss":0,"cards_upgraded":["Rage","Defend_R"]},{"damage_healed":0,"gold_gain":0,"player_choice":"Success","damage_taken":12,"relics_obtained":["Blood Vial"],"max_hp_gain":0,"max_hp_loss":0,"event_name":"Scrap Ooze","floor":14,"gold_loss":0},{"damage_healed":0,"gold_gain":0,"player_choice":"Inject Mutagens","damage_taken":0,"relics_obtained":["MutagenicStrength"],"max_hp_gain":0,"max_hp_loss":0,"event_name":"Drug Dealer","floor":19,"gold_loss":0},{"damage_healed":0,"gold_gain":0,"player_choice":"Shed Blood","damage_taken":22,"max_hp_gain":5,"max_hp_loss":0,"event_name":"Forgotten Altar","floor":20,"gold_loss":0},{"cards_removed":["Rupture"],"damage_healed":18,"gold_gain":0,"player_choice":"Offered Uncommon","damage_taken":0,"max_hp_gain":0,"max_hp_loss":0,"event_name":"Bonfire Elementals","floor":31,"gold_loss":0},{"damage_healed":0,"gold_gain":0,"player_choice":"Gave Potion","damage_taken":0,"relics_obtained":["Lantern"],"max_hp_gain":0,"max_hp_loss":0,"event_name":"WeMeetAgain","floor":36,"gold_loss":0},{"damage_healed":0,"gold_gain":0,"player_choice":"Embrace Madness","damage_taken":14,"max_hp_gain":0,"max_hp_loss":0,"event_name":"Winding Halls","floor":38,"gold_loss":0,"cards_obtained":["Madness","Madness"]}],"is_beta":false,"boss_relics":[{"not_picked":["Ectoplasm","Fusion Hammer"],"picked":"Snecko Eye"},{"not_picked":["Lizard Tail","Velvet Choker"],"picked":"Runic Pyramid"}],"items_purged_floors":[8,30,39],"is_endless":false,"potions_floor_spawned":[1,3,10,21,24,25,29,35],"killed_by":"Giant Head","ascension_level":1}