{"gold_per_floor":[14,34,34,34,109,143,143,187,187,14,29,29,43,68,68,68],"floor_reached":16,"playtime":809,"items_purged":[],"score":220,"play_id":"0c4bbd0a-4233-431d-bce1-0bae3d7642b2","local_time":"20190403213944","is_ascension_mode":true,"campfire_choices":[{"floor":7.0,"key":"REST"},{"data":"Glass Knife","floor":12,"key":"SMITH"},{"data":"Neutralize","floor":15,"key":"SMITH"}],"neow_cost":"NO_GOLD","seed_source_timestamp":5158218111467,"circlet_count":0,"master_deck":["AscendersBane","Defend_G","Defend_G","Defend_G","Defend_G","Defend_G","Strike_G","Strike_G","Strike_G","Survivor","Neutralize+1","Heel Hook","Glass Knife+1","Deadly Poison","Crippling Poison","Deadly Poison","Dodge and Roll","Corpse Explosion","Deflect","PiercingWail"],"special_seed":0,"relics":["Ring of the Snake","Golden Idol","Gremlin Horn","Juzu Bracelet","Pantograph"],"potions_floor_usage":[],"damage_taken":[{"damage":9.0,"enemies":"Cultist","floor":1.0,"turns":5.0},{"damage":0.0,"enemies":"Small Slimes","floor":2.0,"turns":3.0},{"damage":22.0,"enemies":"Gremlin Nob","floor":6.0,"turns":4.0},{"damage":17.0,"enemies":"Lagavulin","floor":8.0,"turns":5.0},{"damage":0,"enemies":"2 Louse","floor":11,"turns":2},{"damage":6,"enemies":"Exordium Thugs","floor":13,"turns":5},{"damage":0,"enemies":"Gremlin Gang","floor":14,"turns":1},{"damage":62,"enemies":"Slime Boss","floor":16,"turns":6}],"seed_played":"6718544931874872551","potions_obtained":[{"floor":1.0,"key":"Fire Potion"},{"floor":13,"key":"FairyPotion"}],"is_trial":false,"path_per_floor":["M","M","?","?","?","E","R","E","T","$","M","R","M","M","R","B"],"character_chosen":"THE_SILENT","items_purchased":["Corpse Explosion"],"campfire_rested":1,"item_purchase_floors":[10],"current_hp_per_floor":[50,50,50,50,39,17,35,18,18,18,18,18,12,12,12,0],"gold":68,"neow_bonus":"TRANSFORM_TWO_CARDS","is_prod":false,"is_daily":false,"chose_seed":false,"campfire_upgraded":2,"win_rate":0,"timestamp":1554320384,"path_taken":["M","M","?","?","?","E","R","E","T","$","M","R","M","M","R","BOSS"],"build_version":"2019-01-23","purchased_purges":0,"victory":false,"max_hp_per_floor":[66,66,60,60,60,60,60,60,60,60,60,60,60,60,60,60],"card_choices":[{"not_picked":["Eviscerate","Bane"],"picked":"Deadly Poison","floor":1.0},{"not_picked":["PiercingWail","Escape Plan"],"picked":"Crippling Poison","floor":2.0},{"not_picked":["Flying Knee","All Out Attack"],"picked":"Deadly Poison","floor":6.0},{"not_picked":["Flying Knee","Expertise"],"picked":"Dodge and Roll","floor":8.0},{"not_picked":["Underhanded Strike","Flying Knee"],"picked":"Deflect","floor":11},{"not_picked":["Riddle With Holes","Tactician"],"picked":"PiercingWail","floor":13},{"not_picked":["Heel Hook","Infinite Blades","Dash"],"picked":"SKIP","floor":14}],"player_experience":2331736,"relics_obtained":[{"floor":6.0,"key":"Gremlin Horn"},{"floor":8.0,"key":"Juzu Bracelet"},{"floor":9.0,"key":"Pantograph"}],"event_choices":[{"damage_healed":0.0,"max_hp_gain":0.0,"max_hp_loss":6.0,"gold_gain":0.0,"event_name":"Golden Idol","player_choice":"Lose Max HP","floor":3.0,"gold_loss":0.0,"damage_taken":0.0,"relics_obtained":["Golden Idol"]},{"damage_healed":0.0,"max_hp_gain":0.0,"max_hp_loss":0.0,"gold_gain":0.0,"event_name":"Liars Game","player_choice":"Ignored","floor":4.0,"gold_loss":0.0,"damage_taken":0.0},{"damage_healed":0.0,"max_hp_gain":0.0,"max_hp_loss":0.0,"gold_gain":75.0,"event_name":"World of Goop","player_choice":"Gather Gold","floor":5.0,"gold_loss":0.0,"damage_taken":11.0}],"is_beta":false,"boss_relics":[],"items_purged_floors":[],"is_endless":false,"potions_floor_spawned":[1,13],"killed_by":"Slime Boss","ascension_level":20}