{"gold_per_floor":[119,12,31,31,31,71,71,96,122,137,181,181,217,217,217,310,310,334,12,12,43,78,90,123,148,160,172,199,211,236,2,2,18,18,31,31,46,17,17,17,17,17,17,17,58,77,90,104,104,104],"floor_reached":50,"playtime":2597,"items_purged":["Strike_G"],"score":1067,"play_id":"e34ee8b8-7c16-4167-b643-5ede87ea3c9e","local_time":"20181110171819","is_ascension_mode":true,"campfire_choices":[{"data":"Neutralize","floor":7.0,"key":"SMITH"},{"floor":15.0,"key":"REST"},{"data":"Skewer","floor":23.0,"key":"SMITH"},{"floor":27.0,"key":"REST"},{"data":"Envenom","floor":29.0,"key":"SMITH"},{"data":"Blind","floor":32.0,"key":"SMITH"},{"data":"A Thousand Cuts","floor":40.0,"key":"SMITH"},{"data":"Glass Knife","floor":42.0,"key":"SMITH"},{"data":"Survivor","floor":44.0,"key":"SMITH"},{"floor":49.0,"key":"REST"}],"neow_cost":"NONE","seed_source_timestamp":0,"circlet_count":0,"master_deck":["AscendersBane","Defend_G","Defend_G","Defend_G","Defend_G","Defend_G","Strike_G","Strike_G","Strike_G","Strike_G","Survivor+1","Neutralize+1","Skewer+1","Noxious Fumes+1","Backflip","Backflip","Envenom+1","Dagger Throw","Deflect","Corpse Explosion","Flying Knee","Calculated Gamble+1","Bane","Dash","Blind+1","Infinite Blades","Backflip","A Thousand Cuts+1","Glass Knife+1","Bouncing Flask+1","Backflip","Pain","Bane","Dodge and Roll+1"],"special_seed":0,"relics":["Ring of the Snake","Vajra","Golden Idol","Lantern","Smiling Mask","Mummified Hand","Nunchaku","Bag of Marbles","Philosopher\u0027s Stone","The Specimen","MawBank","Ninja Scroll","Busted Crown","Dodecahedron","WarpedTongs","Frozen Egg 2","Anchor"],"potions_floor_usage":[50,50],"damage_taken":[{"damage":8.0,"enemies":"Jaw Worm","floor":1.0,"turns":7.0},{"damage":0.0,"enemies":"2 Louse","floor":3.0,"turns":3.0},{"damage":26.0,"enemies":"Gremlin Nob","floor":6.0,"turns":4.0},{"damage":0.0,"enemies":"Small Slimes","floor":8.0,"turns":4.0},{"damage":5.0,"enemies":"Exordium Wildlife","floor":10.0,"turns":4.0},{"damage":7.0,"enemies":"Lagavulin","floor":11.0,"turns":7.0},{"damage":12.0,"enemies":"3 Sentries","floor":13.0,"turns":8.0},{"damage":8.0,"enemies":"Hexaghost","floor":16.0,"turns":9.0},{"damage":14.0,"enemies":"2 Thieves","floor":18.0,"turns":2.0},{"damage":9.0,"enemies":"Shell Parasite","floor":21.0,"turns":4.0},{"damage":4.0,"enemies":"Centurion and Healer","floor":22.0,"turns":5.0},{"damage":1.0,"enemies":"Snecko","floor":24.0,"turns":4.0},{"damage":4.0,"enemies":"Sentry and Sphere","floor":25.0,"turns":4.0},{"damage":0.0,"enemies":"3 Cultists","floor":28.0,"turns":1.0},{"damage":2.0,"enemies":"Shelled Parasite and Fungi","floor":30.0,"turns":2.0},{"damage":1.0,"enemies":"Snake Plant","floor":31.0,"turns":2.0},{"damage":28.0,"enemies":"Champ","floor":33.0,"turns":12.0},{"damage":0.0,"enemies":"3 Darklings","floor":35.0,"turns":1.0},{"damage":0.0,"enemies":"Orb Walker","floor":37.0,"turns":3.0},{"damage":38.0,"enemies":"Nemesis","floor":45.0,"turns":5.0},{"damage":1.0,"enemies":"Jaw Worm Horde","floor":46.0,"turns":1.0},{"damage":4.0,"enemies":"Writhing Mass","floor":47.0,"turns":4.0},{"damage":0.0,"enemies":"3 Darklings","floor":48.0,"turns":2.0},{"damage":37,"enemies":"Donu and Deca","floor":50,"turns":6}],"seed_played":"-6762448668139426920","potions_obtained":[{"floor":1.0,"key":"PowerPotion"},{"floor":10.0,"key":"AttackPotion"},{"floor":11.0,"key":"Energy Potion"},{"floor":13.0,"key":"Ancient Potion"},{"floor":22.0,"key":"GhostInAJar"},{"floor":24.0,"key":"Weak Potion"},{"floor":28.0,"key":"GhostInAJar"},{"floor":30.0,"key":"Weak Potion"},{"floor":47.0,"key":"Block Potion"},{"floor":48.0,"key":"AttackPotion"}],"is_trial":false,"path_per_floor":["M","$","M","?","?","E","R","M","M","T","M","E","?","E","?","R","B",null,"M","$","?","M","M","R","M","M","T","R","M","R","M","M","$","R","B",null,"M","?","M","$","T","R","?","R","T","R","E","M","M","M","R","B"],"character_chosen":"THE_SILENT","items_purchased":["Noxious Fumes","Backflip","The Specimen","Blind","Infinite Blades","Backflip","Backflip"],"campfire_rested":3,"item_purchase_floors":[2,2,19,31,31,31,38],"current_hp_per_floor":[51,51,51,51,51,25,25,25,25,20,13,13,1,1,19,11,48,34,34,34,25,21,21,20,16,16,34,34,34,32,31,31,3,46,46,46,46,46,46,46,46,46,46,46,8,7,3,3,21,0],"gold":104,"neow_bonus":"RANDOM_COMMON_RELIC","is_prod":false,"is_daily":false,"chose_seed":false,"campfire_upgraded":7,"win_rate":0,"timestamp":1541866699,"path_taken":["M","$","M","?","?","E","R","M","T","M","E","?","E","?","R","BOSS","M","$","?","M","M","R","M","M","T","R","M","R","M","?","R","BOSS","M","?","?","$","?","R","?","R","T","R","E","?","?","M","R","BOSS"],"build_version":"2018-11-08","purchased_purges":1,"victory":false,"max_hp_per_floor":[66,66,66,60,60,60,60,60,60,60,60,60,60,60,60,60,60,60,60,60,60,60,60,60,60,60,60,60,60,60,60,60,60,60,60,60,60,60,60,60,60,60,60,60,60,60,60,60,60,60],"card_choices":[{"not_picked":["Reflex","Eviscerate"],"picked":"Skewer","floor":1.0},{"not_picked":["Escape Plan","Predator"],"picked":"Backflip","floor":3.0},{"not_picked":["Prepared","Poisoned Stab"],"picked":"Envenom","floor":6.0},{"not_picked":["Phantasmal Killer","Underhanded Strike"],"picked":"Dagger Throw","floor":8.0},{"not_picked":["Setup","Concentrate","Acrobatics"],"picked":"SKIP","floor":10.0},{"not_picked":["Sucker Punch","Predator"],"picked":"Deflect","floor":11.0},{"not_picked":["Finisher","Accuracy","Blade Dance"],"picked":"SKIP","floor":13.0},{"not_picked":["Burst","Phantasmal Killer"],"picked":"Corpse Explosion","floor":16.0},{"not_picked":["Sucker Punch","Slice","Acrobatics"],"picked":"SKIP","floor":18.0},{"not_picked":["Blade Dance","Slice","Dagger Throw"],"picked":"SKIP","floor":21.0},{"not_picked":["Cloak And Dagger","Reflex"],"picked":"Flying Knee","floor":22.0},{"not_picked":["Underhanded Strike","Dodge and Roll"],"picked":"Calculated Gamble+1","floor":24.0},{"not_picked":["Poisoned Stab+1","Backflip"],"picked":"Bane","floor":25.0},{"not_picked":["Backflip","Blade Dance"],"picked":"Dash","floor":28.0},{"not_picked":["Riddle With Holes","Deflect","Heel Hook"],"picked":"SKIP","floor":30.0},{"not_picked":["Doppelganger","Glass Knife"],"picked":"A Thousand Cuts","floor":33.0},{"not_picked":["Quick Slash"],"picked":"SKIP","floor":35.0},{"not_picked":[],"picked":"Bouncing Flask+1","floor":37.0},{"not_picked":[],"picked":"Bane","floor":45.0},{"not_picked":["Dodge and Roll"],"picked":"SKIP","floor":46.0},{"not_picked":["Prepared"],"picked":"SKIP","floor":47.0},{"not_picked":[],"picked":"Dodge and Roll+1","floor":48.0}],"player_experience":1045630,"relics_obtained":[{"floor":6.0,"key":"Lantern"},{"floor":9.0,"key":"Smiling Mask"},{"floor":11.0,"key":"Mummified Hand"},{"floor":13.0,"key":"Nunchaku"},{"floor":26.0,"key":"Ninja Scroll"},{"floor":39.0,"key":"Dodecahedron"},{"floor":43.0,"key":"Frozen Egg 2"},{"floor":45.0,"key":"Anchor"}],"event_choices":[{"damage_healed":0.0,"max_hp_gain":0.0,"max_hp_loss":6.0,"gold_gain":0.0,"event_name":"Golden Idol","player_choice":"Lose Max HP","floor":4.0,"gold_loss":0.0,"damage_taken":0.0,"relics_obtained":["Golden Idol"]},{"damage_healed":0.0,"max_hp_gain":0.0,"max_hp_loss":0.0,"gold_gain":0.0,"event_name":"Living Wall","player_choice":"Grow","floor":5.0,"gold_loss":0.0,"damage_taken":0.0,"cards_upgraded":["Noxious Fumes"]},{"damage_healed":0.0,"max_hp_gain":0.0,"max_hp_loss":0.0,"gold_gain":0.0,"event_name":"Shining Light","player_choice":"Ignored","floor":12.0,"gold_loss":0.0,"damage_taken":0.0},{"damage_healed":0.0,"max_hp_gain":0.0,"max_hp_loss":0.0,"gold_gain":0.0,"event_name":"Dead Adventurer","player_choice":"Searched \u00272\u0027 times","floor":14.0,"gold_loss":0.0,"damage_taken":0.0,"relics_obtained":["Bag of Marbles"]},{"damage_healed":0.0,"max_hp_gain":0.0,"max_hp_loss":0.0,"gold_gain":0.0,"event_name":"WeMeetAgain","player_choice":"Gave Potion","floor":20.0,"gold_loss":0.0,"damage_taken":0.0,"relics_obtained":["MawBank"]},{"damage_healed":0.0,"max_hp_gain":0.0,"max_hp_loss":0.0,"gold_gain":0.0,"event_name":"Match and Keep!","player_choice":"1 cards matched","floor":36.0,"gold_loss":0.0,"damage_taken":0.0,"cards_obtained":["Glass Knife"]},{"damage_healed":0.0,"max_hp_gain":0.0,"max_hp_loss":0.0,"gold_gain":0.0,"event_name":"Accursed Blacksmith","player_choice":"Rummage","floor":41.0,"gold_loss":0.0,"damage_taken":0.0,"relics_obtained":["WarpedTongs"],"cards_obtained":["Pain"]}],"is_beta":true,"boss_relics":[{"not_picked":["Cursed Key","Eternal Feather"],"picked":"Philosopher\u0027s Stone"},{"not_picked":["Tiny House","HoveringKite"],"picked":"Busted Crown"}],"items_purged_floors":[31],"is_endless":false,"potions_floor_spawned":[1,10,11,13,22,24,28,30,47,48],"killed_by":"Donu and Deca","ascension_level":20}