{"gold_per_floor":[110,128,128,93,106,132,132,407,434,448,473,473,159,169,169,244,294,313,313,313],"floor_reached":20,"playtime":714,"items_purged":["Regret"],"score":429,"play_id":"4c922b66-588d-41f0-8c2e-ff23c5ef6262","local_time":"20190410012056","is_ascension_mode":true,"campfire_choices":[{"floor":7,"key":"REST"},{"floor":12,"key":"REST"},{"data":"Defragment","floor":15,"key":"SMITH"}],"neow_cost":"NONE","seed_source_timestamp":43253420532346,"circlet_count":0,"master_deck":["AscendersBane","Strike_B+1","Strike_B+1","Strike_B+1","Strike_B+1","Defend_B+1","Defend_B+1","Defend_B+1","Defend_B+1","Zap","Dualcast","Ball Lightning+1","Doom and Gloom","Sunder","Reboot","Conserve Battery","Coolheaded","Defragment+1","Electrodynamics","White Noise","Sweeping Beam+1"],"special_seed":0,"relics":["Cracked Core","Oddly Smooth Stone","Lantern","Mercury Hourglass","Potion Belt","Tiny House"],"potions_floor_usage":[11,16,16,20],"damage_taken":[{"damage":0.0,"enemies":"Cultist","floor":1.0,"turns":2.0},{"damage":7.0,"enemies":"Jaw Worm","floor":2.0,"turns":3.0},{"damage":8.0,"enemies":"Small Slimes","floor":5.0,"turns":2.0},{"damage":20,"enemies":"3 Sentries","floor":6,"turns":6},{"damage":7,"enemies":"Looter","floor":10,"turns":3},{"damage":26,"enemies":"Lagavulin","floor":11,"turns":5},{"damage":1,"enemies":"2 Fungi Beasts","floor":14,"turns":2},{"damage":0,"enemies":"Hexaghost","floor":16,"turns":9},{"damage":9,"enemies":"3 Byrds","floor":18,"turns":3},{"damage":0,"enemies":"Shell Parasite","floor":20,"turns":2}],"seed_played":"-373792297534129243","potions_obtained":[{"floor":1.0,"key":"PowerPotion"},{"floor":2.0,"key":"Swift Potion"},{"floor":11,"key":"FearPotion"},{"floor":14,"key":"Weak Potion"},{"floor":17,"key":"Block Potion"},{"floor":18,"key":"Explosive Potion"}],"is_trial":false,"path_per_floor":["M","M","?","?","M","E","R","?","T","M","E","R","$","M","R","B",null,"M","?","M"],"character_chosen":"DEFECT","items_purchased":["Defragment","Potion Belt"],"campfire_rested":2,"item_purchase_floors":[13,13],"current_hp_per_floor":[64,57,36,53,45,25,46,46,46,39,13,34,34,33,33,33,67,58,58,58],"gold":313,"neow_bonus":"THREE_CARDS","is_prod":false,"is_daily":false,"chose_seed":false,"campfire_upgraded":1,"win_rate":0,"timestamp":1554884456,"path_taken":["M","?","?","?","M","E","R","?","T","?","E","R","$","M","R","BOSS","M","?","M"],"build_version":"2019-01-23","purchased_purges":1,"victory":false,"max_hp_per_floor":[71,71,71,71,71,71,71,71,71,71,71,71,71,71,71,71,76,76,76,76],"card_choices":[{"not_picked":["Tempest","Streamline"],"picked":"Ball Lightning","floor":0.0},{"not_picked":["Steam","Genetic Algorithm"],"picked":"Doom and Gloom","floor":1.0},{"not_picked":["Streamline","Coolheaded"],"picked":"Sunder","floor":2.0},{"not_picked":["Go for the Eyes","Compile Driver"],"picked":"Reboot","floor":5.0},{"not_picked":["Melter","Rip and Tear","Hello World"],"picked":"SKIP","floor":6},{"not_picked":["Leap","Sweeping Beam"],"picked":"Conserve Battery","floor":10},{"not_picked":["Leap","Sweeping Beam"],"picked":"Coolheaded","floor":11},{"not_picked":["Recycle","Barrage","Redo"],"picked":"SKIP","floor":14},{"not_picked":["Reboot","Meteor Strike"],"picked":"Electrodynamics","floor":16},{"not_picked":["Lockon","Steam"],"picked":"White Noise","floor":17},{"not_picked":["Compile Driver","Cold Snap"],"picked":"Sweeping Beam+1","floor":18}],"player_experience":702576,"relics_obtained":[{"floor":6,"key":"Oddly Smooth Stone"},{"floor":9,"key":"Lantern"},{"floor":11,"key":"Mercury Hourglass"}],"event_choices":[{"damage_healed":0.0,"max_hp_gain":0.0,"max_hp_loss":0.0,"gold_gain":0.0,"event_name":"Shining Light","player_choice":"Entered Light","floor":3.0,"gold_loss":0.0,"damage_taken":21.0,"cards_upgraded":["Ball Lightning","Strike_B"]},{"damage_healed":17.0,"max_hp_gain":0.0,"max_hp_loss":0.0,"gold_gain":0.0,"event_name":"The Cleric","player_choice":"Healed","floor":4.0,"gold_loss":35.0,"damage_taken":0.0},{"damage_healed":0,"gold_gain":275,"player_choice":"Desecrate","damage_taken":0,"max_hp_gain":0,"max_hp_loss":0,"event_name":"Golden Shrine","floor":8,"gold_loss":0,"cards_obtained":["Regret"]},{"damage_healed":0,"gold_gain":0,"player_choice":"Simplicity","damage_taken":0,"max_hp_gain":0,"max_hp_loss":0,"event_name":"Back to Basics","floor":19,"gold_loss":0,"cards_upgraded":["Strike_B","Strike_B","Strike_B","Defend_B","Defend_B","Defend_B"]}],"is_beta":false,"boss_relics":[{"not_picked":["Lizard Tail","Runic Dome"],"picked":"Tiny House"}],"items_purged_floors":[13],"is_endless":false,"potions_floor_spawned":[1,2,10,11,14,18],"killed_by":"Shell Parasite","ascension_level":17}