{"gold_per_floor":[116,291,291,118,133,161,190,233,245,273,297,336,359,385,397,507,519,541,534,557,569],"floor_reached":21,"playtime":4941,"items_purged":["Doubt"],"score":292,"play_id":"b1dc2818-bca8-44cc-8f4b-f7286f30922e","local_time":"20190523140753","is_ascension_mode":true,"campfire_choices":[{"data":"Zap","floor":15,"key":"SMITH"}],"neow_cost":"NONE","seed_source_timestamp":378264453261435,"circlet_count":0,"master_deck":["Strike_B","Strike_B","Strike_B","Strike_B","Defend_B","Defend_B","Defend_B","Defend_B","Zap+1","Dualcast+1","Conserve Battery","Ball Lightning","Conserve Battery","Barrage","Chill","Reinforced Body","Coolheaded","Buffer","Ball Lightning+1","Capacitor"],"special_seed":0,"relics":["Cracked Core","MawBank","Pear","Matryoshka","Coffee Dripper"],"potions_floor_usage":[],"damage_taken":[{"damage":7.0,"enemies":"Jaw Worm","floor":1.0,"turns":3.0},{"damage":2.0,"enemies":"Small Slimes","floor":5.0,"turns":3.0},{"damage":10.0,"enemies":"Gremlin Nob","floor":6.0,"turns":4.0},{"damage":0.0,"enemies":"Cultist","floor":7.0,"turns":3.0},{"damage":13.0,"enemies":"3 Sentries","floor":8.0,"turns":7.0},{"damage":2.0,"enemies":"3 Louse","floor":10.0,"turns":3.0},{"damage":4.0,"enemies":"Gremlin Gang","floor":11.0,"turns":5.0},{"damage":15.0,"enemies":"Lagavulin","floor":12.0,"turns":6.0},{"damage":2,"enemies":"2 Fungi Beasts","floor":13,"turns":3},{"damage":2,"enemies":"Exordium Wildlife","floor":14,"turns":6},{"damage":20,"enemies":"Hexaghost","floor":16,"turns":13},{"damage":14,"enemies":"3 Byrds","floor":18,"turns":7},{"damage":17,"enemies":"2 Thieves","floor":19,"turns":4},{"damage":33,"enemies":"Snake Plant","floor":20,"turns":6},{"damage":10,"enemies":"3 Cultists","floor":21,"turns":2}],"seed_played":"2975328722307754916","potions_obtained":[{"floor":7.0,"key":"SneckoOil"},{"floor":8.0,"key":"SpeedPotion"},{"floor":10.0,"key":"EntropicBrew"},{"floor":12.0,"key":"Dexterity Potion"},{"floor":16,"key":"SneckoOil"},{"floor":20,"key":"SkillPotion"}],"is_trial":false,"path_per_floor":["M","?","?","$","M","E","M","E","T","M","M","E","M","M","R","B",null,"M","M","M","M"],"character_chosen":"DEFECT","items_purchased":["AttackPotion","Dexterity Potion"],"campfire_rested":0,"item_purchase_floors":[4,4],"current_hp_per_floor":[68,68,68,68,66,56,56,53,53,51,47,32,30,28,28,8,71,57,40,7,0],"gold":569,"neow_bonus":"TEN_PERCENT_HP_BONUS","is_prod":false,"is_daily":false,"chose_seed":false,"campfire_upgraded":1,"win_rate":0,"timestamp":1558600673,"path_taken":["M","?","?","$","M","E","M","E","T","M","M","E","M","?","R","BOSS","M","M","M","M"],"build_version":"2019-01-23","purchased_purges":1,"victory":false,"max_hp_per_floor":[82,82,82,82,82,82,82,92,92,92,92,92,92,92,92,92,92,92,92,92,92],"card_choices":[{"not_picked":["Leap","Go for the Eyes"],"picked":"Conserve Battery","floor":1.0},{"not_picked":["Barrage","Streamline"],"picked":"Ball Lightning","floor":5.0},{"not_picked":["Lockon","Amplify"],"picked":"Conserve Battery","floor":6.0},{"not_picked":["Fusion","Skim"],"picked":"Barrage","floor":7.0},{"not_picked":["Chaos","Steam","Force Field"],"picked":"SKIP","floor":8.0},{"not_picked":["White Noise","Redo","Go for the Eyes"],"picked":"SKIP","floor":10.0},{"not_picked":["Stack","Redo"],"picked":"Chill","floor":11.0},{"not_picked":["Gash","Storm"],"picked":"Reinforced Body","floor":12.0},{"not_picked":["Conserve Battery","White Noise"],"picked":"Coolheaded","floor":13},{"not_picked":["Double Energy","Hyperbeam","Streamline"],"picked":"SKIP","floor":14},{"not_picked":["Thunder Strike","Amplify"],"picked":"Buffer","floor":16},{"not_picked":["Hello World","Steam Power"],"picked":"Ball Lightning+1","floor":18},{"not_picked":["FTL","Steam Power","Reprogram"],"picked":"SKIP","floor":19},{"not_picked":["Gash","Streamline"],"picked":"Capacitor","floor":20}],"player_experience":666629,"relics_obtained":[{"floor":6.0,"key":"MawBank"},{"floor":8.0,"key":"Pear"},{"floor":12.0,"key":"Matryoshka"}],"event_choices":[{"damage_healed":0.0,"max_hp_gain":0.0,"max_hp_loss":0.0,"gold_gain":175.0,"event_name":"Liars Game","player_choice":"AGREE","floor":2.0,"gold_loss":0.0,"damage_taken":0.0,"cards_obtained":["Doubt"]},{"damage_healed":0.0,"max_hp_gain":0.0,"max_hp_loss":0.0,"gold_gain":0.0,"event_name":"Accursed Blacksmith","player_choice":"Forge","floor":3.0,"gold_loss":0.0,"damage_taken":0.0,"cards_upgraded":["Dualcast"]}],"is_beta":false,"boss_relics":[{"not_picked":["Runic Pyramid","Empty Cage"],"picked":"Coffee Dripper"}],"items_purged_floors":[4],"is_endless":false,"potions_floor_spawned":[7,8,10,12,16,20],"killed_by":"3 Cultists","ascension_level":6}