{"gold_per_floor":[112,112,135,18,18,79,79,113,113,113,136,61,86,129,129,228,291,305,330,380,380,380,380,380],"floor_reached":24,"playtime":1555,"items_purged":["Strike_G"],"score":504,"play_id":"dc782db4-146a-4da1-a436-a7479ff2b88a","local_time":"20190428111001","is_ascension_mode":true,"campfire_choices":[{"data":"Neutralize","floor":7,"key":"SMITH"},{"floor":10,"key":"REST"},{"data":"Footwork","floor":15,"key":"SMITH"},{"data":"Envenom","floor":23,"key":"SMITH"}],"neow_cost":"NONE","seed_source_timestamp":1604851367696812,"circlet_count":0,"master_deck":["AscendersBane","Defend_G+1","Defend_G+1","Defend_G+1","Defend_G+1","Defend_G+1","Strike_G+1","Survivor","Neutralize+1","Sucker Punch","Backflip","Footwork+1","Blur","Flechettes","Noxious Fumes","All Out Attack","Envenom+1","Dodge and Roll","PiercingWail","PiercingWail","Calculated Gamble"],"relics":["Ring of the Snake","NeowsBlessing","Golden Idol","Tiny Chest","Odd Mushroom","The Courier","Anchor","Tiny House"],"potions_floor_usage":[8,14,19,24],"damage_taken":[{"damage":0,"enemies":"2 Louse","floor":1,"turns":1},{"damage":0,"enemies":"Jaw Worm","floor":3,"turns":1},{"damage":0,"enemies":"3 Sentries","floor":6,"turns":1},{"damage":18,"enemies":"The Mushroom Lair","floor":8,"turns":5},{"damage":0,"enemies":"Small Slimes","floor":11,"turns":6},{"damage":0,"enemies":"2 Fungi Beasts","floor":13,"turns":4},{"damage":0,"enemies":"Lagavulin","floor":14,"turns":8},{"damage":23,"enemies":"The Guardian","floor":16,"turns":17},{"damage":12,"enemies":"Shell Parasite","floor":18,"turns":10},{"damage":12,"enemies":"3 Byrds","floor":19,"turns":6},{"damage":41,"enemies":"Slavers","floor":24,"turns":3}],"seed_played":"-6709115079213965682","potions_obtained":[{"floor":1,"key":"Strength Potion"},{"floor":11,"key":"Poison Potion"},{"floor":13,"key":"Ancient Potion"},{"floor":16,"key":"Poison Potion"}],"is_trial":false,"path_per_floor":["M","?","M","$","?","E","R","?","T","R","M","?","M","E","R","B",null,"M","M","?","?","?","R","E"],"character_chosen":"THE_SILENT","items_purchased":["Footwork"],"campfire_rested":1,"item_purchase_floors":[4],"current_hp_per_floor":[59,36,36,36,41,41,41,23,23,44,44,44,44,44,44,21,64,52,40,40,40,40,40,0],"gold":380,"neow_bonus":"THREE_ENEMY_KILL","is_prod":false,"is_daily":false,"chose_seed":false,"campfire_upgraded":3,"win_rate":0,"timestamp":1556442601,"path_taken":["M","?","M","$","?","E","R","?","T","R","M","?","M","E","R","BOSS","M","M","?","?","?","R","E"],"build_version":"2019-01-23","purchased_purges":1,"victory":false,"max_hp_per_floor":[66,66,66,66,71,71,71,71,71,71,71,71,71,71,71,71,76,76,76,76,76,76,76,76],"card_choices":[{"not_picked":["Setup","Backflip"],"picked":"Sucker Punch","floor":1},{"not_picked":["Sucker Punch","Acrobatics"],"picked":"Backflip","floor":3},{"not_picked":["Quick Slash","Masterful Stab"],"picked":"Blur","floor":6},{"not_picked":["Underhanded Strike","Slice"],"picked":"Flechettes","floor":8},{"not_picked":["Deadly Poison","Caltrops"],"picked":"Noxious Fumes","floor":11},{"not_picked":["Slice","Endless Agony","Sucker Punch"],"picked":"SKIP","floor":13},{"not_picked":["Dagger Throw","Accuracy"],"picked":"All Out Attack","floor":14},{"not_picked":["Venomology","Glass Knife"],"picked":"Envenom","floor":16},{"not_picked":["All Out Attack","Backflip"],"picked":"Dodge and Roll","floor":18},{"not_picked":["Bane","Slice"],"picked":"PiercingWail","floor":19}],"player_experience":2582316,"relics_obtained":[{"floor":6,"key":"Tiny Chest"},{"floor":8,"key":"Odd Mushroom"},{"floor":9,"key":"The Courier"},{"floor":14,"key":"Anchor"}],"event_choices":[{"damage_healed":0,"gold_gain":0,"player_choice":"Take Damage","damage_taken":23,"relics_obtained":["Golden Idol"],"max_hp_gain":0,"max_hp_loss":0,"event_name":"Golden Idol","floor":2,"gold_loss":0},{"damage_healed":0,"gold_gain":0,"player_choice":"Donut","damage_taken":0,"max_hp_gain":5,"max_hp_loss":0,"event_name":"Big Fish","floor":5,"gold_loss":0},{"damage_healed":0,"gold_gain":0,"player_choice":"Fought Mushrooms","damage_taken":0,"max_hp_gain":0,"max_hp_loss":0,"event_name":"Mushrooms","floor":8,"gold_loss":0},{"cards_removed":["Strike_G"],"damage_healed":0,"gold_gain":0,"player_choice":"Card Removal","damage_taken":0,"max_hp_gain":0,"max_hp_loss":0,"event_name":"The Cleric","floor":12,"gold_loss":75},{"damage_healed":0,"gold_gain":50,"player_choice":"Stole From Cult","damage_taken":0,"max_hp_gain":0,"max_hp_loss":0,"event_name":"Nest","floor":20,"gold_loss":0},{"damage_healed":0,"gold_gain":0,"cards_transformed":["Strike_G","Strike_G"],"player_choice":"Became Test Subject","damage_taken":0,"max_hp_gain":0,"max_hp_loss":0,"event_name":"Drug Dealer","floor":21,"gold_loss":0,"cards_obtained":["PiercingWail","Calculated Gamble"]},{"damage_healed":0,"gold_gain":0,"player_choice":"Simplicity","damage_taken":0,"max_hp_gain":0,"max_hp_loss":0,"event_name":"Back to Basics","floor":22,"gold_loss":0,"cards_upgraded":["Defend_G","Defend_G","Defend_G","Defend_G","Strike_G"]}],"is_beta":false,"boss_relics":[{"not_picked":["Fusion Hammer","Ectoplasm"],"picked":"Tiny House"}],"items_purged_floors":[4],"is_endless":false,"potions_floor_spawned":[1,11,13,16],"killed_by":"Slavers","ascension_level":20}