{"gold_per_floor":[109,34,34,46,96,124,124,150,176,186,198,215,241,166,166,243,243,258,258],"floor_reached":19,"playtime":1286,"items_purged":["Strike_B"],"score":424,"play_id":"e0b3e4a1-c87c-4f77-b2ab-9463e7ffd2b8","local_time":"20190110225317","is_ascension_mode":true,"campfire_choices":[{"data":"Sunder","floor":7,"key":"SMITH"},{"data":"Fission","floor":15,"key":"SMITH"}],"neow_cost":"NONE","seed_source_timestamp":80833602182244,"circlet_count":0,"master_deck":["AscendersBane","Strike_B","Defend_B+1","Defend_B+1","Defend_B","Defend_B","Zap","Dualcast","Sunder","Conserve Battery","Sunder+1","Fission+1","Melter","Reinforced Body","Coolheaded","Ball Lightning","Meteor Strike","Conserve Battery"],"relics":["Cracked Core","NeowsBlessing","Vajra","War Paint","Art of War","Darkstone Periapt","Sozu"],"potions_floor_usage":[8,16,19,19],"damage_taken":[{"damage":0,"enemies":"Jaw Worm","floor":1,"turns":1},{"damage":0,"enemies":"2 Louse","floor":4,"turns":1},{"damage":0,"enemies":"Gremlin Nob","floor":6,"turns":1},{"damage":18,"enemies":"Lagavulin","floor":8,"turns":6},{"damage":0,"enemies":"Cultist","floor":10,"turns":3},{"damage":0,"enemies":"Blue Slaver","floor":11,"turns":3},{"damage":4,"enemies":"Looter","floor":12,"turns":3},{"damage":19,"enemies":"3 Sentries","floor":13,"turns":9},{"damage":14,"enemies":"The Guardian","floor":16,"turns":12},{"damage":0,"enemies":"Spheric Guardian","floor":18,"turns":2},{"damage":4,"enemies":"Colosseum Slavers","floor":19,"turns":5},{"damage":86,"enemies":"Colosseum Nobs","floor":19,"turns":4}],"seed_played":"-1481577282157031193","potions_obtained":[{"floor":1,"key":"Regen Potion"},{"floor":4,"key":"SneckoOil"},{"floor":11,"key":"Dexterity Potion"},{"floor":16,"key":"Regen Potion"}],"is_trial":false,"path_per_floor":["M","$","?","M","?","E","R","E","T","M","M","M","E","?","R","B",null,"M","?"],"character_chosen":"DEFECT","items_purchased":[],"campfire_rested":0,"item_purchase_floors":[],"current_hp_per_floor":[64,64,57,57,57,57,57,54,54,54,54,50,31,31,31,17,58,58,0],"gold":258,"neow_bonus":"THREE_ENEMY_KILL","is_prod":false,"is_daily":false,"chose_seed":false,"campfire_upgraded":2,"win_rate":0,"timestamp":1547157197,"path_taken":["M","$","?","M","?","E","R","E","T","?","M","M","E","?","R","BOSS","M","?"],"build_version":"2019-01-03v4","purchased_purges":1,"victory":false,"max_hp_per_floor":[71,71,71,71,71,71,71,71,71,71,71,71,71,71,71,71,71,71,71],"card_choices":[{"not_picked":["Reinforced Body","Doom and Gloom"],"picked":"Sunder","floor":1},{"not_picked":["Aggregate","Darkness"],"picked":"Conserve Battery","floor":4},{"not_picked":["Hyperbeam","Barrage"],"picked":"Sunder","floor":6},{"not_picked":["Leap","Beam Cell"],"picked":"Fission","floor":8},{"not_picked":["Cold Snap","Sweeping Beam"],"picked":"Melter","floor":10},{"not_picked":["Coolheaded","Steam"],"picked":"Reinforced Body","floor":11},{"not_picked":["Cold Snap","Self Repair"],"picked":"Coolheaded","floor":12},{"not_picked":["Sweeping Beam","Coolheaded"],"picked":"Ball Lightning","floor":13},{"not_picked":["Hyperbeam","Multi-Cast"],"picked":"Meteor Strike","floor":16},{"not_picked":["Hologram","Leap"],"picked":"Conserve Battery","floor":18}],"player_experience":1542641,"relics_obtained":[{"floor":6,"key":"Vajra"},{"floor":8,"key":"War Paint"},{"floor":9,"key":"Art of War"},{"floor":13,"key":"Darkstone Periapt"}],"event_choices":[{"cards_removed":["Strike_B"],"damage_healed":0,"gold_gain":0,"player_choice":"Card Removal","damage_taken":7,"max_hp_gain":0,"max_hp_loss":0,"event_name":"Golden Wing","floor":3,"gold_loss":0},{"damage_healed":0,"gold_gain":50,"player_choice":"Pray","damage_taken":0,"max_hp_gain":0,"max_hp_loss":0,"event_name":"Golden Shrine","floor":5,"gold_loss":0},{"cards_removed":["Strike_B"],"damage_healed":0,"gold_gain":0,"player_choice":"Card Removal","damage_taken":0,"max_hp_gain":0,"max_hp_loss":0,"event_name":"The Cleric","floor":14,"gold_loss":75},{"damage_healed":0,"gold_gain":0,"player_choice":"Fight","damage_taken":0,"max_hp_gain":0,"max_hp_loss":0,"event_name":"Colosseum","floor":19,"gold_loss":0},{"damage_healed":0,"gold_gain":0,"player_choice":"Fought Nobs","damage_taken":0,"max_hp_gain":0,"max_hp_loss":0,"event_name":"Colosseum","floor":19,"gold_loss":0}],"is_beta":false,"boss_relics":[{"not_picked":["Nuclear Battery","Empty Cage"],"picked":"Sozu"}],"items_purged_floors":[2],"is_endless":false,"potions_floor_spawned":[1,4,11,13,16,18,19],"killed_by":"Colosseum Nobs","ascension_level":20}