{"gold_per_floor":[115,135,147,157,157,484,484,500,500,500,531,197,214,241,241,316,316,330,341,40,60,75,75,86,117,166,166,180,180,194,206,206,206],"floor_reached":33,"playtime":2756,"items_purged":["Strike_G"],"score":586,"play_id":"96d22e5f-c010-44ad-bf78-b47f580ae00b","local_time":"20190217221036","is_ascension_mode":true,"campfire_choices":[{"floor":7.0,"key":"REST"},{"floor":10.0,"key":"REST"},{"data":"Neutralize","floor":15.0,"key":"SMITH"},{"floor":23.0,"key":"REST"},{"floor":27.0,"key":"REST"},{"floor":32,"key":"REST"}],"neow_cost":"NONE","seed_source_timestamp":245696836691639,"circlet_count":0,"master_deck":["AscendersBane","Defend_G","Defend_G","Defend_G","Defend_G","Defend_G","Strike_G","Strike_G","Strike_G+1","Strike_G","Survivor","Neutralize+1","Noxious Fumes","Poisoned Stab","Dagger Spray","Flying Knee+1","PiercingWail","Deflect","Deadly Poison","Dagger Spray","Caltrops","PiercingWail+1","Phantasmal Killer+1","Dodge and Roll+1","Footwork+1","Cloak And Dagger+1","Dodge and Roll+1","Dodge and Roll+1","Crippling Poison+1","Leg Sweep+1"],"special_seed":0,"relics":["Ring of the Snake","Mercury Hourglass","Old Coin","Singing Bowl","Toxic Egg 2","OrangePellets","Blue Candle","Cursed Key","Omamori","Ninja Scroll","Whetstone"],"potions_floor_usage":[33,33],"damage_taken":[{"damage":1.0,"enemies":"Cultist","floor":1.0,"turns":5.0},{"damage":1.0,"enemies":"2 Louse","floor":2.0,"turns":3.0},{"damage":0.0,"enemies":"Jaw Worm","floor":3.0,"turns":3.0},{"damage":10.0,"enemies":"Red Slaver","floor":4.0,"turns":5.0},{"damage":32.0,"enemies":"Lagavulin","floor":6.0,"turns":6.0},{"damage":5.0,"enemies":"Looter","floor":8.0,"turns":3.0},{"damage":13.0,"enemies":"3 Sentries","floor":11.0,"turns":6.0},{"damage":0.0,"enemies":"3 Louse","floor":13.0,"turns":3.0},{"damage":8.0,"enemies":"Gremlin Nob","floor":14.0,"turns":3.0},{"damage":10.0,"enemies":"Hexaghost","floor":16.0,"turns":9.0},{"damage":18.0,"enemies":"Chosen","floor":18.0,"turns":5.0},{"damage":1.0,"enemies":"3 Byrds","floor":19.0,"turns":4.0},{"damage":16.0,"enemies":"Snake Plant","floor":21.0,"turns":5.0},{"damage":12.0,"enemies":"Snecko","floor":22.0,"turns":6.0},{"damage":11.0,"enemies":"Centurion and Healer","floor":24.0,"turns":7.0},{"damage":3.0,"enemies":"Gremlin Leader","floor":25.0,"turns":8.0},{"damage":11,"enemies":"Snake Plant","floor":28,"turns":4},{"damage":0,"enemies":"Cultist and Chosen","floor":30,"turns":5},{"damage":1,"enemies":"Snecko","floor":31,"turns":6},{"damage":72,"enemies":"Champ","floor":33,"turns":12}],"seed_played":"-6188540766743850530","potions_obtained":[{"floor":2.0,"key":"Swift Potion"},{"floor":6.0,"key":"Swift Potion"},{"floor":8.0,"key":"LiquidBronze"},{"floor":11.0,"key":"AttackPotion"},{"floor":14.0,"key":"Explosive Potion"},{"floor":16.0,"key":"GhostInAJar"},{"floor":19.0,"key":"EssenceOfSteel"},{"floor":24.0,"key":"EntropicBrew"},{"floor":28,"key":"Block Potion"}],"is_trial":false,"path_per_floor":["M","M","M","M","?","E","R","M","T","R","E","$","M","E","R","B",null,"M","M","$","M","M","R","M","E","T","R","M","?","M","M","R","B"],"character_chosen":"THE_SILENT","items_purchased":["OrangePellets","Caltrops","Omamori","Footwork","Fire Potion"],"campfire_rested":5,"item_purchase_floors":[12,12,20,20,20],"current_hp_per_floor":[58,57,57,47,42,10,29,24,24,43,30,30,32,24,24,14,55,37,38,38,22,12,33,22,19,19,40,29,29,31,30,52,0],"gold":206,"neow_bonus":"THREE_CARDS","is_prod":false,"is_daily":false,"chose_seed":false,"campfire_upgraded":1,"win_rate":0,"timestamp":1550437836,"path_taken":["M","M","M","M","?","E","R","M","T","R","E","$","M","E","R","BOSS","M","M","$","M","M","R","M","E","T","R","M","?","M","?","R","BOSS"],"build_version":"2019-01-23","purchased_purges":1,"victory":false,"max_hp_per_floor":[66,66,66,66,66,66,66,66,66,66,66,66,68,68,68,68,68,68,70,70,70,72,72,72,72,72,72,72,72,74,74,74,74],"card_choices":[{"not_picked":["Dagger Spray","Bane"],"picked":"Noxious Fumes","floor":0.0},{"not_picked":["Backflip","Caltrops"],"picked":"Poisoned Stab","floor":1.0},{"not_picked":["Bane","Deadly Poison"],"picked":"Dagger Spray","floor":2.0},{"not_picked":["Tactician","Flechettes"],"picked":"Flying Knee","floor":3.0},{"not_picked":["Distraction","Backflip"],"picked":"PiercingWail","floor":4.0},{"not_picked":["Eviscerate","Heel Hook"],"picked":"Deflect","floor":6.0},{"not_picked":["Cloak And Dagger","Dagger Spray"],"picked":"Deadly Poison","floor":8.0},{"not_picked":["Dodge and Roll","Concentrate"],"picked":"Dagger Spray","floor":11.0},{"not_picked":["Skewer","Eviscerate","Riddle With Holes"],"picked":"Singing Bowl","floor":13.0},{"not_picked":["Prepared+1","Poisoned Stab"],"picked":"PiercingWail+1","floor":14.0},{"not_picked":["Glass Knife","Bullet Time+1"],"picked":"Phantasmal Killer+1","floor":16.0},{"not_picked":["Escape Plan+1","Setup+1"],"picked":"Dodge and Roll+1","floor":18.0},{"not_picked":["Acrobatics+1","Deflect+1","Bane"],"picked":"Singing Bowl","floor":19.0},{"not_picked":["Slice","Prepared+1"],"picked":"Cloak And Dagger+1","floor":21.0},{"not_picked":["Masterful Stab","Prepared+1","Riddle With Holes"],"picked":"Singing Bowl","floor":22.0},{"not_picked":["Backflip+1","Underhanded Strike+1"],"picked":"Dodge and Roll+1","floor":24.0},{"not_picked":["Cloak And Dagger+1","Flechettes"],"picked":"Dodge and Roll+1","floor":25.0},{"not_picked":["Masterful Stab+1","Acrobatics+1"],"picked":"Crippling Poison+1","floor":28},{"not_picked":["Flying Knee","Die Die Die","Slice"],"picked":"Singing Bowl","floor":30},{"not_picked":["Outmaneuver+1","Dagger Throw"],"picked":"Leg Sweep+1","floor":31}],"player_experience":1725094,"relics_obtained":[{"floor":6.0,"key":"Old Coin"},{"floor":9.0,"key":"Singing Bowl"},{"floor":11.0,"key":"Toxic Egg 2"},{"floor":14.0,"key":"Blue Candle"},{"floor":25.0,"key":"Ninja Scroll"},{"floor":26.0,"key":"Whetstone"}],"event_choices":[{"damage_healed":0.0,"max_hp_gain":0.0,"max_hp_loss":0.0,"gold_gain":0.0,"event_name":"Scrap Ooze","player_choice":"Success","floor":5.0,"gold_loss":0.0,"damage_taken":5.0,"relics_obtained":["Mercury Hourglass"]},{"damage_healed":0,"gold_gain":0,"player_choice":"Forge","damage_taken":0,"max_hp_gain":0,"max_hp_loss":0,"event_name":"Accursed Blacksmith","floor":29,"gold_loss":0,"cards_upgraded":["Footwork"]}],"is_beta":false,"boss_relics":[{"not_picked":["Snecko Eye","Empty Cage"],"picked":"Cursed Key"}],"items_purged_floors":[12],"is_endless":false,"potions_floor_spawned":[2,6,8,11,14,16,19,24,28,30,31],"killed_by":"Champ","ascension_level":20}