{"gold_per_floor":[109,109,127,277,352,384,384,284,308,335,335,335,347,347,347,347],"floor_reached":16,"playtime":436,"items_purged":["Doubt"],"score":249,"play_id":"dcc8979a-51a1-4da5-a48f-3bc8c9a398c4","local_time":"20190425235113","is_ascension_mode":true,"campfire_choices":[{"data":"Survivor","floor":7,"key":"SMITH"},{"floor":12,"key":"REST"},{"data":"Cloak And Dagger","floor":15,"key":"SMITH"}],"neow_cost":"NONE","seed_source_timestamp":6686106555801,"circlet_count":0,"master_deck":["AscendersBane","Defend_G","Defend_G","Defend_G","Defend_G","Defend_G","Strike_G","Strike_G+1","Strike_G","Strike_G","Survivor+1","Neutralize+1","Dagger Throw","Backstab","Bouncing Flask","Quick Slash","Sucker Punch","Cloak And Dagger+1"],"relics":["Ring of the Snake","NeowsBlessing","Singing Bowl","Blood Vial","Boot"],"potions_floor_usage":[10],"damage_taken":[{"damage":0,"enemies":"Jaw Worm","floor":1,"turns":1},{"damage":0,"enemies":"Small Slimes","floor":3,"turns":1},{"damage":0,"enemies":"Lagavulin","floor":6,"turns":1},{"damage":27,"enemies":"3 Sentries","floor":10,"turns":13},{"damage":0,"enemies":"Cultist","floor":13,"turns":3},{"damage":20,"enemies":"Hexaghost","floor":16,"turns":10}],"seed_played":"1776106119671502790","potions_obtained":[{"floor":1,"key":"EssenceOfSteel"}],"is_trial":false,"path_per_floor":["M","?","M","?","?","E","R","$","T","E","?","R","M","?","R","B"],"character_chosen":"THE_SILENT","items_purchased":["Quick Slash"],"campfire_rested":1,"item_purchase_floors":[8],"current_hp_per_floor":[59,39,39,39,28,28,28,28,28,3,3,22,24,17,17,0],"gold":347,"neow_bonus":"THREE_ENEMY_KILL","is_prod":false,"is_daily":false,"chose_seed":false,"campfire_upgraded":2,"win_rate":0,"timestamp":1556261473,"path_taken":["M","?","M","?","?","E","R","$","T","E","?","R","M","?","R","BOSS"],"build_version":"2019-01-23","purchased_purges":1,"victory":false,"max_hp_per_floor":[66,66,66,66,66,66,66,66,66,66,66,66,66,66,66,66],"card_choices":[{"not_picked":["Infinite Blades","Underhanded Strike"],"picked":"Dagger Throw","floor":1},{"not_picked":["Expertise","Flying Knee"],"picked":"Backstab","floor":3},{"not_picked":["Acrobatics","Skewer"],"picked":"Bouncing Flask","floor":6},{"not_picked":["Riddle With Holes","Flying Knee"],"picked":"Sucker Punch","floor":10},{"not_picked":["Blade Dance","Quick Slash"],"picked":"Cloak And Dagger","floor":13}],"player_experience":752802,"relics_obtained":[{"floor":6,"key":"Singing Bowl"},{"floor":9,"key":"Blood Vial"},{"floor":10,"key":"Boot"}],"event_choices":[{"damage_healed":0,"gold_gain":0,"player_choice":"Entered Light","damage_taken":20,"max_hp_gain":0,"max_hp_loss":0,"event_name":"Shining Light","floor":2,"gold_loss":0,"cards_upgraded":["Strike_G","Neutralize"]},{"damage_healed":0,"gold_gain":150,"player_choice":"AGREE","damage_taken":0,"max_hp_gain":0,"max_hp_loss":0,"event_name":"Liars Game","floor":4,"gold_loss":0,"cards_obtained":["Doubt"]},{"damage_healed":0,"gold_gain":75,"player_choice":"Gather Gold","damage_taken":11,"max_hp_gain":0,"max_hp_loss":0,"event_name":"World of Goop","floor":5,"gold_loss":0},{"damage_healed":0,"gold_gain":0,"player_choice":"Fled","damage_taken":0,"max_hp_gain":0,"max_hp_loss":0,"event_name":"Scrap Ooze","floor":11,"gold_loss":0},{"cards_removed":["Strike_G"],"damage_healed":0,"gold_gain":0,"player_choice":"Card Removal","damage_taken":7,"max_hp_gain":0,"max_hp_loss":0,"event_name":"Golden Wing","floor":14,"gold_loss":0}],"is_beta":false,"boss_relics":[],"items_purged_floors":[8],"is_endless":false,"potions_floor_spawned":[1],"killed_by":"Hexaghost","ascension_level":18}