{"gold_per_floor":[116,266,285,50,63,98,98,124,173,198,225,243,243,275,275,349,349,364,93,368,72,72],"floor_reached":22,"playtime":1225,"items_purged":["Doubt","Fire Breathing"],"score":420,"play_id":"9cf73d63-a566-4191-ae36-8fa4b43bc3b1","local_time":"20190323153522","is_ascension_mode":true,"campfire_choices":[{"floor":7,"key":"REST"},{"floor":13,"key":"REST"},{"data":"Armaments","floor":15,"key":"SMITH"}],"neow_cost":"NONE","seed_source_timestamp":1124555461409,"circlet_count":0,"master_deck":["AscendersBane","Bash","Thunderclap","Shrug It Off","Clothesline+1","Juggernaut","Corruption","Sword Boomerang","Entrench","Armaments+1","Limit Break","Heavy Blade","Metallicize","Corruption","Thunderclap","Heavy Blade","Rampage","Fire Breathing","Flex","Armaments"],"relics":["Burning Blood","NeowsBlessing","Bag of Marbles","Letter Opener","Red Skull","Regal Pillow","PreservedInsect","Omamori","Whetstone","Pandora\u0027s Box","Oddly Smooth Stone","Pear"],"potions_floor_usage":[6,8,14,16],"damage_taken":[{"damage":0,"enemies":"2 Louse","floor":1,"turns":1},{"damage":0,"enemies":"Jaw Worm","floor":3,"turns":1},{"damage":0,"enemies":"Cultist","floor":5,"turns":1},{"damage":37,"enemies":"3 Sentries","floor":6,"turns":12},{"damage":43,"enemies":"Gremlin Nob","floor":8,"turns":5},{"damage":12,"enemies":"Lagavulin","floor":11,"turns":5},{"damage":12,"enemies":"Lots of Slimes","floor":12,"turns":4},{"damage":22,"enemies":"Gremlin Nob","floor":14,"turns":4},{"damage":49,"enemies":"The Guardian","floor":16,"turns":14},{"damage":44,"enemies":"2 Thieves","floor":18,"turns":3},{"damage":35,"enemies":"3 Byrds","floor":22,"turns":3}],"seed_played":"-5279867990495775672","potions_obtained":[{"floor":5,"key":"SteroidPotion"},{"floor":6,"key":"Regen Potion"},{"floor":8,"key":"Weak Potion"},{"floor":12,"key":"Weak Potion"}],"is_trial":false,"path_per_floor":["M","?","M","$","M","E","R","E","T","T","E","M","R","E","R","B",null,"M","$","?","$","M"],"character_chosen":"IRONCLAD","items_purchased":["Bag of Marbles","Oddly Smooth Stone","Pear","Armaments"],"campfire_rested":2,"item_purchase_floors":[4,19,21,21],"current_hp_per_floor":[74,74,75,75,75,44,66,43,43,43,37,31,68,52,52,9,59,21,21,21,31,0],"gold":72,"neow_bonus":"THREE_ENEMY_KILL","is_prod":false,"is_daily":false,"chose_seed":false,"campfire_upgraded":1,"win_rate":0,"timestamp":1553351722,"path_taken":["M","?","M","$","M","E","R","E","T","?","E","M","R","E","R","BOSS","M","$","?","$","M"],"build_version":"2019-01-23","purchased_purges":2,"victory":false,"max_hp_per_floor":[75,75,75,75,75,75,75,75,75,75,75,75,75,75,75,75,75,75,75,75,85,85],"card_choices":[{"not_picked":["Perfected Strike","Sever Soul"],"picked":"Thunderclap","floor":1},{"not_picked":["Blood for Blood","Wild Strike"],"picked":"Shrug It Off","floor":3},{"not_picked":["Reckless Charge","Pommel Strike"],"picked":"Clothesline","floor":5},{"not_picked":["Battle Trance","Dropkick"],"picked":"Juggernaut","floor":6},{"not_picked":["Cleave","Dropkick"],"picked":"Corruption","floor":8},{"not_picked":["Warcry","Pommel Strike"],"picked":"Sword Boomerang","floor":11},{"not_picked":["Warcry","Body Slam"],"picked":"Entrench","floor":12},{"not_picked":["True Grit","Iron Wave"],"picked":"Armaments","floor":14},{"not_picked":["Double Tap","Exhume"],"picked":"Limit Break","floor":16},{"not_picked":["Body Slam","Infernal Blade","Warcry"],"picked":"SKIP","floor":18}],"player_experience":2177376,"relics_obtained":[{"floor":6,"key":"Letter Opener"},{"floor":8,"key":"Red Skull"},{"floor":9,"key":"Regal Pillow"},{"floor":10,"key":"PreservedInsect"},{"floor":11,"key":"Omamori"},{"floor":14,"key":"Whetstone"}],"event_choices":[{"damage_healed":0,"gold_gain":150,"player_choice":"AGREE","damage_taken":0,"max_hp_gain":0,"max_hp_loss":0,"event_name":"Liars Game","floor":2,"gold_loss":0,"cards_obtained":["Doubt"]},{"damage_healed":0,"gold_gain":275,"player_choice":"Desecrate","damage_taken":0,"max_hp_gain":0,"max_hp_loss":0,"event_name":"Golden Shrine","floor":20,"gold_loss":0,"cards_obtained":["Regret"]}],"is_beta":false,"boss_relics":[{"not_picked":["Tiny House","Snecko Eye"],"picked":"Pandora\u0027s Box"}],"items_purged_floors":[4,19],"is_endless":false,"potions_floor_spawned":[5,6,8,12],"killed_by":"3 Byrds","ascension_level":20}