{"gold_per_floor":[217,292,26,26,42,102,102,127,152,152,179,194,221,234,234,307,307,307,307,307,307,232,232,232,232,232,232,232,232,232,232,232,232],"floor_reached":33,"playtime":1692,"items_purged":[],"score":680,"play_id":"39e1189a-b271-475c-ab47-c8a5b2b3031f","local_time":"20190525053926","is_ascension_mode":true,"campfire_choices":[{"data":"Iron Wave","floor":7.0,"key":"SMITH"},{"floor":10.0,"key":"REST"},{"data":"Iron Wave","floor":15.0,"key":"SMITH"},{"data":"Shrug It Off","floor":23.0,"key":"SMITH"},{"data":"Shrug It Off","floor":25,"key":"SMITH"},{"floor":29,"key":"REST"},{"data":"Iron Wave","floor":32,"key":"SMITH"}],"neow_cost":"NONE","seed_source_timestamp":4968098103281,"circlet_count":0,"master_deck":["AscendersBane","Strike_R","Strike_R","Strike_R","Strike_R","Strike_R","Defend_R","Defend_R+1","Defend_R+1","Defend_R","Bash","Iron Wave+1","Immolate","Shrug It Off+1","Shrug It Off+1","Clothesline","Pommel Strike","Iron Wave+1","Pummel","Fire Breathing+1","Juggernaut+1","True Grit+1","Shrug It Off","Shrug It Off+1","Iron Wave+1","Inflame+1","Armaments+1"],"special_seed":0,"relics":["Burning Blood","Matryoshka","Tiny Chest","Torii","Centennial Puzzle","Lantern","Happy Flower","Frozen Egg 2","Ectoplasm","PreservedInsect","Pantograph","Toxic Egg 2","Bottled Tornado","War Paint","Dead Branch"],"potions_floor_usage":[24],"damage_taken":[{"damage":5.0,"enemies":"2 Louse","floor":1.0,"turns":3.0},{"damage":2.0,"enemies":"Cultist","floor":5.0,"turns":4.0},{"damage":29.0,"enemies":"Lagavulin","floor":6.0,"turns":6.0},{"damage":28.0,"enemies":"Gremlin Nob","floor":8.0,"turns":4.0},{"damage":0.0,"enemies":"3 Sentries","floor":11.0,"turns":3.0},{"damage":0.0,"enemies":"Small Slimes","floor":12.0,"turns":3.0},{"damage":1.0,"enemies":"Gremlin Nob","floor":13.0,"turns":3.0},{"damage":1.0,"enemies":"3 Louse","floor":14.0,"turns":3.0},{"damage":34.0,"enemies":"The Guardian","floor":16.0,"turns":17.0},{"damage":1.0,"enemies":"3 Byrds","floor":18.0,"turns":4.0},{"damage":14.0,"enemies":"Shell Parasite","floor":20.0,"turns":6.0},{"damage":1,"enemies":"Book of Stabbing","floor":24,"turns":4},{"damage":26,"enemies":"Gremlin Leader","floor":27,"turns":5},{"damage":7,"enemies":"Chosen and Byrds","floor":30,"turns":5},{"damage":1,"enemies":"Centurion and Healer","floor":31,"turns":6},{"damage":100,"enemies":"Champ","floor":33,"turns":13}],"seed_played":"-2642371328099689562","potions_obtained":[{"floor":1.0,"key":"Swift Potion"},{"floor":8.0,"key":"AttackPotion"},{"floor":11.0,"key":"Swift Potion"},{"floor":12.0,"key":"Energy Potion"},{"floor":16.0,"key":"Fruit Juice"},{"floor":20.0,"key":"PowerPotion"},{"floor":27,"key":"Fire Potion"}],"is_trial":false,"path_per_floor":["M","?","$","?","M","E","R","E","T","R","E","M","E","M","R","B",null,"M","?","M","?","?","R","E","R","T","E","T","R","M","M","R","B"],"character_chosen":"IRONCLAD","items_purchased":["Matryoshka"],"campfire_rested":2,"item_purchase_floors":[3],"current_hp_per_floor":[69,58,58,58,62,39,39,17,17,39,45,51,56,61,61,33,70,75,75,67,44,44,44,49,49,49,29,29,54,53,58,58,0],"gold":232,"neow_bonus":"HUNDRED_GOLD","is_prod":false,"is_daily":false,"chose_seed":false,"campfire_upgraded":5,"win_rate":0,"timestamp":1558787966,"path_taken":["M","?","$","?","M","E","R","E","T","R","E","M","E","?","R","BOSS","M","?","M","?","?","R","E","R","T","E","?","R","M","?","R","BOSS"],"build_version":"2019-01-23","purchased_purges":0,"victory":false,"max_hp_per_floor":[75,75,75,75,75,75,75,75,75,75,75,75,75,75,75,75,80,80,80,80,85,85,85,85,85,85,85,85,85,85,85,85,85],"card_choices":[{"not_picked":["Sword Boomerang","Headbutt"],"picked":"Iron Wave","floor":1.0},{"not_picked":["Warcry","Headbutt"],"picked":"Shrug It Off","floor":5.0},{"not_picked":["Demon Form","Flex"],"picked":"Shrug It Off","floor":6.0},{"not_picked":["Hemokinesis","Disarm"],"picked":"Clothesline","floor":8.0},{"not_picked":["Sever Soul","Clothesline"],"picked":"Pommel Strike","floor":11.0},{"not_picked":["Carnage","Cleave"],"picked":"Iron Wave","floor":12.0},{"not_picked":["Cleave","Wild Strike"],"picked":"Pummel","floor":13.0},{"not_picked":["Headbutt","Clothesline"],"picked":"Fire Breathing+1","floor":14.0},{"not_picked":["Impervious","Limit Break"],"picked":"Juggernaut+1","floor":16.0},{"not_picked":["Dual Wield+1","Clothesline"],"picked":"True Grit+1","floor":18.0},{"not_picked":["Armaments","Pommel Strike"],"picked":"Shrug It Off","floor":20.0},{"not_picked":["Spot Weakness","Dropkick"],"picked":"Shrug It Off+1","floor":24},{"not_picked":["Perfected Strike+1","Wild Strike"],"picked":"Iron Wave","floor":27},{"not_picked":["True Grit+1","Cleave"],"picked":"Inflame+1","floor":30},{"not_picked":["Perfected Strike","Dual Wield+1"],"picked":"Armaments+1","floor":31}],"player_experience":789222,"relics_obtained":[{"floor":6.0,"key":"Tiny Chest"},{"floor":8.0,"key":"Torii"},{"floor":9.0,"key":"Centennial Puzzle"},{"floor":9.0,"key":"Lantern"},{"floor":11.0,"key":"Happy Flower"},{"floor":13.0,"key":"Frozen Egg 2"},{"floor":24,"key":"Pantograph"},{"floor":26,"key":"Toxic Egg 2"},{"floor":26,"key":"Bottled Tornado"},{"floor":27,"key":"War Paint"},{"floor":28,"key":"Dead Branch"}],"event_choices":[{"damage_healed":0.0,"max_hp_gain":0.0,"max_hp_loss":0.0,"gold_gain":75.0,"event_name":"World of Goop","player_choice":"Gather Gold","floor":2.0,"gold_loss":0.0,"damage_taken":11.0},{"damage_healed":0.0,"max_hp_gain":0.0,"max_hp_loss":0.0,"gold_gain":0.0,"event_name":"Match and Keep!","player_choice":"1 cards matched","floor":4.0,"gold_loss":0.0,"damage_taken":0.0,"cards_obtained":["Immolate"]},{"damage_healed":0.0,"max_hp_gain":0.0,"max_hp_loss":0.0,"gold_gain":0.0,"event_name":"The Mausoleum","player_choice":"Opened","floor":19.0,"gold_loss":0.0,"damage_taken":0.0,"relics_obtained":["PreservedInsect"],"cards_obtained":["Writhe"]},{"damage_healed":0.0,"max_hp_gain":5.0,"max_hp_loss":0.0,"gold_gain":0.0,"event_name":"Forgotten Altar","player_choice":"Shed Blood","floor":21.0,"gold_loss":0.0,"damage_taken":28.0},{"cards_removed":["Writhe"],"damage_healed":0.0,"max_hp_gain":0.0,"max_hp_loss":0.0,"gold_gain":0.0,"event_name":"Beggar","player_choice":"Gave Gold","floor":22.0,"gold_loss":75.0,"damage_taken":0.0}],"is_beta":false,"boss_relics":[{"not_picked":["Pandora\u0027s Box","Runic Cube"],"picked":"Ectoplasm"}],"items_purged_floors":[],"is_endless":false,"potions_floor_spawned":[1,8,11,12,16,20,27],"killed_by":"Champ","ascension_level":19}