{"gold_per_floor":[109,184,149,163,178,203,203,203,281,294,306,332,342,369,369,471,471,490,490,503,503],"floor_reached":21,"playtime":1618,"items_purged":[],"score":261,"play_id":"1377e112-155d-4b0a-a16b-66505425d2fa","local_time":"20190523081247","is_ascension_mode":true,"campfire_choices":[{"data":"Dualcast","floor":7.0,"key":"SMITH"},{"floor":15,"key":"REST"}],"neow_cost":"NONE","seed_source_timestamp":360399294171600,"circlet_count":0,"master_deck":["Strike_B","Strike_B","Strike_B","Defend_B","Defend_B","Defend_B","Defend_B","Zap","Dualcast+1","Capacitor","Darkness","Auto Shields","BootSequence","Steam","Redo","Sunder+1","Go for the Eyes+1","Streamline+1"],"special_seed":0,"relics":["Busted Crown","Happy Flower","Molten Egg 2","Bag of Marbles","Smiling Mask","Coffee Dripper"],"potions_floor_usage":[13],"damage_taken":[{"damage":3.0,"enemies":"2 Louse","floor":1.0,"turns":3.0},{"damage":2.0,"enemies":"Jaw Worm","floor":4.0,"turns":5.0},{"damage":7.0,"enemies":"Small Slimes","floor":5.0,"turns":3.0},{"damage":42.0,"enemies":"Gremlin Nob","floor":6.0,"turns":5.0},{"damage":9,"enemies":"Looter","floor":10,"turns":5},{"damage":2,"enemies":"2 Fungi Beasts","floor":11,"turns":4},{"damage":5,"enemies":"Lagavulin","floor":12,"turns":6},{"damage":1,"enemies":"Large Slime","floor":13,"turns":3},{"damage":19,"enemies":"Gremlin Nob","floor":14,"turns":4},{"damage":19,"enemies":"The Guardian","floor":16,"turns":11},{"damage":16,"enemies":"Shell Parasite","floor":18,"turns":6},{"damage":12,"enemies":"2 Thieves","floor":20,"turns":4},{"damage":35,"enemies":"Cultist and Chosen","floor":21,"turns":6}],"seed_played":"8352164533069840285","potions_obtained":[{"floor":1.0,"key":"Swift Potion"},{"floor":4.0,"key":"Fruit Juice"},{"floor":5.0,"key":"Regen Potion"},{"floor":11,"key":"Swift Potion"},{"floor":18,"key":"Dexterity Potion"},{"floor":20,"key":"SkillPotion"}],"is_trial":false,"path_per_floor":["M","?","?","M","M","E","R","?","T","M","M","E","M","E","R","B",null,"M","?","M","M"],"character_chosen":"DEFECT","items_purchased":[],"campfire_rested":1,"item_purchase_floors":[],"current_hp_per_floor":[65,54,72,75,68,40,40,40,40,31,29,24,23,4,28,9,62,46,31,19,0],"gold":503,"neow_bonus":"BOSS_RELIC","is_prod":false,"is_daily":false,"chose_seed":false,"campfire_upgraded":1,"win_rate":0,"timestamp":1558579367,"path_taken":["M","?","?","M","M","E","R","?","T","M","M","E","M","E","R","BOSS","M","?","M","M"],"build_version":"2019-01-23","purchased_purges":0,"victory":false,"max_hp_per_floor":[75,75,75,80,80,80,80,80,80,80,80,80,80,80,80,80,80,80,85,85,85],"card_choices":[{"not_picked":[],"picked":"Capacitor","floor":1.0},{"not_picked":[],"picked":"Darkness","floor":4.0},{"not_picked":[],"picked":"Auto Shields","floor":5.0},{"not_picked":[],"picked":"BootSequence","floor":6.0},{"not_picked":[],"picked":"Redo","floor":10},{"not_picked":[],"picked":"Sunder+1","floor":11},{"not_picked":["Gash+1"],"picked":"SKIP","floor":12},{"not_picked":["Force Field"],"picked":"SKIP","floor":13},{"not_picked":[],"picked":"Go for the Eyes+1","floor":14},{"not_picked":[],"picked":"Streamline+1","floor":18},{"not_picked":["Streamline+1"],"picked":"SKIP","floor":20}],"player_experience":652051,"relics_obtained":[{"floor":6.0,"key":"Happy Flower"},{"floor":9.0,"key":"Molten Egg 2"},{"floor":12,"key":"Bag of Marbles"},{"floor":14,"key":"Smiling Mask"}],"event_choices":[{"damage_healed":0.0,"max_hp_gain":0.0,"max_hp_loss":0.0,"gold_gain":75.0,"event_name":"World of Goop","player_choice":"Gather Gold","floor":2.0,"gold_loss":0.0,"damage_taken":11.0},{"damage_healed":18.0,"max_hp_gain":0.0,"max_hp_loss":0.0,"gold_gain":0.0,"event_name":"The Cleric","player_choice":"Healed","floor":3.0,"gold_loss":35.0,"damage_taken":0.0},{"damage_healed":0.0,"max_hp_gain":0.0,"max_hp_loss":0.0,"gold_gain":0.0,"cards_transformed":["Strike_B"],"event_name":"Living Wall","player_choice":"Change","floor":8.0,"gold_loss":0.0,"damage_taken":0.0,"cards_obtained":["Steam"]},{"damage_healed":0,"gold_gain":0,"player_choice":"Shed Blood","damage_taken":20,"max_hp_gain":5,"max_hp_loss":0,"event_name":"Forgotten Altar","floor":19,"gold_loss":0}],"is_beta":false,"boss_relics":[{"not_picked":["Black Star","Pandora\u0027s Box"],"picked":"Coffee Dripper"}],"items_purged_floors":[],"is_endless":false,"potions_floor_spawned":[1,4,5,11,18,20],"killed_by":"Cultist and Chosen","ascension_level":6}