{"gold_per_floor":[361,375,375,387,228,228,248,274,274,199,199,229,89,89,89,166,166,184,22,37,37,137,137],"floor_reached":23,"playtime":1239,"items_purged":["Strike_G"],"score":394,"play_id":"618112b3-825a-4b22-955f-8f8544e31f24","local_time":"20190219202713","is_ascension_mode":true,"campfire_choices":[{"data":"Neutralize","floor":6.0,"key":"SMITH"},{"data":"Noxious Fumes","floor":15.0,"key":"SMITH"}],"neow_cost":"PERCENT_DAMAGE","seed_source_timestamp":0,"circlet_count":0,"master_deck":["AscendersBane","Defend_G","Defend_G","Defend_G","Defend_G","Defend_G","Survivor","Neutralize+1","Dash","Leg Sweep","Terror","Noxious Fumes+1","PiercingWail","Footwork","Deadly Poison","Heel Hook","Burst","Footwork","Poisoned Stab","Sucker Punch","Dash"],"special_seed":0,"relics":["Ring of the Snake","Bag of Preparation","Ornamental Fan","Nunchaku","Thread and Needle","Runic Dome","Juzu Bracelet","Girya","Paper Crane"],"potions_floor_usage":[23],"damage_taken":[{"damage":1.0,"enemies":"Cultist","floor":1.0,"turns":5.0},{"damage":2.0,"enemies":"Jaw Worm","floor":2.0,"turns":4.0},{"damage":0.0,"enemies":"2 Louse","floor":4.0,"turns":3.0},{"damage":1.0,"enemies":"Looter","floor":7.0,"turns":4.0},{"damage":38.0,"enemies":"Gremlin Nob","floor":8.0,"turns":6.0},{"damage":2.0,"enemies":"Lagavulin","floor":12.0,"turns":6.0},{"damage":9.0,"enemies":"The Guardian","floor":16.0,"turns":10.0},{"damage":8.0,"enemies":"3 Byrds","floor":18.0,"turns":6.0},{"damage":0.0,"enemies":"2 Thieves","floor":20.0,"turns":4.0},{"damage":6.0,"enemies":"Colosseum Slavers","floor":22.0,"turns":8.0},{"damage":25.0,"enemies":"Colosseum Nobs","floor":22.0,"turns":7.0},{"damage":18,"enemies":"Gremlin Leader","floor":23,"turns":3}],"seed_played":"-2795672621045291805","potions_obtained":[{"floor":1.0,"key":"FearPotion"},{"floor":4.0,"key":"GamblersBrew"},{"floor":7.0,"key":"Weak Potion"},{"floor":12.0,"key":"PowerPotion"},{"floor":22.0,"key":"LiquidBronze"}],"is_trial":false,"path_per_floor":["M","M","?","M","$","R","M","E","T","?","T","E","$","?","R","B",null,"M","$","M","?","?","E"],"character_chosen":"THE_SILENT","items_purchased":["Leg Sweep","Footwork","Deadly Poison","Juzu Bracelet"],"campfire_rested":0,"item_purchase_floors":[5,13,13,19],"current_hp_per_floor":[43,41,63,63,63,63,62,24,24,24,24,22,22,22,22,13,53,45,45,45,45,14,0],"gold":137,"neow_bonus":"TWO_FIFTY_GOLD","is_prod":false,"is_daily":false,"chose_seed":false,"campfire_upgraded":2,"win_rate":0,"timestamp":1550604433,"path_taken":["M","M","?","M","$","R","M","E","T","?","?","E","$","?","R","BOSS","M","$","M","?","?","E"],"build_version":"2019-02-06","purchased_purges":1,"victory":false,"max_hp_per_floor":[66,66,66,66,66,66,66,66,66,66,66,66,66,66,66,66,66,66,66,66,66,66,66],"card_choices":[{"not_picked":["Flechettes","Riddle With Holes","Acrobatics"],"picked":"SKIP","floor":1.0},{"not_picked":["Blade Dance","Sucker Punch"],"picked":"Dash","floor":2.0},{"not_picked":["Sucker Punch","Dagger Spray","Heel Hook"],"picked":"SKIP","floor":4.0},{"not_picked":["Flying Knee","Skewer"],"picked":"Terror","floor":7.0},{"not_picked":["Sucker Punch","Cloak And Dagger"],"picked":"Noxious Fumes","floor":8.0},{"not_picked":["Poisoned Stab","Dagger Throw"],"picked":"PiercingWail","floor":12.0},{"not_picked":["After Image","Venomology"],"picked":"Burst","floor":16.0},{"not_picked":["Dodge and Roll+1","Concentrate"],"picked":"Footwork","floor":18.0},{"not_picked":["Blade Dance","Heel Hook","Distraction+1"],"picked":"SKIP","floor":20.0},{"not_picked":["Flying Knee","Terror"],"picked":"Dash","floor":22.0}],"player_experience":1232299,"relics_obtained":[{"floor":8.0,"key":"Bag of Preparation"},{"floor":9.0,"key":"Ornamental Fan"},{"floor":11.0,"key":"Nunchaku"},{"floor":12.0,"key":"Thread and Needle"},{"floor":22.0,"key":"Girya"},{"floor":22.0,"key":"Paper Crane"}],"event_choices":[{"damage_healed":22.0,"max_hp_gain":0.0,"max_hp_loss":0.0,"gold_gain":0.0,"event_name":"Big Fish","player_choice":"Banana","floor":3.0,"gold_loss":0.0,"damage_taken":0.0},{"cards_removed":["Strike_G"],"damage_healed":0.0,"max_hp_gain":0.0,"max_hp_loss":0.0,"gold_gain":0.0,"event_name":"The Cleric","player_choice":"Card Removal","floor":10.0,"gold_loss":75.0,"damage_taken":0.0},{"damage_healed":0.0,"max_hp_gain":0.0,"max_hp_loss":0.0,"gold_gain":0.0,"cards_transformed":["Strike_G"],"event_name":"Living Wall","player_choice":"Change","floor":14.0,"gold_loss":0.0,"damage_taken":0.0,"cards_obtained":["Heel Hook"]},{"damage_healed":0.0,"max_hp_gain":0.0,"max_hp_loss":0.0,"gold_gain":0.0,"cards_transformed":["Strike_G","Strike_G"],"event_name":"Drug Dealer","player_choice":"Became Test Subject","floor":21.0,"gold_loss":0.0,"damage_taken":0.0,"cards_obtained":["Poisoned Stab","Sucker Punch"]},{"damage_healed":0.0,"max_hp_gain":0.0,"max_hp_loss":0.0,"gold_gain":0.0,"event_name":"Colosseum","player_choice":"Fight","floor":22.0,"gold_loss":0.0,"damage_taken":0.0},{"damage_healed":0.0,"max_hp_gain":0.0,"max_hp_loss":0.0,"gold_gain":0.0,"event_name":"Colosseum","player_choice":"Fought Nobs","floor":22.0,"gold_loss":0.0,"damage_taken":0.0}],"is_beta":true,"boss_relics":[{"not_picked":["Runic Pyramid","Eternal Feather"],"picked":"Runic Dome"}],"items_purged_floors":[5],"is_endless":false,"potions_floor_spawned":[1,4,7,12,22],"killed_by":"Gremlin Leader","ascension_level":20}