{"gold_per_floor":[119,138,138,138,138,138,181,181,227,243,243,277,302,317,317,407,407,425,446,156,172,172,172,207,34,34,34,34,69,69,17,17,17],"floor_reached":33,"playtime":1517,"items_purged":["Strike_B"],"score":612,"play_id":"b1e5755e-c932-4016-9705-3af9e9217ca9","local_time":"20190326204131","is_ascension_mode":true,"campfire_choices":[{"data":"Zap","floor":6.0,"key":"SMITH"},{"data":"Dualcast","floor":8.0,"key":"SMITH"},{"data":"Beam Cell","floor":11.0,"key":"SMITH"},{"data":"Electrodynamics","floor":15.0,"key":"SMITH"},{"floor":23,"key":"REST"},{"floor":27,"key":"REST"},{"floor":30,"key":"REST"},{"floor":32,"key":"REST"}],"neow_cost":"NONE","seed_source_timestamp":171134595167121,"circlet_count":0,"master_deck":["AscendersBane","Strike_B","Strike_B","Defend_B","Defend_B","Defend_B","Defend_B+1","Zap+1","Dualcast+1","Auto Shields+1","Turbo","Beam Cell+1","Electrodynamics+1","Conserve Battery","Melter","Seek","Reinforced Body","Coolheaded","Thunder Strike","Core Surge","Defragment+1","Hyperbeam","Ball Lightning"],"special_seed":0,"relics":["Cracked Core","NeowsBlessing","Kunai","Golden Idol","Pear","War Paint","Odd Mushroom","Inserter","Bag of Preparation","Frozen Egg 2","Bottled Lightning","Ice Cream"],"potions_floor_usage":[29,33],"damage_taken":[{"damage":0.0,"enemies":"Jaw Worm","floor":1.0,"turns":1.0},{"damage":0.0,"enemies":"Small Slimes","floor":2.0,"turns":1.0},{"damage":0.0,"enemies":"Gremlin Nob","floor":7.0,"turns":1.0},{"damage":0.0,"enemies":"2 Louse","floor":10.0,"turns":1.0},{"damage":4.0,"enemies":"The Mushroom Lair","floor":12.0,"turns":4.0},{"damage":7.0,"enemies":"2 Fungi Beasts","floor":13.0,"turns":3.0},{"damage":7.0,"enemies":"Exordium Wildlife","floor":14.0,"turns":3.0},{"damage":32.0,"enemies":"The Guardian","floor":16.0,"turns":13.0},{"damage":10.0,"enemies":"3 Byrds","floor":18.0,"turns":3.0},{"damage":16.0,"enemies":"Shell Parasite","floor":19.0,"turns":6.0},{"damage":8,"enemies":"Centurion and Healer","floor":21,"turns":8},{"damage":29,"enemies":"Slavers","floor":24,"turns":3},{"damage":33,"enemies":"Book of Stabbing","floor":29,"turns":5},{"damage":54,"enemies":"Collector","floor":33,"turns":7}],"seed_played":"-5545616218454704253","potions_obtained":[{"floor":1.0,"key":"Block Potion"},{"floor":2.0,"key":"PowerPotion"},{"floor":13.0,"key":"Dexterity Potion"},{"floor":16.0,"key":"Poison Potion"},{"floor":21,"key":"Ancient Potion"}],"is_trial":false,"path_per_floor":["M","M","?","?","?","R","E","R","T","M","R","?","M","M","R","B",null,"M","M","$","M","?","R","E","$","T","R","$","E","R","$","R","B"],"character_chosen":"DEFECT","items_purchased":["Bag of Preparation","Coolheaded","Defragment+1","Hyperbeam","Ball Lightning"],"campfire_rested":4,"item_purchase_floors":[20,20,25,25,31],"current_hp_per_floor":[64,64,64,64,57,57,67,67,67,67,67,63,56,49,49,17,60,50,34,34,26,26,48,19,19,19,41,41,8,30,30,52,0],"gold":17,"neow_bonus":"THREE_ENEMY_KILL","is_prod":false,"is_daily":false,"chose_seed":false,"campfire_upgraded":4,"win_rate":0,"timestamp":1553629291,"path_taken":["M","M","?","?","?","R","E","R","T","M","R","?","M","?","R","BOSS","M","?","$","M","?","R","E","$","T","R","$","E","R","?","R","BOSS"],"build_version":"2019-01-23","purchased_purges":1,"victory":false,"max_hp_per_floor":[71,71,71,64,64,64,74,74,74,74,74,74,74,74,74,74,74,74,74,74,74,74,74,74,74,74,74,74,74,74,74,74,74],"card_choices":[{"not_picked":["Aggregate","Leap","Heatsinks"],"picked":"SKIP","floor":1.0},{"not_picked":["Rebound","Blizzard"],"picked":"Auto Shields","floor":2.0},{"not_picked":["Streamline","Storm"],"picked":"Turbo","floor":7.0},{"not_picked":["Turbo","Leap"],"picked":"Beam Cell","floor":10.0},{"not_picked":["Stack","Gash"],"picked":"Electrodynamics","floor":12.0},{"not_picked":["Barrage","Go for the Eyes"],"picked":"Conserve Battery","floor":13.0},{"not_picked":["Redo","Turbo"],"picked":"Melter","floor":14.0},{"not_picked":["Fission","Machine Learning"],"picked":"Seek","floor":16.0},{"not_picked":["Conserve Battery","Lockon"],"picked":"Reinforced Body","floor":18.0},{"not_picked":["Barrage","Sweeping Beam","Gash"],"picked":"SKIP","floor":19.0},{"not_picked":["Streamline","Redo","Compile Driver"],"picked":"SKIP","floor":21},{"not_picked":["Doom and Gloom","Compile Driver"],"picked":"Core Surge","floor":24},{"not_picked":["Barrage","Stack","Rebound"],"picked":"SKIP","floor":29}],"player_experience":2210022,"relics_obtained":[{"floor":7.0,"key":"Pear"},{"floor":9.0,"key":"War Paint"},{"floor":12.0,"key":"Odd Mushroom"},{"floor":24,"key":"Frozen Egg 2"},{"floor":26,"key":"Bottled Lightning"},{"floor":29,"key":"Ice Cream"}],"event_choices":[{"damage_healed":0.0,"max_hp_gain":0.0,"max_hp_loss":0.0,"gold_gain":0.0,"event_name":"Big Fish","player_choice":"Box","floor":3.0,"gold_loss":0.0,"damage_taken":0.0,"relics_obtained":["Kunai"],"cards_obtained":["Regret"]},{"damage_healed":0.0,"max_hp_gain":0.0,"max_hp_loss":7.0,"gold_gain":0.0,"event_name":"Golden Idol","player_choice":"Lose Max HP","floor":4.0,"gold_loss":0.0,"damage_taken":0.0,"relics_obtained":["Golden Idol"]},{"cards_removed":["Regret"],"damage_healed":0.0,"max_hp_gain":0.0,"max_hp_loss":0.0,"gold_gain":0.0,"event_name":"Golden Wing","player_choice":"Card Removal","floor":5.0,"gold_loss":0.0,"damage_taken":7.0},{"damage_healed":0.0,"max_hp_gain":0.0,"max_hp_loss":0.0,"gold_gain":0.0,"event_name":"Mushrooms","player_choice":"Fought Mushrooms","floor":12.0,"gold_loss":0.0,"damage_taken":0.0},{"damage_healed":0,"gold_gain":0,"cards_transformed":["Strike_B"],"player_choice":"Transformed","damage_taken":0,"max_hp_gain":0,"max_hp_loss":0,"event_name":"Transmorgrifier","floor":22,"gold_loss":0,"cards_obtained":["Thunder Strike"]}],"is_beta":false,"boss_relics":[{"not_picked":["Cursed Key","Orrery"],"picked":"Inserter"}],"items_purged_floors":[20],"is_endless":false,"potions_floor_spawned":[1,2,13,16,21],"killed_by":"Collector","ascension_level":20}