{"gold_per_floor":[115,115,25,25,43,43,77,77,77,112,112,112,124,144,144,215,215,215,124,74,74,74,74,74,74,74,74,74,74,74,74,74,74,74,74,74,74,74,74,74,74,74,74,74,74,74,74,74,74,74,74],"floor_reached":52,"playtime":3667,"items_purged":[],"score":2124,"play_id":"6eda9cb0-3ee5-4c85-b34f-c56d1299812e","local_time":"20180928192942","is_ascension_mode":true,"campfire_choices":[{"data":"Neutralize","floor":6.0,"key":"SMITH"},{"data":"1","floor":12.0,"key":"LIFT"},{"data":"2","floor":15.0,"key":"LIFT"},{"data":"3","floor":23.0,"key":"LIFT"},{"data":"Dash","floor":29.0,"key":"SMITH"},{"data":"Strike_G+1","floor":32.0,"key":"PURGE"},{"data":"Footwork","floor":40.0,"key":"SMITH"},{"data":"Night Terror","floor":47.0,"key":"SMITH"},{"floor":49.0,"key":"REST"}],"neow_cost":"TEN_PERCENT_HP_LOSS","seed_source_timestamp":0,"circlet_count":0,"master_deck":["Defend_G+1","Defend_G+1","Defend_G+1","Defend_G+1","Defend_G+1","Strike_G+1","Strike_G+1","Strike_G+1","Survivor","Neutralize+1","AscendersBane","Flying Knee","All Out Attack","Dagger Spray","Predator","Backstab","Dagger Spray","Backstab","After Image","Sucker Punch","Phantasmal Killer+1","Riddle With Holes","Heel Hook","Dash+1","After Image","Infinite Blades+1","Night Terror+1","Dark Shackles","Footwork+1","Backflip","Riddle With Holes+1","Concentrate","Dodge and Roll+1"],"special_seed":0,"relics":["Ring of the Snake","Gambling Chip","Girya","Singing Bowl","Matryoshka","Ectoplasm","MutagenicStrength","Snake Skull","Red Mask","Oddly Smooth Stone","Tiny Chest","Peace Pipe","Blood Vial","Runic Pyramid","Regal Pillow","Juzu Bracelet","Bottled Flame","Bronze Scales","Pantograph","Orichalcum"],"potions_floor_usage":[51],"damage_taken":[{"damage":1.0,"enemies":"Jaw Worm","floor":1.0,"turns":6.0},{"damage":1.0,"enemies":"2 Louse","floor":5.0,"turns":2.0},{"damage":17.0,"enemies":"3 Sentries","floor":7.0,"turns":5.0},{"damage":19.0,"enemies":"Gremlin Nob","floor":10.0,"turns":4.0},{"damage":0.0,"enemies":"Cultist","floor":13.0,"turns":2.0},{"damage":0.0,"enemies":"2 Fungi Beasts","floor":14.0,"turns":2.0},{"damage":0.0,"enemies":"Slime Boss","floor":16.0,"turns":6.0},{"damage":0.0,"enemies":"Spheric Guardian","floor":18.0,"turns":1.0},{"damage":0.0,"enemies":"Book of Stabbing","floor":24.0,"turns":4.0},{"damage":0.0,"enemies":"Masked Bandits","floor":25.0,"turns":1.0},{"damage":0.0,"enemies":"Chosen","floor":27.0,"turns":1.0},{"damage":0.0,"enemies":"Centurion and Healer","floor":30.0,"turns":1.0},{"damage":0.0,"enemies":"Slavers","floor":31.0,"turns":3.0},{"damage":44.0,"enemies":"Collector","floor":33.0,"turns":5.0},{"damage":0.0,"enemies":"3 Shapes","floor":35.0,"turns":2.0},{"damage":0.0,"enemies":"Orb Walker","floor":38.0,"turns":3.0},{"damage":13.0,"enemies":"Giant Head","floor":41.0,"turns":8.0},{"damage":0.0,"enemies":"Reptomancer","floor":42.0,"turns":2.0},{"damage":15.0,"enemies":"Nemesis","floor":44.0,"turns":5.0},{"damage":0.0,"enemies":"Maw","floor":45.0,"turns":7.0},{"damage":7.0,"enemies":"Giant Head","floor":46.0,"turns":9.0},{"damage":14.0,"enemies":"2 Orb Walkers","floor":48.0,"turns":4.0},{"damage":22.0,"enemies":"Time Eater","floor":50.0,"turns":12.0},{"damage":45,"enemies":"Awakened One","floor":51,"turns":17}],"seed_played":"-5431610624522820212","potions_obtained":[{"floor":10.0,"key":"Energy Potion"},{"floor":14.0,"key":"Poison Potion"},{"floor":18.0,"key":"Dexterity Potion"},{"floor":24.0,"key":"Ancient Potion"},{"floor":31.0,"key":"LiquidBronze"},{"floor":33.0,"key":"Swift Potion"},{"floor":41.0,"key":"Swift Potion"},{"floor":42.0,"key":"FearPotion"}],"is_trial":false,"path_per_floor":["M","?","$","?","M","R","E","?","T","E","$","R","M","M","R","B",null,"M","$","?","?","?","R","E","?","T","M","?","R","M","E","R","B",null,"M","?","?","M","?","R","E","M","T","E","M","E","R","E","R","B","B"],"character_chosen":"THE_SILENT","items_purchased":["All Out Attack","Phantasmal Killer"],"campfire_rested":1,"item_purchase_floors":[3,19],"current_hp_per_floor":[58,51,51,51,50,50,33,53,53,34,34,34,34,34,34,34,54,54,54,54,54,54,54,54,54,54,54,54,54,54,54,54,12,48,52,49,49,51,51,51,40,42,42,31,33,28,28,18,52,43,20],"gold":74,"neow_bonus":"ONE_RARE_RELIC","is_prod":false,"is_daily":false,"chose_seed":false,"campfire_upgraded":4,"win_rate":0,"timestamp":1538155782,"path_taken":["M","?","$","?","M","R","E","?","T","E","?","R","M","M","R","BOSS","M","$","?","?","?","R","E","?","T","?","?","R","M","E","R","BOSS","M","?","?","M","?","R","E","M","T","E","M","E","R","E","R","BOSS","BOSS"],"build_version":"2018-09-27","purchased_purges":0,"victory":true,"max_hp_per_floor":[60,60,60,60,60,60,60,60,60,60,60,60,60,60,60,60,60,60,60,60,60,60,60,60,60,60,60,60,60,60,60,60,60,60,62,64,64,64,61,61,61,61,61,63,63,63,63,65,65,65,65],"card_choices":[{"not_picked":["Poisoned Stab","Outmaneuver"],"picked":"Flying Knee","floor":1.0},{"not_picked":["Dodge and Roll","Endless Agony"],"picked":"Dagger Spray","floor":5.0},{"not_picked":["Poisoned Stab","Dodge and Roll"],"picked":"Predator","floor":7.0},{"not_picked":["Sucker Punch","Predator"],"picked":"Backstab","floor":10.0},{"not_picked":["Skewer","Dodge and Roll"],"picked":"Dagger Spray","floor":13.0},{"not_picked":["Deflect","Dagger Spray"],"picked":"Backstab","floor":14.0},{"not_picked":["Unload","Burst"],"picked":"After Image","floor":16.0},{"not_picked":["Bane","Blade Dance"],"picked":"Sucker Punch","floor":18.0},{"not_picked":["Dagger Throw","Deflect"],"picked":"Riddle With Holes","floor":24.0},{"not_picked":["Sucker Punch","Cloak And Dagger"],"picked":"Heel Hook","floor":25.0},{"not_picked":["Dagger Throw","Backflip"],"picked":"Dash","floor":27.0},{"not_picked":["Acrobatics","Outmaneuver"],"picked":"After Image","floor":30.0},{"not_picked":["Dagger Spray","Deadly Poison+1"],"picked":"Infinite Blades+1","floor":31.0},{"not_picked":["Burst","Storm of Steel"],"picked":"Night Terror","floor":33.0},{"not_picked":["Slice","Flying Knee","Outmaneuver"],"picked":"Singing Bowl","floor":35.0},{"not_picked":["The Bomb","Secret Weapon","Deep Breath"],"picked":"Singing Bowl","floor":36.0},{"not_picked":["Forethought","Enlightenment"],"picked":"Dark Shackles","floor":36.0},{"not_picked":["Outmaneuver","Masterful Stab"],"picked":"Footwork","floor":38.0},{"not_picked":["Deflect","Acrobatics"],"picked":"Backflip","floor":41.0},{"not_picked":["Flechettes","Quick Slash"],"picked":"Riddle With Holes+1","floor":42.0},{"not_picked":["Outmaneuver","Dagger Throw","Deflect"],"picked":"Singing Bowl","floor":44.0},{"not_picked":["Phantasmal Killer","Infinite Blades"],"picked":"Concentrate","floor":45.0},{"not_picked":["Bane","Flechettes+1"],"picked":"Dodge and Roll+1","floor":46.0},{"not_picked":["Dagger Throw+1","Setup","Masterful Stab+1"],"picked":"Singing Bowl","floor":48.0}],"player_experience":979050,"relics_obtained":[{"floor":7.0,"key":"Girya"},{"floor":9.0,"key":"Singing Bowl"},{"floor":10.0,"key":"Matryoshka"},{"floor":24.0,"key":"Snake Skull"},{"floor":25.0,"key":"Red Mask"},{"floor":26.0,"key":"Oddly Smooth Stone"},{"floor":26.0,"key":"Tiny Chest"},{"floor":31.0,"key":"Blood Vial"},{"floor":41.0,"key":"Regal Pillow"},{"floor":43.0,"key":"Juzu Bracelet"},{"floor":43.0,"key":"Bottled Flame"},{"floor":44.0,"key":"Bronze Scales"},{"floor":46.0,"key":"Pantograph"},{"floor":48.0,"key":"Orichalcum"}],"event_choices":[{"event_name":"Golden Wing","player_choice":"Card Removal","floor":2.0,"damage_taken":0.0},{"event_name":"The Cleric","player_choice":"Leave","floor":4.0,"damage_taken":0.0},{"event_name":"Big Fish","player_choice":"Banana","floor":8.0,"damage_taken":0.0},{"event_name":"Designer","player_choice":"Upgrade Card","floor":20.0,"damage_taken":0.0},{"event_name":"Back to Basics","player_choice":"Simplicity","floor":21.0,"damage_taken":0.0},{"event_name":"Drug Dealer","player_choice":"Inject Mutagens","floor":22.0,"damage_taken":0.0},{"event_name":"Masked Bandits","player_choice":"Fought Bandits","floor":25.0,"damage_taken":0.0},{"event_name":"WeMeetAgain","player_choice":"Potion","floor":28.0,"damage_taken":0.0},{"event_name":"SensoryStone","player_choice":"Memory 2","floor":36.0,"damage_taken":0.0},{"event_name":"Match and Keep!","player_choice":"0 cards matched","floor":37.0,"damage_taken":0.0},{"event_name":"Winding Halls","player_choice":"Max HP","floor":39.0,"damage_taken":0.0}],"is_beta":true,"boss_relics":[{"not_picked":["Ring of the Serpent","Fusion Hammer"],"picked":"Ectoplasm"},{"not_picked":["White Beast Statue","Pandora\u0027s Box"],"picked":"Runic Pyramid"}],"items_purged_floors":[],"is_endless":false,"potions_floor_spawned":[10,14,18,24,27,31,33,41,42,44,45],"ascension_level":20}