{"gold_per_floor":[111,122,122,87,106,106,133,133,133,151,168,188,188,221,221,221],"floor_reached":16,"playtime":757,"items_purged":[],"score":224,"play_id":"7a76bee7-7232-430a-8817-0b8b013a81b4","local_time":"20190517211434","is_ascension_mode":true,"campfire_choices":[{"data":"Bash","floor":6,"key":"SMITH"},{"data":"Rampage","floor":8,"key":"SMITH"},{"floor":13,"key":"REST"},{"data":"Double Tap","floor":15,"key":"SMITH"}],"neow_cost":"PERCENT_DAMAGE","seed_source_timestamp":202337684284192,"circlet_count":0,"master_deck":["AscendersBane","Strike_R","Strike_R","Strike_R","Strike_R","Defend_R","Defend_R","Defend_R","Defend_R","Bash+1","Headbutt","Sword Boomerang","Rampage+1","Flex","Anger","Anger","Double Tap+1"],"relics":["Burning Blood","Sundial","Vajra"],"potions_floor_usage":[14,14],"damage_taken":[{"damage":2,"enemies":"2 Louse","floor":1,"turns":3},{"damage":9,"enemies":"Jaw Worm","floor":2,"turns":3},{"damage":7,"enemies":"Cultist","floor":5,"turns":4},{"damage":52,"enemies":"Lagavulin","floor":7,"turns":7},{"damage":9,"enemies":"3 Louse","floor":10,"turns":3},{"damage":21,"enemies":"Exordium Thugs","floor":11,"turns":5},{"damage":6,"enemies":"2 Fungi Beasts","floor":12,"turns":2},{"damage":35,"enemies":"3 Sentries","floor":14,"turns":8},{"damage":14,"enemies":"Hexaghost","floor":16,"turns":4}],"seed_played":"-6164356285869309834","potions_obtained":[{"floor":2,"key":"GamblersBrew"},{"floor":10,"key":"Swift Potion"},{"floor":12,"key":"FearPotion"}],"is_trial":false,"path_per_floor":["M","M","?","?","M","R","E","R","T","M","M","M","R","E","R","B"],"character_chosen":"IRONCLAD","items_purchased":[],"campfire_rested":1,"item_purchase_floors":[],"current_hp_per_floor":[68,65,58,80,79,79,33,33,33,30,15,15,41,12,12,0],"gold":221,"neow_bonus":"TWENTY_PERCENT_HP_BONUS","is_prod":false,"is_daily":false,"chose_seed":false,"campfire_upgraded":3,"win_rate":0,"timestamp":1558120474,"path_taken":["M","M","?","?","M","R","E","R","T","M","M","M","R","E","R","BOSS"],"build_version":"2019-01-23","purchased_purges":0,"victory":false,"max_hp_per_floor":[89,89,89,89,89,89,89,89,89,89,89,89,89,89,89,89],"card_choices":[{"not_picked":["Iron Wave","Heavy Blade","Warcry"],"picked":"SKIP","floor":1},{"not_picked":["Body Slam","Searing Blow"],"picked":"Headbutt","floor":2},{"not_picked":["Ghostly Armor","Perfected Strike"],"picked":"Sword Boomerang","floor":5},{"not_picked":["Flex","Havoc"],"picked":"Rampage","floor":7},{"not_picked":["Havoc","Wild Strike"],"picked":"Flex","floor":10},{"not_picked":["Corruption","Body Slam"],"picked":"Anger","floor":11},{"not_picked":["Heavy Blade","Burning Pact"],"picked":"Anger","floor":12},{"not_picked":["Combust","Heavy Blade"],"picked":"Double Tap","floor":14}],"player_experience":2706412,"relics_obtained":[{"floor":7,"key":"Sundial"},{"floor":14,"key":"Vajra"}],"event_choices":[{"cards_removed":["Strike_R"],"damage_healed":0,"gold_gain":0,"player_choice":"Card Removal","damage_taken":7,"max_hp_gain":0,"max_hp_loss":0,"event_name":"Golden Wing","floor":3,"gold_loss":0},{"damage_healed":22,"gold_gain":0,"player_choice":"Healed","damage_taken":0,"max_hp_gain":0,"max_hp_loss":0,"event_name":"The Cleric","floor":4,"gold_loss":35}],"is_beta":false,"boss_relics":[],"items_purged_floors":[],"is_endless":false,"potions_floor_spawned":[2,10,12],"killed_by":"Hexaghost","ascension_level":20}