{"gold_per_floor":[112,112,25,39,53,80,80,114,140,150,177,177,201,234,234,307,307,327,21,31,31,31,57,57,84,84,116,116,116,126,41,41,41],"floor_reached":33,"playtime":3117,"items_purged":["Entrench"],"score":808,"play_id":"bc1d1359-acd6-4808-9852-7020fc1eeb47","local_time":"20190512150757","is_ascension_mode":true,"campfire_choices":[{"floor":7,"key":"REST"},{"floor":15,"key":"REST"},{"floor":24,"key":"REST"},{"floor":28,"key":"REST"},{"floor":32,"key":"REST"}],"neow_cost":"NONE","seed_source_timestamp":93644198348821,"circlet_count":0,"master_deck":["AscendersBane","Bash+1","Inflame","Inflame","Thunderclap","Headbutt","Feed","Carnage","Immolate","Immolate","Intimidate","Bloodletting","Dual Wield","Dark Embrace","Corruption","Fiend Fire","Juggernaut","Limit Break","Sentinel","Shrug It Off","Seeing Red","Offering","Havoc+1","Shrug It Off","Double Tap"],"relics":["Burning Blood","NeowsBlessing","War Paint","Bag of Marbles","Juzu Bracelet","Pocketwatch","Odd Mushroom","Regal Pillow","Pandora\u0027s Box","Lee\u0027s Waffle","Bag of Preparation","Dream Catcher","Mango","Ornamental Fan"],"potions_floor_usage":[6,6,8,13,16,25,27,33],"damage_taken":[{"damage":0,"enemies":"2 Louse","floor":1,"turns":1},{"damage":0,"enemies":"Small Slimes","floor":4,"turns":1},{"damage":0,"enemies":"Cultist","floor":5,"turns":1},{"damage":20,"enemies":"3 Sentries","floor":6,"turns":5},{"damage":20,"enemies":"Lagavulin","floor":8,"turns":7},{"damage":12,"enemies":"Looter","floor":10,"turns":5},{"damage":32,"enemies":"3 Sentries","floor":11,"turns":7},{"damage":16,"enemies":"The Mushroom Lair","floor":13,"turns":3},{"damage":24,"enemies":"Lagavulin","floor":14,"turns":6},{"damage":0,"enemies":"Slime Boss","floor":16,"turns":5},{"damage":47,"enemies":"2 Thieves","floor":18,"turns":3},{"damage":38,"enemies":"Shell Parasite","floor":20,"turns":3},{"damage":10,"enemies":"Gremlin Leader","floor":23,"turns":4},{"damage":74,"enemies":"Book of Stabbing","floor":25,"turns":5},{"damage":20,"enemies":"Slavers","floor":27,"turns":2},{"damage":28,"enemies":"Centurion and Healer","floor":30,"turns":5},{"damage":80,"enemies":"Collector","floor":33,"turns":6}],"seed_played":"2011817688411244561","potions_obtained":[{"floor":1,"key":"AttackPotion"},{"floor":5,"key":"FearPotion"},{"floor":6,"key":"SpeedPotion"},{"floor":11,"key":"Ancient Potion"},{"floor":14,"key":"Fire Potion"},{"floor":20,"key":"LiquidBronze"},{"floor":25,"key":"Energy Potion"},{"floor":30,"key":"Block Potion"}],"is_trial":false,"path_per_floor":["M","?","$","M","M","E","R","E","T","M","E","?","?","E","R","B",null,"M","$","M","?","?","E","R","E","T","E","R","?","M","?","R","B"],"character_chosen":"IRONCLAD","items_purchased":["Inflame","Lee\u0027s Waffle"],"campfire_rested":5,"item_purchase_floors":[3,19],"current_hp_per_floor":[74,51,51,57,63,49,71,60,60,57,34,34,27,9,50,59,82,41,97,65,65,51,47,91,26,26,29,79,43,21,21,72,0],"gold":41,"neow_bonus":"THREE_ENEMY_KILL","is_prod":false,"is_daily":false,"chose_seed":false,"campfire_upgraded":0,"win_rate":0,"timestamp":1557666477,"path_taken":["M","?","$","M","M","E","R","E","T","M","E","?","?","E","R","BOSS","M","$","M","?","?","E","R","E","T","E","R","?","M","?","R","BOSS"],"build_version":"2019-01-23","purchased_purges":1,"victory":false,"max_hp_per_floor":[75,75,75,75,75,75,75,78,78,81,84,84,87,87,87,90,90,90,97,97,97,97,97,97,100,100,117,117,122,122,122,122,122],"card_choices":[{"not_picked":["Heavy Blade","True Grit"],"picked":"Inflame","floor":1},{"not_picked":["Clothesline","Shrug It Off"],"picked":"Thunderclap","floor":4},{"not_picked":["Body Slam","Flex"],"picked":"Headbutt","floor":5},{"not_picked":["Thunderclap","Anger"],"picked":"Feed","floor":6},{"not_picked":["Warcry","Iron Wave","Clash"],"picked":"SKIP","floor":8},{"not_picked":["Entrench","Havoc","Warcry"],"picked":"SKIP","floor":10},{"not_picked":["Bludgeon","Rage"],"picked":"Carnage","floor":11},{"not_picked":["Clothesline","True Grit"],"picked":"Immolate","floor":14},{"not_picked":["Impervious","Bludgeon"],"picked":"Immolate","floor":16},{"not_picked":["Anger","Headbutt+1","Havoc"],"picked":"SKIP","floor":18},{"not_picked":["Anger","Limit Break"],"picked":"Sentinel","floor":20},{"not_picked":["Dropkick","Pommel Strike"],"picked":"Shrug It Off","floor":23},{"not_picked":["Searing Blow","Cleave"],"picked":"Seeing Red","floor":25},{"not_picked":["Armaments","Thunderclap"],"picked":"Offering","floor":27},{"not_picked":["Entrench","Thunderclap"],"picked":"Havoc+1","floor":28},{"not_picked":["Cleave","Sever Soul"],"picked":"Shrug It Off","floor":30},{"not_picked":["Anger+1","Flex"],"picked":"Double Tap","floor":32}],"player_experience":2659729,"relics_obtained":[{"floor":6,"key":"War Paint"},{"floor":8,"key":"Bag of Marbles"},{"floor":9,"key":"Juzu Bracelet"},{"floor":11,"key":"Pocketwatch"},{"floor":13,"key":"Odd Mushroom"},{"floor":14,"key":"Regal Pillow"},{"floor":23,"key":"Bag of Preparation"},{"floor":25,"key":"Dream Catcher"},{"floor":27,"key":"Mango"}],"event_choices":[{"damage_healed":0,"gold_gain":0,"player_choice":"Entered Light","damage_taken":23,"max_hp_gain":0,"max_hp_loss":0,"event_name":"Shining Light","floor":2,"gold_loss":0,"cards_upgraded":["Strike_R","Strike_R"]},{"damage_healed":0,"gold_gain":0,"player_choice":"Grow","damage_taken":0,"max_hp_gain":0,"max_hp_loss":0,"event_name":"Living Wall","floor":12,"gold_loss":0,"cards_upgraded":["Bash"]},{"damage_healed":0,"gold_gain":0,"player_choice":"Fought Mushrooms","damage_taken":0,"max_hp_gain":0,"max_hp_loss":0,"event_name":"Mushrooms","floor":13,"gold_loss":0},{"damage_healed":0,"gold_gain":0,"player_choice":"Ignored","damage_taken":0,"max_hp_gain":0,"max_hp_loss":0,"event_name":"Beggar","floor":21,"gold_loss":0},{"damage_healed":0,"gold_gain":0,"player_choice":"Damaged","damage_taken":14,"max_hp_gain":0,"max_hp_loss":0,"event_name":"Wheel of Change","floor":22,"gold_loss":0},{"damage_healed":0,"gold_gain":0,"player_choice":"Shed Blood","damage_taken":41,"max_hp_gain":5,"max_hp_loss":0,"event_name":"Forgotten Altar","floor":29,"gold_loss":0},{"damage_healed":0,"gold_gain":0,"player_choice":"Obtained Relic","damage_taken":0,"relics_obtained":["Ornamental Fan"],"max_hp_gain":0,"max_hp_loss":0,"event_name":"Addict","floor":31,"gold_loss":85}],"is_beta":false,"boss_relics":[{"not_picked":["Busted Crown","Black Blood"],"picked":"Pandora\u0027s Box"}],"items_purged_floors":[19],"is_endless":false,"potions_floor_spawned":[1,5,6,11,14,20,25,30],"killed_by":"Collector","ascension_level":20}