{"gold_per_floor":[113,140,151,167,167,202,226,226,249,249,264,298,277,307,307,405,455,466,466,484,484,189,218,218,250,275,288,288,388,401,114,114,114],"floor_reached":33,"playtime":2724,"items_purged":[],"score":356,"play_id":"06c24e7f-c348-4e61-bc75-ae40c24a488f","local_time":"20190523210745","is_ascension_mode":true,"campfire_choices":[{"floor":10,"key":"REST"},{"data":"Footwork","floor":15,"key":"SMITH"},{"floor":24,"key":"REST"},{"data":"Footwork","floor":32,"key":"SMITH"}],"neow_cost":"NONE","seed_source_timestamp":611598107697006,"circlet_count":0,"master_deck":["Defend_G+1","Defend_G+1","Defend_G+1","Defend_G+1","Defend_G+1","Strike_G+1","Strike_G+1","Strike_G+1","Strike_G+1","Survivor","Neutralize","Flying Knee","Choke+1","Grand Finale","Escape Plan+1","PiercingWail","Footwork+1","Dodge and Roll","Glass Knife","Backflip","Endless Agony+1","PiercingWail","Footwork+1","Concentrate","Choke","Terror","Dodge and Roll+1","Ghostly","Ghostly","Ghostly","Ghostly","Ghostly","Flying Knee"],"relics":["Ring of the Snake","NeowsBlessing","Juzu Bracelet","Ninja Scroll","Odd Mushroom","Potion Belt","Du-Vu Doll","Lantern","Tiny House","PreservedInsect","Orichalcum","Meat on the Bone","Dream Catcher","Pear"],"potions_floor_usage":[6,14,16,18,23,25,25,33,33],"damage_taken":[{"damage":0,"enemies":"Cultist","floor":1,"turns":1},{"damage":0,"enemies":"Small Slimes","floor":3,"turns":1},{"damage":0,"enemies":"Jaw Worm","floor":4,"turns":1},{"damage":22,"enemies":"3 Sentries","floor":6,"turns":7},{"damage":10,"enemies":"The Mushroom Lair","floor":7,"turns":5},{"damage":1,"enemies":"Blue Slaver","floor":11,"turns":2},{"damage":6,"enemies":"Gremlin Nob","floor":12,"turns":3},{"damage":12,"enemies":"3 Sentries","floor":14,"turns":10},{"damage":37,"enemies":"Hexaghost","floor":16,"turns":15},{"damage":6,"enemies":"Shell Parasite","floor":18,"turns":5},{"damage":0,"enemies":"2 Thieves","floor":20,"turns":3},{"damage":43,"enemies":"Gremlin Leader","floor":23,"turns":11},{"damage":37,"enemies":"Slavers","floor":25,"turns":8},{"damage":4,"enemies":"Centurion and Healer","floor":27,"turns":7},{"damage":0,"enemies":"Snake Plant","floor":30,"turns":4},{"damage":44,"enemies":"Automaton","floor":33,"turns":12}],"seed_played":"9193487113577098788","potions_obtained":[{"floor":3,"key":"Fire Potion"},{"floor":7,"key":"Strength Potion"},{"floor":12,"key":"SpeedPotion"},{"floor":14,"key":"Explosive Potion"},{"floor":16,"key":"SpeedPotion"},{"floor":17,"key":"Regen Potion"},{"floor":18,"key":"Weak Potion"},{"floor":30,"key":"Fire Potion"}],"is_trial":false,"path_per_floor":["M","T","M","M","?","E","?","?","T","R","M","E","?","E","R","B",null,"M","?","M","?","$","E","R","E","T","M","?","?","M","$","R","B"],"character_chosen":"THE_SILENT","items_purchased":["PreservedInsect","Footwork","Concentrate","Pear","Strength Potion"],"campfire_rested":2,"item_purchase_floors":[22,22,22,31,31],"current_hp_per_floor":[70,70,70,70,70,48,38,38,38,59,58,52,52,40,40,3,75,69,69,69,69,69,26,48,25,25,33,33,33,33,43,43,0],"gold":114,"neow_bonus":"THREE_ENEMY_KILL","is_prod":false,"is_daily":false,"chose_seed":false,"campfire_upgraded":2,"win_rate":0,"timestamp":1558660065,"path_taken":["M","?","M","M","?","E","?","?","T","R","M","E","?","E","R","BOSS","M","?","M","?","$","E","R","E","T","M","?","?","M","$","R","BOSS"],"build_version":"2019-01-23","purchased_purges":0,"victory":false,"max_hp_per_floor":[70,70,70,70,70,70,70,70,70,70,70,70,70,70,70,70,75,75,75,75,75,75,75,75,75,75,75,37,37,37,47,47,47],"card_choices":[{"not_picked":["Slice","Outmaneuver"],"picked":"Flying Knee","floor":1},{"not_picked":["Bane","Prepared"],"picked":"Choke","floor":3},{"not_picked":["Quick Slash","Bane"],"picked":"Grand Finale","floor":4},{"not_picked":["Venomology","Endless Agony"],"picked":"Escape Plan","floor":6},{"not_picked":["Slice","Deadly Poison"],"picked":"PiercingWail","floor":7},{"not_picked":["Flechettes","Riddle With Holes"],"picked":"Footwork","floor":11},{"not_picked":["Accuracy","Skewer"],"picked":"Dodge and Roll","floor":12},{"not_picked":["Heel Hook","Terror","Eviscerate"],"picked":"SKIP","floor":14},{"not_picked":["Storm of Steel","Tools of the Trade"],"picked":"Glass Knife","floor":16},{"not_picked":["PiercingWail","Outmaneuver"],"picked":"Backflip","floor":17},{"not_picked":["Dagger Throw+1","Leg Sweep"],"picked":"Endless Agony+1","floor":18},{"not_picked":["Eviscerate","Poisoned Stab"],"picked":"PiercingWail","floor":20},{"not_picked":["Deflect","Accuracy+1"],"picked":"Choke","floor":23},{"not_picked":["Catalyst","Accuracy"],"picked":"Terror","floor":25},{"not_picked":["Noxious Fumes+1","Underhanded Strike+1"],"picked":"Dodge and Roll+1","floor":27},{"not_picked":["Outmaneuver","Noxious Fumes"],"picked":"Flying Knee","floor":30}],"player_experience":293178,"relics_obtained":[{"floor":2,"key":"Juzu Bracelet"},{"floor":6,"key":"Ninja Scroll"},{"floor":7,"key":"Odd Mushroom"},{"floor":9,"key":"Potion Belt"},{"floor":12,"key":"Du-Vu Doll"},{"floor":14,"key":"Lantern"},{"floor":23,"key":"Orichalcum"},{"floor":25,"key":"Meat on the Bone"},{"floor":26,"key":"Dream Catcher"}],"event_choices":[{"damage_healed":0,"gold_gain":0,"player_choice":"Grow","damage_taken":0,"max_hp_gain":0,"max_hp_loss":0,"event_name":"Living Wall","floor":5,"gold_loss":0,"cards_upgraded":["Choke"]},{"damage_healed":0,"gold_gain":0,"player_choice":"Fought Mushrooms","damage_taken":0,"max_hp_gain":0,"max_hp_loss":0,"event_name":"Mushrooms","floor":7,"gold_loss":0},{"damage_healed":0,"gold_gain":0,"cards_transformed":["Strike_G"],"player_choice":"Transformed","damage_taken":0,"max_hp_gain":0,"max_hp_loss":0,"event_name":"Transmorgrifier","floor":8,"gold_loss":0,"cards_obtained":["Bane"]},{"damage_healed":0,"gold_gain":0,"player_choice":"Left Gold","damage_taken":0,"max_hp_gain":0,"max_hp_loss":0,"event_name":"World of Goop","floor":13,"gold_loss":21},{"damage_healed":0,"gold_gain":0,"player_choice":"Simplicity","damage_taken":0,"max_hp_gain":0,"max_hp_loss":0,"event_name":"Back to Basics","floor":19,"gold_loss":0,"cards_upgraded":["Defend_G","Defend_G","Defend_G","Defend_G","Defend_G","Strike_G","Strike_G","Strike_G","Strike_G"]},{"cards_removed":["Bane"],"damage_healed":0,"gold_gain":0,"player_choice":"Purged","damage_taken":0,"max_hp_gain":0,"max_hp_loss":0,"event_name":"Purifier","floor":21,"gold_loss":0},{"damage_healed":0,"gold_gain":0,"player_choice":"Became a Ghost","damage_taken":0,"max_hp_gain":0,"max_hp_loss":38,"event_name":"Ghosts","floor":28,"gold_loss":0,"cards_obtained":["Ghostly","Ghostly","Ghostly","Ghostly","Ghostly"]},{"damage_healed":0,"gold_gain":100,"player_choice":"Pray","damage_taken":0,"max_hp_gain":0,"max_hp_loss":0,"event_name":"Golden Shrine","floor":29,"gold_loss":0}],"is_beta":false,"boss_relics":[{"not_picked":["Sozu","Eternal Feather"],"picked":"Tiny House"}],"items_purged_floors":[],"is_endless":false,"potions_floor_spawned":[3,7,12,14,16,18,30],"killed_by":"Automaton","ascension_level":2}