{"gold_per_floor":[117,130,142,155,230,230,230,242,242,242,242,242,242],"floor_reached":13,"playtime":507,"items_purged":[],"score":150,"play_id":"e0b8403f-73a0-4ae3-806f-0acf71d2013c","local_time":"20180906145443","is_ascension_mode":true,"campfire_choices":[{"data":"Neutralize","floor":6.0,"key":"SMITH"},{"floor":12.0,"key":"REST"}],"neow_cost":"TEN_PERCENT_HP_LOSS","seed_source_timestamp":5889142646785,"circlet_count":0,"master_deck":["Defend_G","Defend_G","Defend_G","Defend_G","Defend_G","Strike_G","Strike_G","Strike_G","Strike_G","Strike_G","Survivor","Neutralize+1","AscendersBane","Bullet Time","Flechettes","Dagger Throw","Dodge and Roll"],"special_seed":0,"relics":["Ring of the Snake","Ninja Scroll","Golden Idol"],"potions_floor_usage":[13],"damage_taken":[{"damage":2.0,"enemies":"Small Slimes","floor":1.0,"turns":4.0},{"damage":0.0,"enemies":"2 Louse","floor":2.0,"turns":3.0},{"damage":11.0,"enemies":"Jaw Worm","floor":3.0,"turns":8.0},{"damage":9.0,"enemies":"Red Slaver","floor":4.0,"turns":5.0},{"damage":5.0,"enemies":"Gremlin Gang","floor":8.0,"turns":8.0},{"damage":37,"enemies":"Gremlin Nob","floor":13,"turns":4}],"seed_played":"2257253949811331906","potions_obtained":[{"floor":1.0,"key":"SpeedPotion"},{"floor":2.0,"key":"SpeedPotion"}],"is_trial":false,"path_per_floor":["M","M","M","M","?","R","$","M","T","?","?","R"],"character_chosen":"THE_SILENT","items_purchased":[],"campfire_rested":1,"item_purchase_floors":[],"current_hp_per_floor":[57,57,46,37,26,26,26,21,21,21,21,37,0],"gold":242,"neow_bonus":"THREE_RARE_CARDS","is_prod":false,"is_daily":false,"chose_seed":false,"campfire_upgraded":1,"win_rate":0,"timestamp":1536238483,"path_taken":["M","M","M","M","?","R","$","M","T","?","?","R","E"],"build_version":"2018-09-04-v2","purchased_purges":0,"victory":false,"max_hp_per_floor":[60,60,60,60,60,60,60,60,60,54,54,54,54],"card_choices":[{"not_picked":["Venomology","Malaise"],"picked":"Bullet Time","floor":0.0},{"not_picked":["Concentrate","Finisher","Deflect"],"picked":"SKIP","floor":1.0},{"not_picked":["Slice","Concentrate","Deflect"],"picked":"SKIP","floor":2.0},{"not_picked":["Blur","Concentrate"],"picked":"Flechettes","floor":3.0},{"not_picked":["Underhanded Strike","Outmaneuver"],"picked":"Dagger Throw","floor":4.0},{"not_picked":["Blur","Deadly Poison"],"picked":"Dodge and Roll","floor":8.0}],"player_experience":957793,"relics_obtained":[{"floor":9.0,"key":"Ninja Scroll"}],"event_choices":[{"event_name":"World of Goop","player_choice":"Gather Gold","floor":5.0,"damage_taken":0.0},{"event_name":"Golden Idol","player_choice":"Lose Max HP","floor":10.0,"damage_taken":0.0},{"event_name":"Liars Game","player_choice":"disagreed","floor":11.0,"damage_taken":0.0}],"is_beta":true,"boss_relics":[],"items_purged_floors":[],"is_endless":false,"potions_floor_spawned":[1,2],"killed_by":"Gremlin Nob","ascension_level":20}