{"gold_per_floor":[114,189,91,91,16,41,41,57,114,126,126,157,175,205,205,284,284,298,30,47,60,60,86,86,86,111,111],"floor_reached":27,"playtime":1511,"items_purged":["Regret"],"score":598,"play_id":"55206a84-9e3e-4d2d-85df-d711d756b185","local_time":"20190120210252","is_ascension_mode":true,"campfire_choices":[{"data":"Buffer","floor":11,"key":"SMITH"},{"data":"Chill","floor":15,"key":"SMITH"},{"data":"Biased Cognition","floor":25,"key":"SMITH"}],"neow_cost":"NONE","seed_source_timestamp":160574380798086,"circlet_count":0,"master_deck":["AscendersBane","Strike_B","Strike_B","Strike_B","Strike_B","Defend_B","Defend_B","Defend_B","Defend_B","Zap+1","Dualcast","Compile Driver","Self Repair","Rebound","Buffer+1","Gash","Cold Snap","Chill+1","Glacier","Reboot","Biased Cognition+1","Ball Lightning","Compile Driver+1","Shame","Ghostly","Ghostly","Ghostly"],"relics":["Cracked Core","NeowsBlessing","Pantograph","Bag of Preparation","Tiny Chest","FossilizedHelix","Orichalcum","Runic Dome","Gremlin Horn","StoneCalendar","Blood Vial","Happy Flower"],"potions_floor_usage":[16,27],"damage_taken":[{"damage":0,"enemies":"2 Louse","floor":1,"turns":1},{"damage":0,"enemies":"Gremlin Nob","floor":6,"turns":1},{"damage":0,"enemies":"Jaw Worm","floor":8,"turns":1},{"damage":0,"enemies":"Small Slimes","floor":10,"turns":3},{"damage":17,"enemies":"3 Sentries","floor":12,"turns":10},{"damage":10,"enemies":"Exordium Wildlife","floor":13,"turns":5},{"damage":0,"enemies":"Lagavulin","floor":14,"turns":7},{"damage":2,"enemies":"Slime Boss","floor":16,"turns":10},{"damage":0,"enemies":"Shell Parasite","floor":18,"turns":5},{"damage":0,"enemies":"3 Byrds","floor":20,"turns":5},{"damage":17,"enemies":"Snake Plant","floor":21,"turns":7},{"damage":56,"enemies":"Slavers","floor":23,"turns":6},{"damage":21,"enemies":"Gremlin Leader","floor":27,"turns":6}],"seed_played":"6577908468001435448","potions_obtained":[{"floor":10,"key":"GamblersBrew"},{"floor":12,"key":"EssenceOfSteel"},{"floor":13,"key":"Explosive Potion"},{"floor":14,"key":"SkillPotion"},{"floor":16,"key":"Strength Potion"},{"floor":21,"key":"Energy Potion"}],"is_trial":false,"path_per_floor":["M","?","$","?","$","E","?","M","T","M","R","E","M","E","R","B",null,"M","$","M","M","?","E","?","R","T","E"],"character_chosen":"DEFECT","items_purchased":["Self Repair","Rebound","Gremlin Horn"],"campfire_rested":0,"item_purchase_floors":[3,3,19],"current_hp_per_floor":[64,53,53,53,53,53,53,53,53,60,60,50,47,54,54,71,71,71,71,71,61,61,12,12,12,12,0],"gold":111,"neow_bonus":"THREE_ENEMY_KILL","is_prod":false,"is_daily":false,"chose_seed":false,"campfire_upgraded":3,"win_rate":0,"timestamp":1548014572,"path_taken":["M","?","$","?","$","E","?","?","T","M","R","E","M","E","R","BOSS","M","$","M","M","?","E","?","R","T","E"],"build_version":"2019-01-17v2","purchased_purges":1,"victory":false,"max_hp_per_floor":[71,71,71,71,71,71,71,71,71,71,71,71,71,71,71,71,71,71,71,71,71,71,71,35,35,35,35],"card_choices":[{"not_picked":["Aggregate","Stack"],"picked":"Compile Driver","floor":1},{"not_picked":["Compile Driver","Darkness"],"picked":"Buffer","floor":6},{"not_picked":["Beam Cell","Recycle"],"picked":"Gash","floor":8},{"not_picked":["Reinforced Body","Streamline"],"picked":"Cold Snap","floor":10},{"not_picked":["BootSequence","Recycle"],"picked":"Chill","floor":12},{"not_picked":["Coolheaded","Stack"],"picked":"Glacier","floor":13},{"not_picked":["Hello World","Beam Cell"],"picked":"Reboot","floor":14},{"not_picked":["Core Surge","Multi-Cast"],"picked":"Biased Cognition","floor":16},{"not_picked":["Leap","Gash"],"picked":"Ball Lightning","floor":18},{"not_picked":["Conserve Battery","Leap","Turbo"],"picked":"SKIP","floor":20},{"not_picked":["Static Discharge","Streamline+1"],"picked":"Compile Driver+1","floor":21},{"not_picked":["Turbo+1","Rip and Tear","Streamline"],"picked":"SKIP","floor":23}],"player_experience":1570962,"relics_obtained":[{"floor":6,"key":"Bag of Preparation"},{"floor":9,"key":"Tiny Chest"},{"floor":12,"key":"FossilizedHelix"},{"floor":14,"key":"Orichalcum"},{"floor":23,"key":"Blood Vial"},{"floor":26,"key":"Happy Flower"}],"event_choices":[{"damage_healed":0,"gold_gain":75,"player_choice":"Gather Gold","damage_taken":11,"max_hp_gain":0,"max_hp_loss":0,"event_name":"World of Goop","floor":2,"gold_loss":0},{"damage_healed":0,"gold_gain":0,"player_choice":"Box","damage_taken":0,"relics_obtained":["Pantograph"],"max_hp_gain":0,"max_hp_loss":0,"event_name":"Big Fish","floor":4,"gold_loss":0,"cards_obtained":["Regret"]},{"damage_healed":0,"gold_gain":0,"player_choice":"Grow","damage_taken":0,"max_hp_gain":0,"max_hp_loss":0,"event_name":"Living Wall","floor":7,"gold_loss":0,"cards_upgraded":["Zap"]},{"damage_healed":0,"gold_gain":0,"player_choice":"Stole Relic","damage_taken":0,"relics_obtained":["StoneCalendar"],"max_hp_gain":0,"max_hp_loss":0,"event_name":"Addict","floor":22,"gold_loss":0,"cards_obtained":["Shame"]},{"damage_healed":0,"gold_gain":0,"player_choice":"Became a Ghost","damage_taken":0,"max_hp_gain":0,"max_hp_loss":36,"event_name":"Ghosts","floor":24,"gold_loss":0,"cards_obtained":["Ghostly","Ghostly","Ghostly"]}],"is_beta":false,"boss_relics":[{"not_picked":["Fusion Hammer","Lizard Tail"],"picked":"Runic Dome"}],"items_purged_floors":[5],"is_endless":false,"potions_floor_spawned":[10,12,13,14,16,21],"killed_by":"Gremlin Leader","ascension_level":20}