{"gold_per_floor":[113,127,140,65,22,22,47,47,47,63,63,90,103,117,117,117],"floor_reached":16,"playtime":657,"items_purged":[],"score":274,"play_id":"8f8252b9-942e-4c82-84a2-dfbd88cf6027","local_time":"20190401205434","is_ascension_mode":true,"campfire_choices":[{"data":"Doom and Gloom","floor":6,"key":"SMITH"},{"data":"Zap","floor":8,"key":"SMITH"},{"data":"Doom and Gloom","floor":11,"key":"SMITH"},{"data":"Conserve Battery","floor":15,"key":"SMITH"}],"neow_cost":"NONE","seed_source_timestamp":687615348986248,"circlet_count":0,"master_deck":["AscendersBane","Strike_B","Strike_B","Strike_B","Defend_B","Defend_B","Defend_B","Defend_B","Zap+1","Dualcast","Conserve Battery+1","Doom and Gloom+1","Chaos","Doom and Gloom+1","Stack+1","Recycle+1"],"relics":["Busted Crown","FossilizedHelix","Toxic Egg 2","Regal Pillow"],"potions_floor_usage":[12,12,16],"damage_taken":[{"damage":0,"enemies":"Small Slimes","floor":1,"turns":4},{"damage":0,"enemies":"2 Louse","floor":2,"turns":3},{"damage":2,"enemies":"Jaw Worm","floor":3,"turns":4},{"damage":15,"enemies":"3 Sentries","floor":7,"turns":4},{"damage":5,"enemies":"Gremlin Gang","floor":10,"turns":3},{"damage":0,"enemies":"Lagavulin","floor":12,"turns":4},{"damage":0,"enemies":"Blue Slaver","floor":13,"turns":5},{"damage":0,"enemies":"Looter","floor":14,"turns":2},{"damage":43,"enemies":"Hexaghost","floor":16,"turns":9}],"seed_played":"-1517768649777789458","potions_obtained":[{"floor":3,"key":"FearPotion"},{"floor":7,"key":"Poison Potion"},{"floor":12,"key":"Poison Potion"}],"is_trial":false,"path_per_floor":["M","M","M","?","$","R","E","R","T","M","R","E","M","M","R","B"],"character_chosen":"DEFECT","items_purchased":["Doom and Gloom"],"campfire_rested":0,"item_purchase_floors":[5],"current_hp_per_floor":[64,64,62,62,62,62,47,47,47,42,42,42,42,42,42,0],"gold":117,"neow_bonus":"BOSS_RELIC","is_prod":false,"is_daily":false,"chose_seed":false,"campfire_upgraded":4,"win_rate":0,"timestamp":1554144874,"path_taken":["M","M","M","?","$","R","E","R","T","M","R","E","M","M","R","BOSS"],"build_version":"2019-01-23","purchased_purges":0,"victory":false,"max_hp_per_floor":[71,71,71,71,71,71,71,71,71,71,71,71,71,71,71,71],"card_choices":[{"not_picked":[],"picked":"Conserve Battery","floor":1},{"not_picked":["Heatsinks"],"picked":"SKIP","floor":2},{"not_picked":["Heatsinks"],"picked":"SKIP","floor":3},{"not_picked":[],"picked":"Chaos","floor":7},{"not_picked":[],"picked":"Doom and Gloom","floor":10},{"not_picked":[],"picked":"Stack+1","floor":12},{"not_picked":["Rebound"],"picked":"SKIP","floor":13},{"not_picked":[],"picked":"Recycle+1","floor":14}],"player_experience":2317125,"relics_obtained":[{"floor":7,"key":"FossilizedHelix"},{"floor":9,"key":"Toxic Egg 2"},{"floor":12,"key":"Regal Pillow"}],"event_choices":[{"cards_removed":["Strike_B"],"damage_healed":0,"gold_gain":0,"player_choice":"Card Removal","damage_taken":0,"max_hp_gain":0,"max_hp_loss":0,"event_name":"The Cleric","floor":4,"gold_loss":75}],"is_beta":false,"boss_relics":[],"items_purged_floors":[],"is_endless":false,"potions_floor_spawned":[3,7,12],"killed_by":"Hexaghost","ascension_level":20}