{"gold_per_floor":[99,99,99,99,24,24,24,24,24,24,24,24,24,0,0,0],"floor_reached":16,"playtime":1349,"items_purged":["Strike_R"],"score":163,"play_id":"598d587e-8832-4b6b-ae6f-72b4c0504e99","local_time":"20190520054142","is_ascension_mode":true,"campfire_choices":[{"floor":10,"key":"REST"},{"floor":15,"key":"REST"}],"neow_cost":"NONE","seed_source_timestamp":92344083088425,"circlet_count":0,"master_deck":["Strike_R","Strike_R","Strike_R","Defend_R","Defend_R","Defend_R","Defend_R","Bash","True Grit+1","Feed","Inflame","Uppercut"],"special_seed":0,"relics":["Ectoplasm","Omamori","Art of War","Centennial Puzzle","Oddly Smooth Stone","Self Forming Clay"],"potions_floor_usage":[8,13,13,16],"damage_taken":[{"damage":0.0,"enemies":"Jaw Worm","floor":1.0,"turns":3.0},{"damage":0.0,"enemies":"Cultist","floor":2.0,"turns":2.0},{"damage":0.0,"enemies":"2 Louse","floor":4.0,"turns":4.0},{"damage":46,"enemies":"3 Sentries","floor":6,"turns":14},{"damage":1,"enemies":"Exordium Wildlife","floor":7,"turns":4},{"damage":20,"enemies":"Lagavulin","floor":8,"turns":6},{"damage":25,"enemies":"3 Sentries","floor":11,"turns":10},{"damage":12,"enemies":"Gremlin Nob","floor":13,"turns":3},{"damage":0,"enemies":"Looter","floor":14,"turns":3},{"damage":41,"enemies":"Slime Boss","floor":16,"turns":9}],"seed_played":"-7215213958070789061","potions_obtained":[{"floor":6,"key":"SteroidPotion"},{"floor":8,"key":"LiquidBronze"},{"floor":11,"key":"Regen Potion"},{"floor":14,"key":"PowerPotion"}],"is_trial":false,"path_per_floor":["M","M","?","M","$","E","M","E","T","R","E","?","E","M","R","B"],"character_chosen":"IRONCLAD","items_purchased":[],"campfire_rested":2,"item_purchase_floors":[],"current_hp_per_floor":[80,80,80,80,80,34,36,16,16,40,15,15,12,15,40,0],"gold":0,"neow_bonus":"BOSS_RELIC","is_prod":false,"is_daily":false,"chose_seed":false,"campfire_upgraded":0,"win_rate":0,"timestamp":1558311102,"path_taken":["M","M","?","?","?","E","M","E","T","R","E","?","E","M","R","BOSS"],"build_version":"2019-01-23","purchased_purges":1,"victory":false,"max_hp_per_floor":[80,80,80,80,80,80,83,83,83,83,83,83,83,86,86,86],"card_choices":[{"not_picked":["Body Slam","Flex","Armaments"],"picked":"SKIP","floor":1.0},{"not_picked":["Second Wind","Infernal Blade"],"picked":"True Grit","floor":2.0},{"not_picked":["Perfected Strike","Double Tap","Havoc"],"picked":"SKIP","floor":4.0},{"not_picked":["Shrug It Off","True Grit"],"picked":"Feed","floor":6},{"not_picked":["Thunderclap","Cleave"],"picked":"Inflame","floor":7},{"not_picked":["Thunderclap","Clash","Second Wind"],"picked":"SKIP","floor":8},{"not_picked":["Anger","Clash"],"picked":"Uppercut","floor":11},{"not_picked":["Twin Strike","Perfected Strike","Second Wind"],"picked":"SKIP","floor":13},{"not_picked":["Warcry","Thunderclap","Berserk"],"picked":"SKIP","floor":14}],"player_experience":524270,"relics_obtained":[{"floor":6,"key":"Omamori"},{"floor":8,"key":"Art of War"},{"floor":9,"key":"Centennial Puzzle"},{"floor":11,"key":"Oddly Smooth Stone"},{"floor":13,"key":"Self Forming Clay"}],"event_choices":[{"cards_removed":["Strike_R"],"damage_healed":0.0,"max_hp_gain":0.0,"max_hp_loss":0.0,"gold_gain":0.0,"event_name":"Purifier","player_choice":"Purged","floor":3.0,"gold_loss":0.0,"damage_taken":0.0},{"damage_healed":0,"gold_gain":0,"player_choice":"Grow","damage_taken":0,"max_hp_gain":0,"max_hp_loss":0,"event_name":"Living Wall","floor":12,"gold_loss":0,"cards_upgraded":["True Grit"]}],"is_beta":false,"boss_relics":[],"items_purged_floors":[5],"is_endless":false,"potions_floor_spawned":[6,8,11,14],"killed_by":"Slime Boss","ascension_level":5}