{"gold_per_floor":[113,133,143,159,159,185,185,185],"floor_reached":8,"playtime":349,"items_purged":[],"score":116,"play_id":"4baab3ee-b18e-4b0a-900a-02fa568f325e","local_time":"20190303134541","is_ascension_mode":true,"campfire_choices":[{"data":"Corruption","floor":7,"key":"SMITH"}],"neow_cost":"NONE","seed_source_timestamp":1008565003507747,"circlet_count":0,"master_deck":["AscendersBane","Strike_R","Strike_R","Strike_R","Strike_R+1","Strike_R+1","Defend_R","Defend_R","Defend_R","Defend_R","Bash","Twin Strike","Uppercut","Corruption+1","Inflame"],"relics":["Burning Blood","Juzu Bracelet"],"potions_floor_usage":[6,8,8],"damage_taken":[{"damage":11,"enemies":"Jaw Worm","floor":1,"turns":4},{"damage":0,"enemies":"2 Louse","floor":2,"turns":2},{"damage":10,"enemies":"Small Slimes","floor":3,"turns":3},{"damage":6,"enemies":"2 Fungi Beasts","floor":4,"turns":4},{"damage":6,"enemies":"Gremlin Nob","floor":6,"turns":3},{"damage":50,"enemies":"3 Sentries","floor":8,"turns":7}],"seed_played":"5199075343770160551","potions_obtained":[{"floor":0,"key":"SpeedPotion"},{"floor":0,"key":"EntropicBrew"},{"floor":4,"key":"SteroidPotion"}],"is_trial":false,"path_per_floor":["M","M","M","M","?","E","R","E"],"character_chosen":"IRONCLAD","items_purchased":[],"campfire_rested":0,"item_purchase_floors":[],"current_hp_per_floor":[63,69,65,65,42,42,42,0],"gold":185,"neow_bonus":"THREE_SMALL_POTIONS","is_prod":false,"is_daily":false,"chose_seed":false,"campfire_upgraded":1,"win_rate":0,"timestamp":1551617141,"path_taken":["M","M","M","M","?","E","R","E"],"build_version":"2019-01-23","purchased_purges":0,"victory":false,"max_hp_per_floor":[75,75,75,75,75,75,75,75],"card_choices":[{"not_picked":["Headbutt","Rupture"],"picked":"Twin Strike","floor":1},{"not_picked":["Perfected Strike","Infernal Blade"],"picked":"Uppercut","floor":2},{"not_picked":["Iron Wave","Burning Pact"],"picked":"Corruption","floor":3},{"not_picked":["Searing Blow","Perfected Strike","Clash"],"picked":"SKIP","floor":4},{"not_picked":["Metallicize","Bloodletting"],"picked":"Inflame","floor":6}],"player_experience":1874619,"relics_obtained":[{"floor":6,"key":"Juzu Bracelet"}],"event_choices":[{"damage_healed":0,"gold_gain":0,"player_choice":"Entered Light","damage_taken":23,"max_hp_gain":0,"max_hp_loss":0,"event_name":"Shining Light","floor":5,"gold_loss":0,"cards_upgraded":["Strike_R","Strike_R"]}],"is_beta":false,"boss_relics":[],"items_purged_floors":[],"is_endless":false,"potions_floor_spawned":[3,4],"killed_by":"3 Sentries","ascension_level":20}