{"gold_per_floor":[111,122,122,122,138,138,213,213,240,240,273,273,273,306,306,395,395,413,413,2,2,17,17,42,42,42,42,56,56,56,81,81,171,171,184,58,58,76,0,34,34,53,53,53,53,66,66,85,85,85,85],"floor_reached":52,"playtime":3850,"items_purged":["Strike_G","Strike_G+1"],"score":1747,"play_id":"e36235ff-eb6f-4d21-9345-4a1b7ab4e5be","local_time":"20181122102106","is_ascension_mode":true,"campfire_choices":[{"floor":6.0,"key":"REST"},{"data":"Skewer","floor":8.0,"key":"SMITH"},{"data":"Cloak And Dagger","floor":10.0,"key":"SMITH"},{"data":"Leg Sweep","floor":15.0,"key":"SMITH"},{"data":"Footwork","floor":23.0,"key":"SMITH"},{"data":"Survivor","floor":32.0,"key":"SMITH"},{"floor":41.0,"key":"REST"},{"data":"Backflip","floor":44.0,"key":"SMITH"},{"floor":49.0,"key":"REST"}],"neow_cost":"PERCENT_DAMAGE","seed_source_timestamp":0,"circlet_count":0,"master_deck":["AscendersBane","Defend_G+1","Defend_G+1","Defend_G+1","Defend_G+1","Defend_G+1","Survivor+1","Neutralize+1","Skewer+1","Leg Sweep+1","Calculated Gamble","Cloak And Dagger+1","Terror","Masterful Stab+1","PiercingWail","Unload+1","Footwork+1","Skewer+1","Heel Hook+1","Flechettes+1","Choke+1","Quick Slash+1","Bullet Time","Heel Hook+1","Dagger Spray+1","Quick Slash+1","Backflip+1","Trip","Dodge and Roll+1"],"special_seed":0,"relics":["Ring of the Snake","Ancient Tea Set","Molten Egg 2","Golden Idol","Centennial Puzzle","Snecko Eye","Oddly Smooth Stone","Pantograph","Cursed Key","Red Mask","Anchor"],"potions_floor_usage":[51,51],"damage_taken":[{"damage":0.0,"enemies":"Cultist","floor":1.0,"turns":4.0},{"damage":0.0,"enemies":"Small Slimes","floor":2.0,"turns":3.0},{"damage":0.0,"enemies":"2 Louse","floor":5.0,"turns":3.0},{"damage":5.0,"enemies":"3 Sentries","floor":11.0,"turns":8.0},{"damage":0.0,"enemies":"Lagavulin","floor":14.0,"turns":6.0},{"damage":12.0,"enemies":"The Guardian","floor":16.0,"turns":11.0},{"damage":7.0,"enemies":"Shell Parasite","floor":18.0,"turns":6.0},{"damage":2.0,"enemies":"Colosseum Slavers","floor":19.0,"turns":3.0},{"damage":17.0,"enemies":"Spheric Guardian","floor":22.0,"turns":5.0},{"damage":0.0,"enemies":"Snecko","floor":24.0,"turns":2.0},{"damage":18.0,"enemies":"3 Cultists","floor":28.0,"turns":5.0},{"damage":0.0,"enemies":"Snake Plant","floor":31.0,"turns":3.0},{"damage":32.0,"enemies":"Automaton","floor":33.0,"turns":6.0},{"damage":0.0,"enemies":"3 Shapes","floor":35.0,"turns":3.0},{"damage":1.0,"enemies":"3 Darklings","floor":38.0,"turns":3.0},{"damage":11.0,"enemies":"Giant Head","floor":40.0,"turns":7.0},{"damage":3.0,"enemies":"4 Shapes","floor":42.0,"turns":7.0},{"damage":0.0,"enemies":"Jaw Worm Horde","floor":46.0,"turns":3.0},{"damage":11.0,"enemies":"Spire Growth","floor":48.0,"turns":5.0},{"damage":35,"enemies":"Awakened One","floor":50,"turns":18},{"damage":32,"enemies":"Donu and Deca","floor":51,"turns":14}],"seed_played":"-8886890033809430894","potions_obtained":[{"floor":5.0,"key":"Weak Potion"},{"floor":11.0,"key":"Regen Potion"},{"floor":14.0,"key":"SpeedPotion"},{"floor":16.0,"key":"Energy Potion"},{"floor":24.0,"key":"SneckoOil"},{"floor":33.0,"key":"Explosive Potion"},{"floor":35.0,"key":"LiquidBronze"},{"floor":37.0,"key":"AttackPotion"},{"floor":40.0,"key":"Strength Potion"},{"floor":46.0,"key":"PowerPotion"}],"is_trial":false,"path_per_floor":["M","M","?","?","M","R","?","R","T","R","E","?","?","E","R","B",null,"M","?","$","?","M","R","M","?","T","$","M","?","?","M","R","B",null,"M","$","?","M","?","E","R","M","T","R","?","M","$","M","R","B","B",null],"character_chosen":"THE_SILENT","items_purchased":["Oddly Smooth Stone","Skewer+1","Heel Hook+1","Dagger Spray+1"],"campfire_rested":3,"item_purchase_floors":[20,20,20,36],"current_hp_per_floor":[44,44,24,24,24,43,32,32,32,32,27,27,27,42,42,30,53,46,44,44,44,27,27,27,27,27,27,9,9,9,9,9,2,46,46,46,46,45,45,34,52,49,49,49,49,49,49,38,56,25,18],"gold":85,"neow_bonus":"TRANSFORM_TWO_CARDS","is_prod":false,"is_daily":false,"chose_seed":false,"campfire_upgraded":6,"win_rate":0,"timestamp":1542878466,"path_taken":["M","M","?","?","M","R","?","R","T","R","E","?","?","E","R","BOSS","M","?","$","?","M","R","M","?","T","?","?","?","?","M","R","BOSS","M","$","?","?","?","E","R","M","T","R","?","M","?","M","R","BOSS","BOSS"],"build_version":"2018-11-15","purchased_purges":2,"victory":true,"max_hp_per_floor":[66,66,66,66,66,66,66,66,66,66,66,60,60,60,60,60,60,60,60,60,60,60,60,60,60,60,60,60,60,60,60,60,60,60,60,60,60,60,60,60,60,60,60,60,60,60,60,60,60,60,60],"card_choices":[{"not_picked":["Dagger Throw","Blur"],"picked":"Calculated Gamble","floor":1.0},{"not_picked":["Predator","Eviscerate"],"picked":"Cloak And Dagger","floor":2.0},{"not_picked":["Calculated Gamble","Outmaneuver","Sucker Punch"],"picked":"SKIP","floor":5.0},{"not_picked":["Dagger Throw","Tactician"],"picked":"Masterful Stab","floor":11.0},{"not_picked":["Deadly Poison","Terror"],"picked":"PiercingWail","floor":14.0},{"not_picked":["Night Terror","Doppelganger"],"picked":"Unload+1","floor":16.0},{"not_picked":["Outmaneuver+1","Backflip"],"picked":"Footwork","floor":18.0},{"not_picked":["Distraction","Deflect"],"picked":"Flechettes+1","floor":22.0},{"not_picked":["Dagger Spray+1","Tools of the Trade"],"picked":"Choke+1","floor":24.0},{"not_picked":["Poisoned Stab+1","Deadly Poison","Bane+1"],"picked":"SKIP","floor":28.0},{"not_picked":["Endless Agony+1","Cloak And Dagger"],"picked":"Quick Slash+1","floor":31.0},{"not_picked":["Burst","Unload+1"],"picked":"Bullet Time","floor":33.0},{"not_picked":["Underhanded Strike+1","Reflex"],"picked":"Heel Hook+1","floor":35.0},{"not_picked":["PiercingWail+1","Dagger Spray+1","Concentrate"],"picked":"SKIP","floor":38.0},{"not_picked":["Skewer+1","Terror+1"],"picked":"Quick Slash+1","floor":40.0},{"not_picked":["Blade Dance","Noxious Fumes"],"picked":"Backflip","floor":42.0},{"not_picked":["Finesse","Forethought"],"picked":"Trip","floor":45.0},{"not_picked":["Sucker Punch+1","Blade Dance"],"picked":"Dodge and Roll+1","floor":46.0},{"not_picked":["Concentrate","Dodge and Roll","Expertise"],"picked":"SKIP","floor":48.0}],"player_experience":1078029,"relics_obtained":[{"floor":9.0,"key":"Ancient Tea Set"},{"floor":11.0,"key":"Molten Egg 2"},{"floor":14.0,"key":"Centennial Puzzle"},{"floor":26.0,"key":"Pantograph"},{"floor":40.0,"key":"Anchor"}],"event_choices":[{"damage_healed":0.0,"max_hp_gain":0.0,"max_hp_loss":0.0,"gold_gain":0.0,"event_name":"Shining Light","player_choice":"Entered Light","floor":3.0,"gold_loss":0.0,"damage_taken":20.0,"cards_upgraded":["Strike_G","Neutralize"]},{"damage_healed":0.0,"max_hp_gain":0.0,"max_hp_loss":0.0,"gold_gain":0.0,"cards_transformed":["Strike_G"],"event_name":"Living Wall","player_choice":"Change","floor":4.0,"gold_loss":0.0,"damage_taken":0.0,"cards_obtained":["Terror"]},{"damage_healed":0.0,"max_hp_gain":0.0,"max_hp_loss":0.0,"gold_gain":75.0,"event_name":"World of Goop","player_choice":"Gather Gold","floor":7.0,"gold_loss":0.0,"damage_taken":11.0},{"damage_healed":0.0,"max_hp_gain":0.0,"max_hp_loss":6.0,"gold_gain":0.0,"event_name":"Golden Idol","player_choice":"Lose Max HP","floor":12.0,"gold_loss":0.0,"damage_taken":0.0,"relics_obtained":["Golden Idol"]},{"damage_healed":0.0,"max_hp_gain":0.0,"max_hp_loss":0.0,"gold_gain":0.0,"event_name":"Scrap Ooze","player_choice":"Fled","floor":13.0,"gold_loss":0.0,"damage_taken":0.0},{"damage_healed":0.0,"max_hp_gain":0.0,"max_hp_loss":0.0,"gold_gain":0.0,"event_name":"Colosseum","player_choice":"Fight","floor":19.0,"gold_loss":0.0,"damage_taken":0.0},{"damage_healed":0.0,"max_hp_gain":0.0,"max_hp_loss":0.0,"gold_gain":0.0,"event_name":"Colosseum","player_choice":"Fled From Nobs","floor":19.0,"gold_loss":0.0,"damage_taken":0.0},{"damage_healed":0.0,"max_hp_gain":0.0,"max_hp_loss":0.0,"gold_gain":0.0,"event_name":"Vampires","player_choice":"Ignored","floor":21.0,"gold_loss":0.0,"damage_taken":0.0},{"damage_healed":0.0,"max_hp_gain":0.0,"max_hp_loss":0.0,"gold_gain":0.0,"event_name":"Beggar","player_choice":"Ignored","floor":25.0,"gold_loss":0.0,"damage_taken":0.0},{"damage_healed":0.0,"max_hp_gain":0.0,"max_hp_loss":0.0,"gold_gain":0.0,"event_name":"Cursed Tome","player_choice":"Ignored","floor":29.0,"gold_loss":0.0,"damage_taken":0.0},{"damage_healed":0.0,"max_hp_gain":0.0,"max_hp_loss":0.0,"gold_gain":0.0,"event_name":"Back to Basics","player_choice":"Simplicity","floor":30.0,"gold_loss":0.0,"damage_taken":0.0,"cards_upgraded":["Defend_G","Defend_G","Defend_G","Defend_G","Defend_G"]},{"damage_healed":0.0,"max_hp_gain":0.0,"max_hp_loss":0.0,"gold_gain":0.0,"event_name":"Lab","player_choice":"Got Potions","floor":37.0,"gold_loss":0.0,"damage_taken":0.0},{"damage_healed":0.0,"max_hp_gain":0.0,"max_hp_loss":0.0,"gold_gain":0.0,"event_name":"Tomb of Lord Red Mask","player_choice":"Paid","floor":39.0,"gold_loss":76.0,"damage_taken":0.0,"relics_obtained":["Red Mask"]},{"damage_healed":0.0,"max_hp_gain":0.0,"max_hp_loss":0.0,"gold_gain":0.0,"event_name":"SensoryStone","player_choice":"Memory 1","floor":45.0,"gold_loss":0.0,"damage_taken":0.0}],"is_beta":true,"boss_relics":[{"not_picked":["Tiny House","Ectoplasm"],"picked":"Snecko Eye"},{"not_picked":["Empty Cage","Fusion Hammer"],"picked":"Cursed Key"}],"items_purged_floors":[20,36],"is_endless":false,"potions_floor_spawned":[5,11,14,16,24,33,35,40,42,46],"ascension_level":20}