{"gold_per_floor":[12,30,50,66,80,114,289,301,301,314,343,24,24],"floor_reached":13,"playtime":2946,"items_purged":[],"score":99,"play_id":"62f2607d-c7b6-45e5-9dd2-1c2eb9cca092","local_time":"20190514115150","is_ascension_mode":false,"campfire_choices":[],"neow_cost":"NO_GOLD","seed_source_timestamp":422946418043157,"circlet_count":0,"master_deck":["Defend_G","Defend_G","Defend_G","Defend_G","Defend_G","Strike_G","Strike_G","Strike_G","Strike_G","Strike_G","Survivor","Neutralize","Backflip","Footwork","Dagger Throw","Footwork","Terror","Noxious Fumes","Doubt","Corpse Explosion","Well Laid Plans","Skewer"],"special_seed":0,"relics":["Ring of the Snake","Incense Burner","Bottled Tornado","Strawberry","Ice Cream","Bottled Lightning"],"potions_floor_usage":[13],"damage_taken":[{"damage":4.0,"enemies":"Cultist","floor":1.0,"turns":6.0},{"damage":1.0,"enemies":"Jaw Worm","floor":2.0,"turns":6.0},{"damage":0.0,"enemies":"2 Louse","floor":3.0,"turns":4.0},{"damage":0.0,"enemies":"Blue Slaver","floor":4.0,"turns":6.0},{"damage":5.0,"enemies":"Lots of Slimes","floor":5.0,"turns":9.0},{"damage":25.0,"enemies":"Gremlin Nob","floor":6.0,"turns":4.0},{"damage":0.0,"enemies":"Large Slime","floor":8.0,"turns":8.0},{"damage":4.0,"enemies":"2 Fungi Beasts","floor":10.0,"turns":2.0},{"damage":18.0,"enemies":"3 Sentries","floor":11.0,"turns":5.0},{"damage":21,"enemies":"Gremlin Nob","floor":13,"turns":3}],"seed_played":"-154617934723950076","potions_obtained":[{"floor":4.0,"key":"SmokeBomb"},{"floor":5.0,"key":"GamblersBrew"},{"floor":10.0,"key":"Strength Potion"},{"floor":11.0,"key":"Energy Potion"}],"is_trial":false,"path_per_floor":["M","M","M","M","M","E","?","M","T","M","E","$","E"],"character_chosen":"THE_SILENT","items_purchased":["Bottled Lightning","Skewer"],"campfire_rested":0,"item_purchase_floors":[12,12],"current_hp_per_floor":[66,65,65,65,60,35,35,35,42,38,20,20,0],"gold":24,"neow_bonus":"ONE_RARE_RELIC","is_prod":false,"is_daily":false,"chose_seed":false,"campfire_upgraded":0,"win_rate":0,"timestamp":1557814910,"path_taken":["M","M","?","M","M","E","?","M","T","M","E","$","E"],"build_version":"2019-01-23","purchased_purges":0,"victory":false,"max_hp_per_floor":[70,70,70,70,70,70,70,70,77,77,77,77,77],"card_choices":[{"not_picked":["Bane","Flying Knee"],"picked":"Backflip","floor":1.0},{"not_picked":["Bane","Outmaneuver"],"picked":"Footwork","floor":2.0},{"not_picked":["Bane","Distraction"],"picked":"Dagger Throw","floor":3.0},{"not_picked":["Deadly Poison","Accuracy"],"picked":"Footwork","floor":4.0},{"not_picked":["Underhanded Strike","Masterful Stab"],"picked":"Terror","floor":5.0},{"not_picked":["Blur","Deadly Poison"],"picked":"Noxious Fumes","floor":6.0},{"not_picked":["Prepared","Dodge and Roll"],"picked":"Corpse Explosion","floor":8.0},{"not_picked":["Dagger Spray","Cloak And Dagger"],"picked":"Well Laid Plans","floor":10.0},{"not_picked":["Prepared","Backstab","Terror"],"picked":"SKIP","floor":11.0}],"player_experience":275463,"relics_obtained":[{"floor":6.0,"key":"Bottled Tornado"},{"floor":9.0,"key":"Strawberry"},{"floor":11.0,"key":"Ice Cream"}],"event_choices":[{"damage_healed":0.0,"max_hp_gain":0.0,"max_hp_loss":0.0,"gold_gain":175.0,"event_name":"Liars Game","player_choice":"AGREE","floor":7.0,"gold_loss":0.0,"damage_taken":0.0,"cards_obtained":["Doubt"]}],"is_beta":false,"boss_relics":[],"items_purged_floors":[],"is_endless":false,"potions_floor_spawned":[4,5,10,11],"killed_by":"Gremlin Nob","ascension_level":0}