{"gold_per_floor":[115,133,208,208,133,168,65,90,117,175,175,207,217,252,252,326,326,343,343,358,385,403,403,429,429,429,462,68,93,111,25,25,102,102,115,95,109,9,24,24,56,56,80,80,91,61,92,112,112,112,112],"floor_reached":51,"playtime":6367,"items_purged":["Defend_R","Strike_R"],"score":1548,"play_id":"292aea87-721e-41f8-90dd-fd698a4bc878","local_time":"20190312202812","is_ascension_mode":true,"campfire_choices":[{"data":"Bash","floor":11.0,"key":"SMITH"},{"data":"Cleave","floor":15.0,"key":"SMITH"},{"data":"Immolate","floor":23.0,"key":"SMITH"},{"data":"Ghostly","floor":25.0,"key":"SMITH"},{"data":"Burning Pact","floor":32.0,"key":"SMITH"},{"data":"Double Tap","floor":40.0,"key":"SMITH"},{"data":"Inflame","floor":42.0,"key":"SMITH"},{"floor":44.0,"key":"RECALL"},{"data":"Shrug It Off","floor":49,"key":"SMITH"}],"neow_cost":"NONE","seed_source_timestamp":118060056967,"circlet_count":0,"master_deck":["AscendersBane","Strike_R","Strike_R","Strike_R","Defend_R","Defend_R","Defend_R","Bash+1","Pummel","Rampage","Shrug It Off+1","Carnage","Feed","Sword Boomerang","Cleave+1","Immolate+1","Whirlwind+1","Ghostly+1","Ghostly","Ghostly","Spot Weakness","Armaments+1","Burning Pact+1","Inflame+1","Double Tap+1","Shrug It Off","Intimidate+1"],"special_seed":0,"relics":["Burning Blood","NeowsBlessing","Bronze Scales","Self Forming Clay","Tiny Chest","Centennial Puzzle","Shuriken","Velvet Choker","Red Mask","Pen Nib","Dodecahedron","Molten Egg 2","Vajra","Chemical X","Bird Faced Urn","White Beast Statue","Gambling Chip","Regal Pillow","Pantograph"],"potions_floor_usage":[47,48,50,50],"damage_taken":[{"damage":0.0,"enemies":"Small Slimes","floor":1.0,"turns":1.0},{"damage":0.0,"enemies":"Jaw Worm","floor":2.0,"turns":1.0},{"damage":0.0,"enemies":"3 Sentries","floor":6.0,"turns":2.0},{"damage":25.0,"enemies":"Lagavulin","floor":8.0,"turns":6.0},{"damage":3.0,"enemies":"Gremlin Nob","floor":10.0,"turns":3.0},{"damage":24.0,"enemies":"3 Sentries","floor":12.0,"turns":7.0},{"damage":9.0,"enemies":"2 Louse","floor":13.0,"turns":2.0},{"damage":8.0,"enemies":"Gremlin Nob","floor":14.0,"turns":3.0},{"damage":6.0,"enemies":"Slime Boss","floor":16.0,"turns":6.0},{"damage":25.0,"enemies":"Shell Parasite","floor":18.0,"turns":4.0},{"damage":1.0,"enemies":"Chosen","floor":20.0,"turns":3.0},{"damage":2.0,"enemies":"Masked Bandits","floor":21.0,"turns":2.0},{"damage":4.0,"enemies":"3 Cultists","floor":22.0,"turns":5.0},{"damage":3.0,"enemies":"Book of Stabbing","floor":24.0,"turns":4.0},{"damage":3.0,"enemies":"Gremlin Leader","floor":27.0,"turns":5.0},{"damage":2.0,"enemies":"Book of Stabbing","floor":29.0,"turns":3.0},{"damage":0.0,"enemies":"Centurion and Healer","floor":30.0,"turns":3.0},{"damage":13.0,"enemies":"Automaton","floor":33.0,"turns":8.0},{"damage":4.0,"enemies":"Orb Walker","floor":35.0,"turns":3.0},{"damage":3.0,"enemies":"3 Shapes","floor":37.0,"turns":1.0},{"damage":10.0,"enemies":"3 Darklings","floor":39.0,"turns":2.0},{"damage":16.0,"enemies":"Nemesis","floor":41.0,"turns":5.0},{"damage":21,"enemies":"Maw","floor":45,"turns":5},{"damage":14,"enemies":"Giant Head","floor":47,"turns":7},{"damage":1,"enemies":"Transient","floor":48,"turns":6},{"damage":61,"enemies":"Awakened One","floor":50,"turns":10},{"damage":47,"enemies":"Donu and Deca","floor":51,"turns":6}],"seed_played":"-4885576050599124524","potions_obtained":[{"floor":1.0,"key":"AttackPotion"},{"floor":2.0,"key":"Energy Potion"},{"floor":12.0,"key":"Energy Potion"},{"floor":13.0,"key":"Block Potion"},{"floor":14.0,"key":"Strength Potion"},{"floor":16.0,"key":"LiquidBronze"},{"floor":18.0,"key":"EssenceOfSteel"},{"floor":29.0,"key":"SpeedPotion"},{"floor":35.0,"key":"LiquidBronze"},{"floor":36.0,"key":"SteroidPotion"},{"floor":37.0,"key":"Fire Potion"},{"floor":39.0,"key":"SteroidPotion"},{"floor":41.0,"key":"SteroidPotion"},{"floor":45,"key":"Strength Potion"},{"floor":47,"key":"SneckoOil"},{"floor":48,"key":"SteroidPotion"}],"is_trial":false,"path_per_floor":["M","M","?","?","?","E","$","E","T","E","R","E","M","E","R","B",null,"M","?","M","?","M","R","E","R","T","E","$","E","M","$","R","B",null,"M","?","M","$","M","R","E","R","T","R","M","$","E","M","R","B","B"],"character_chosen":"IRONCLAD","items_purchased":["Shrug It Off","Vajra","Chemical X","Inflame","Shrug It Off"],"campfire_rested":0,"item_purchase_floors":[7,28,28,31,46],"current_hp_per_floor":[74,75,64,64,64,70,70,51,51,54,54,36,36,34,34,34,67,48,39,42,45,48,48,51,51,51,51,51,51,54,54,54,51,56,61,61,61,61,60,60,55,55,55,55,42,42,39,46,46,17,0],"gold":112,"neow_bonus":"THREE_ENEMY_KILL","is_prod":false,"is_daily":false,"chose_seed":false,"campfire_upgraded":8,"win_rate":0,"timestamp":1552418892,"path_taken":["M","M","?","?","?","E","?","E","T","E","R","E","?","E","R","BOSS","M","?","M","?","M","R","E","R","T","E","$","E","M","$","R","BOSS","M","?","?","$","M","R","E","R","T","R","M","$","E","M","R","BOSS","BOSS"],"build_version":"2019-01-23","purchased_purges":2,"victory":false,"max_hp_per_floor":[75,75,75,75,75,75,75,75,75,75,75,75,78,78,78,78,78,78,39,42,45,48,48,51,51,51,51,51,51,54,54,54,58,58,61,61,61,61,64,64,67,67,67,67,67,67,70,70,70,70,70],"card_choices":[{"not_picked":["Blood for Blood","Wild Strike"],"picked":"Pummel","floor":1.0},{"not_picked":["True Grit","Perfected Strike","Warcry"],"picked":"SKIP","floor":2.0},{"not_picked":["Thunderclap","Body Slam"],"picked":"Rampage","floor":6.0},{"not_picked":["Thunderclap","Dropkick"],"picked":"Carnage","floor":8.0},{"not_picked":["Wild Strike","Bloodletting"],"picked":"Feed","floor":10.0},{"not_picked":["Sever Soul","Warcry"],"picked":"Sword Boomerang","floor":12.0},{"not_picked":["Sentinel","Wild Strike"],"picked":"Cleave","floor":13.0},{"not_picked":["Entrench","True Grit","Hemokinesis"],"picked":"SKIP","floor":14.0},{"not_picked":["Double Tap","Berserk"],"picked":"Immolate","floor":16.0},{"not_picked":["Shrug It Off","Cleave"],"picked":"Whirlwind+1","floor":18.0},{"not_picked":["Headbutt","Second Wind","Reckless Charge"],"picked":"SKIP","floor":20.0},{"not_picked":["Wild Strike","Disarm"],"picked":"Spot Weakness","floor":22.0},{"not_picked":["Rupture","Fiend Fire","Sword Boomerang"],"picked":"SKIP","floor":24.0},{"not_picked":["Pummel","Inflame"],"picked":"Armaments+1","floor":27.0},{"not_picked":["Entrench","Rage"],"picked":"Burning Pact","floor":29.0},{"not_picked":["Combust","Dual Wield","Headbutt+1"],"picked":"SKIP","floor":30.0},{"not_picked":["Feed+1","Limit Break"],"picked":"Double Tap","floor":33.0},{"not_picked":["Sentinel","Flex","Sword Boomerang+1"],"picked":"SKIP","floor":35.0},{"not_picked":["Armaments+1","Thunderclap+1","Perfected Strike+1"],"picked":"SKIP","floor":37.0},{"not_picked":["True Grit","Warcry","Rampage+1"],"picked":"SKIP","floor":39.0},{"not_picked":["Iron Wave+1","Whirlwind+1","Twin Strike+1"],"picked":"SKIP","floor":41.0},{"not_picked":["Cleave+1","Anger+1","Twin Strike+1"],"picked":"SKIP","floor":45},{"not_picked":["Double Tap","Perfected Strike+1"],"picked":"Intimidate+1","floor":47},{"not_picked":["Havoc","Clash+1","Seeing Red"],"picked":"SKIP","floor":48}],"player_experience":2002132,"relics_obtained":[{"floor":6.0,"key":"Bronze Scales"},{"floor":8.0,"key":"Self Forming Clay"},{"floor":10.0,"key":"Tiny Chest"},{"floor":12.0,"key":"Centennial Puzzle"},{"floor":14.0,"key":"Shuriken"},{"floor":21.0,"key":"Red Mask"},{"floor":24.0,"key":"Pen Nib"},{"floor":26.0,"key":"Dodecahedron"},{"floor":27.0,"key":"Molten Egg 2"},{"floor":29.0,"key":"Bird Faced Urn"},{"floor":41.0,"key":"Gambling Chip"},{"floor":43.0,"key":"Regal Pillow"},{"floor":47,"key":"Pantograph"}],"event_choices":[{"damage_healed":0.0,"max_hp_gain":0.0,"max_hp_loss":0.0,"gold_gain":75.0,"event_name":"World of Goop","player_choice":"Gather Gold","floor":3.0,"gold_loss":0.0,"damage_taken":11.0},{"damage_healed":0.0,"max_hp_gain":0.0,"max_hp_loss":0.0,"gold_gain":0.0,"event_name":"Liars Game","player_choice":"Ignored","floor":4.0,"gold_loss":0.0,"damage_taken":0.0},{"cards_removed":["Strike_R"],"damage_healed":0.0,"max_hp_gain":0.0,"max_hp_loss":0.0,"gold_gain":0.0,"event_name":"The Cleric","player_choice":"Card Removal","floor":5.0,"gold_loss":75.0,"damage_taken":0.0},{"damage_healed":0.0,"max_hp_gain":0.0,"max_hp_loss":39.0,"gold_gain":0.0,"event_name":"Ghosts","player_choice":"Became a Ghost","floor":19.0,"gold_loss":0.0,"damage_taken":0.0,"cards_obtained":["Ghostly","Ghostly","Ghostly"]},{"damage_healed":0.0,"max_hp_gain":0.0,"max_hp_loss":0.0,"gold_gain":0.0,"event_name":"Masked Bandits","player_choice":"Fought Bandits","floor":21.0,"gold_loss":0.0,"damage_taken":0.0},{"damage_healed":0.0,"max_hp_gain":0.0,"max_hp_loss":0.0,"gold_gain":0.0,"event_name":"The Woman in Blue","player_choice":"Bought 1 Potion","floor":36.0,"gold_loss":0.0,"damage_taken":0.0}],"is_beta":false,"boss_relics":[{"not_picked":["Busted Crown","Empty Cage"],"picked":"Velvet Choker"},{"not_picked":["Black Blood","Snecko Eye"],"picked":"White Beast Statue"}],"items_purged_floors":[7,38],"is_endless":false,"potions_floor_spawned":[1,2,12,13,14,16,18,22,29,30,33,35,37,39,41,45,47,48],"killed_by":"Donu and Deca","ascension_level":20}