{"gold_per_floor":[112,124,138,158,173,198,198,223,223,223,250,250,7,7,7,84,84,95,95,111,111,11,11,27,27,27,27,46,79,94,108,108,181,181,191,26,74,174,0,34,34,68,91,124,124,124,136,12,12,12,12,12,12,12,47,47],"floor_reached":57,"playtime":4204,"items_purged":["Pain","Normality","Injury","Strike_G"],"score":2912,"play_id":"dba39149-ab74-44a2-b9e7-b4ae7b66101e","local_time":"20181122134145","is_ascension_mode":true,"campfire_choices":[{"floor":10.0,"key":"RECALL"},{"data":"Wraith Form v2","floor":12.0,"key":"SMITH"},{"data":"Neutralize","floor":15.0,"key":"SMITH"},{"data":"Footwork","floor":23.0,"key":"SMITH"},{"data":"Wraith Form v2","floor":25.0,"key":"SMITH"},{"data":"Backflip","floor":27.0,"key":"SMITH"},{"data":"Footwork","floor":32.0,"key":"SMITH"},{"data":"Skewer","floor":41.0,"key":"SMITH"},{"data":"Backflip","floor":46.0,"key":"SMITH"},{"data":"Caltrops","floor":49.0,"key":"SMITH"},{"data":"Leg Sweep","floor":53.0,"key":"SMITH"}],"neow_cost":"NONE","seed_source_timestamp":35627465351126,"circlet_count":0,"master_deck":["AscendersBane","Defend_G","Defend_G","Defend_G","Defend_G","Defend_G","Strike_G","Strike_G","Survivor","Neutralize+1","Dash","Backstab","Dash","Riddle With Holes","Skewer+1","Wraith Form v2+1","Footwork+1","Wraith Form v2+1","Leg Sweep+1","RitualDagger","Backflip+1","Terror","Reflex","Footwork+1","Bullet Time","Terror","Dash","Corpse Explosion","Backflip+1","Parasite","Writhe","Caltrops+1","Envenom"],"special_seed":0,"relics":["Cursed Key","Calipers","WarpedTongs","Lantern","Pantograph","Snake Skull","Anchor","Snecko Eye","Thread and Needle","Sozu","Du-Vu Doll","StoneCalendar","Red Mask","Smiling Mask","Bag of Preparation","Pen Nib","Blood Vial"],"potions_floor_usage":[55],"damage_taken":[{"damage":1.0,"enemies":"Cultist","floor":1.0,"turns":5.0},{"damage":0.0,"enemies":"2 Louse","floor":2.0,"turns":2.0},{"damage":0.0,"enemies":"Jaw Worm","floor":3.0,"turns":3.0},{"damage":0.0,"enemies":"2 Fungi Beasts","floor":4.0,"turns":3.0},{"damage":3.0,"enemies":"Looter","floor":5.0,"turns":2.0},{"damage":8.0,"enemies":"Gremlin Nob","floor":6.0,"turns":4.0},{"damage":10.0,"enemies":"3 Sentries","floor":8.0,"turns":6.0},{"damage":14.0,"enemies":"Lagavulin","floor":11.0,"turns":8.0},{"damage":34.0,"enemies":"Hexaghost","floor":16.0,"turns":13.0},{"damage":0.0,"enemies":"Spheric Guardian","floor":18.0,"turns":5.0},{"damage":0.0,"enemies":"3 Byrds","floor":20.0,"turns":5.0},{"damage":0.0,"enemies":"Snecko","floor":24.0,"turns":5.0},{"damage":0.0,"enemies":"Centurion and Healer","floor":28.0,"turns":5.0},{"damage":0.0,"enemies":"Book of Stabbing","floor":29.0,"turns":7.0},{"damage":0.0,"enemies":"Chosen and Byrds","floor":30.0,"turns":4.0},{"damage":3.0,"enemies":"Snake Plant","floor":31.0,"turns":5.0},{"damage":29.0,"enemies":"Automaton","floor":33.0,"turns":16.0},{"damage":0.0,"enemies":"3 Darklings","floor":35.0,"turns":7.0},{"damage":0.0,"enemies":"2 Orb Walkers","floor":37.0,"turns":7.0},{"damage":0.0,"enemies":"Mind Bloom Boss Battle","floor":38.0,"turns":5.0},{"damage":0.0,"enemies":"Giant Head","floor":40.0,"turns":10.0},{"damage":0.0,"enemies":"Reptomancer","floor":42.0,"turns":4.0},{"damage":0.0,"enemies":"Nemesis","floor":44.0,"turns":7.0},{"damage":0.0,"enemies":"Orb Walker","floor":47.0,"turns":3.0},{"damage":9.0,"enemies":"Time Eater","floor":50.0,"turns":15.0},{"damage":15.0,"enemies":"Awakened One","floor":51.0,"turns":15.0},{"damage":17,"enemies":"Shield and Spear","floor":55,"turns":7},{"damage":40,"enemies":"The Heart","floor":56,"turns":8}],"seed_played":"-6792359832311727763","potions_obtained":[{"floor":3.0,"key":"Weak Potion"},{"floor":5.0,"key":"Block Potion"},{"floor":6.0,"key":"FearPotion"},{"floor":8.0,"key":"EssenceOfSteel"},{"floor":11.0,"key":"SpeedPotion"},{"floor":18.0,"key":"Fire Potion"},{"floor":28.0,"key":"SneckoOil"},{"floor":30.0,"key":"SpeedPotion"}],"is_trial":false,"path_per_floor":["M","M","M","M","M","E","?","E","T","R","E","R","$","?","R","B",null,"M","?","M","?","$","R","M","R","T","R","M","E","M","M","R","B",null,"M","$","?","?","?","E","R","E","T","E","?","R","M","$","R","B","B",null,"R","$","E","B",null],"character_chosen":"THE_SILENT","items_purchased":["Anchor","Terror","Caltrops"],"campfire_rested":0,"item_purchase_floors":[13,36,48],"current_hp_per_floor":[58,58,58,58,55,47,47,37,37,37,23,23,23,28,28,19,58,58,52,52,52,52,52,52,52,52,52,52,52,52,49,49,42,64,64,64,64,71,71,71,71,71,71,71,71,71,71,71,71,62,56,67,67,67,50,31],"gold":47,"neow_bonus":"BOSS_RELIC","is_prod":false,"is_daily":false,"chose_seed":false,"campfire_upgraded":10,"win_rate":0,"timestamp":1542890505,"path_taken":["M","M","M","?","?","E","?","E","T","R","E","R","?","?","R","BOSS","M","?","M","?","$","R","M","R","T","R","?","E","M","M","R","BOSS","M","$","?","?","?","E","R","E","T","E","?","R","M","?","R","BOSS","BOSS","R","$","E","BOSS"],"build_version":"2018-11-15","purchased_purges":4,"victory":true,"max_hp_per_floor":[66,66,66,66,66,66,66,66,66,66,66,66,66,71,71,71,71,71,71,71,71,71,71,71,71,71,71,71,71,71,71,71,71,71,71,71,71,71,71,71,71,71,71,71,71,71,71,71,71,71,71,71,71,71,71,71],"card_choices":[{"not_picked":["Poisoned Stab","Outmaneuver"],"picked":"Dash","floor":1.0},{"not_picked":["Caltrops","Bane"],"picked":"Backstab","floor":2.0},{"not_picked":["Dagger Spray","Tactician"],"picked":"Dash","floor":3.0},{"not_picked":["Blade Dance","Acrobatics"],"picked":"Riddle With Holes","floor":4.0},{"not_picked":["Finisher","Outmaneuver"],"picked":"Skewer","floor":5.0},{"not_picked":["Underhanded Strike","Blade Dance","Expertise"],"picked":"SKIP","floor":6.0},{"not_picked":["A Thousand Cuts","Underhanded Strike"],"picked":"Wraith Form v2","floor":8.0},{"not_picked":["Backflip","PiercingWail"],"picked":"Footwork","floor":11.0},{"not_picked":["After Image","Burst"],"picked":"Wraith Form v2","floor":16.0},{"not_picked":["Sucker Punch","Poisoned Stab"],"picked":"Leg Sweep","floor":18.0},{"not_picked":["Cloak And Dagger","Well Laid Plans"],"picked":"Backflip","floor":20.0},{"not_picked":["Flying Knee","Distraction","Blade Dance"],"picked":"SKIP","floor":24.0},{"not_picked":["Flying Knee","Distraction","Blade Dance"],"picked":"SKIP","floor":24.0},{"not_picked":["Flying Knee","Distraction","Blade Dance"],"picked":"SKIP","floor":24.0},{"not_picked":["All Out Attack","Deflect+1"],"picked":"Footwork","floor":28.0},{"not_picked":["Acrobatics","Dagger Throw","Deadly Poison"],"picked":"SKIP","floor":29.0},{"not_picked":["Crippling Poison","Deadly Poison+1","Heel Hook"],"picked":"SKIP","floor":30.0},{"not_picked":["Sucker Punch","Slice","Acrobatics"],"picked":"SKIP","floor":31.0},{"not_picked":["Grand Finale","Glass Knife"],"picked":"Bullet Time","floor":33.0},{"not_picked":["Prepared","Flechettes","Blade Dance"],"picked":"SKIP","floor":35.0},{"not_picked":["Bane","Prepared+1"],"picked":"Dash","floor":37.0},{"not_picked":["PiercingWail","Accuracy+1"],"picked":"Corpse Explosion","floor":40.0},{"not_picked":["PiercingWail","Quick Slash+1"],"picked":"Backflip","floor":42.0},{"not_picked":["All Out Attack","Choke","Sucker Punch+1"],"picked":"SKIP","floor":44.0},{"not_picked":["Outmaneuver+1","Deadly Poison","Dagger Spray+1"],"picked":"SKIP","floor":47.0},{"not_picked":["Bane","Endless Agony"],"picked":"Envenom","floor":55}],"player_experience":1085417,"relics_obtained":[{"floor":6.0,"key":"Calipers"},{"floor":8.0,"key":"Lantern"},{"floor":9.0,"key":"Pantograph"},{"floor":11.0,"key":"Snake Skull"},{"floor":29.0,"key":"Thread and Needle"},{"floor":37.0,"key":"Du-Vu Doll"},{"floor":38.0,"key":"StoneCalendar"},{"floor":40.0,"key":"Smiling Mask"},{"floor":42.0,"key":"Bag of Preparation"},{"floor":43.0,"key":"Pen Nib"},{"floor":55,"key":"Blood Vial"}],"event_choices":[{"damage_healed":0.0,"max_hp_gain":0.0,"max_hp_loss":0.0,"gold_gain":0.0,"event_name":"Accursed Blacksmith","player_choice":"Rummage","floor":7.0,"gold_loss":0.0,"damage_taken":0.0,"relics_obtained":["WarpedTongs"],"cards_obtained":["Pain"]},{"damage_healed":0.0,"max_hp_gain":5.0,"max_hp_loss":0.0,"gold_gain":0.0,"event_name":"Big Fish","player_choice":"Donut","floor":14.0,"gold_loss":0.0,"damage_taken":0.0},{"damage_healed":0.0,"max_hp_gain":0.0,"max_hp_loss":0.0,"gold_gain":0.0,"event_name":"Nest","player_choice":"Joined the Cult","floor":19.0,"gold_loss":0.0,"damage_taken":6.0,"cards_obtained":["RitualDagger"]},{"damage_healed":0.0,"max_hp_gain":0.0,"max_hp_loss":0.0,"gold_gain":0.0,"cards_transformed":["Strike_G","Strike_G"],"event_name":"Drug Dealer","player_choice":"Became Test Subject","floor":21.0,"gold_loss":0.0,"damage_taken":0.0,"cards_obtained":["Terror","Reflex"]},{"damage_healed":0.0,"max_hp_gain":0.0,"max_hp_loss":0.0,"gold_gain":0.0,"event_name":"Mysterious Sphere","player_choice":"Fight","floor":37.0,"gold_loss":0.0,"damage_taken":0.0},{"damage_healed":0.0,"max_hp_gain":0.0,"max_hp_loss":0.0,"gold_gain":0.0,"event_name":"MindBloom","player_choice":"Fight","floor":38.0,"gold_loss":0.0,"damage_taken":0.0},{"damage_healed":0.0,"max_hp_gain":0.0,"max_hp_loss":0.0,"gold_gain":0.0,"event_name":"Tomb of Lord Red Mask","player_choice":"Paid","floor":39.0,"gold_loss":174.0,"damage_taken":0.0,"relics_obtained":["Red Mask"]},{"damage_healed":14.0,"max_hp_gain":0.0,"max_hp_loss":0.0,"gold_gain":0.0,"event_name":"Winding Halls","player_choice":"Writhe","floor":45.0,"gold_loss":0.0,"damage_taken":0.0,"cards_obtained":["Writhe"]}],"is_beta":true,"boss_relics":[{"not_picked":["Velvet Choker","Eternal Feather"],"picked":"Snecko Eye"},{"not_picked":["Lizard Tail","Astrolabe"],"picked":"Sozu"}],"items_purged_floors":[13,22,36,48],"is_endless":false,"potions_floor_spawned":[3,5,6,8,11,18,28,30,38,40,44],"ascension_level":20}