{"gold_per_floor":[115,115,115,40,57,89,89,108,108,108,108,135,150,182,182,255,255,255,255,195,195,195,195,195,195,195,195,195,195,120,120,120,120,120,120,120,120,120,120,120,120,120,120,120,120,120,120,120,120,120,120,120,120,38,38,38],"floor_reached":57,"playtime":2826,"items_purged":["Envenom+1"],"score":3073,"play_id":"6b30ce2d-4d0e-4a06-bd4f-2f52a10ceea0","local_time":"20190525083446","is_ascension_mode":true,"campfire_choices":[{"data":"Burst","floor":7.0,"key":"SMITH"},{"data":"Neutralize","floor":10.0,"key":"SMITH"},{"data":"Catalyst","floor":15.0,"key":"SMITH"},{"data":"Catalyst","floor":23.0,"key":"SMITH"},{"data":"Corpse Explosion","floor":27.0,"key":"SMITH"},{"data":"Deadly Poison","floor":32.0,"key":"SMITH"},{"data":"Bouncing Flask","floor":41.0,"key":"SMITH"},{"data":"Malaise","floor":45.0,"key":"SMITH"},{"floor":49.0,"key":"RECALL"},{"data":"Deadly Poison","floor":53.0,"key":"SMITH"}],"neow_cost":"NONE","seed_source_timestamp":115969357226000,"circlet_count":0,"master_deck":["AscendersBane","Defend_G","Defend_G","Defend_G","Survivor","Neutralize+1","Glass Knife+1","Glass Knife+1","Deadly Poison+1","Burst+1","Bouncing Flask+1","Escape Plan","Catalyst+1","Deadly Poison+1","Corpse Explosion+1","Catalyst+1","Leg Sweep","Calculated Gamble","Backflip","Malaise+1","Well Laid Plans+1","Dark Shackles"],"special_seed":0,"relics":["Astrolabe","Shuriken","Matryoshka","Question Card","Oddly Smooth Stone","Ectoplasm","Red Mask","Bag of Preparation","Pantograph","Pen Nib","Letter Opener","Empty Cage","Incense Burner","Prayer Wheel","The Courier","Juzu Bracelet","Smiling Mask","Ice Cream","Blue Candle","Lantern"],"potions_floor_usage":[56],"damage_taken":[{"damage":4.0,"enemies":"Jaw Worm","floor":1.0,"turns":2.0},{"damage":0.0,"enemies":"2 Louse","floor":5.0,"turns":2.0},{"damage":17.0,"enemies":"3 Sentries","floor":6.0,"turns":14.0},{"damage":0.0,"enemies":"Cultist","floor":8.0,"turns":3.0},{"damage":0.0,"enemies":"Lagavulin","floor":12.0,"turns":6.0},{"damage":1.0,"enemies":"Looter","floor":13.0,"turns":3.0},{"damage":12.0,"enemies":"Gremlin Nob","floor":14.0,"turns":3.0},{"damage":7.0,"enemies":"The Guardian","floor":16.0,"turns":4.0},{"damage":0.0,"enemies":"Chosen","floor":18.0,"turns":3.0},{"damage":8.0,"enemies":"2 Thieves","floor":20.0,"turns":3.0},{"damage":0.0,"enemies":"Masked Bandits","floor":21.0,"turns":2.0},{"damage":0.0,"enemies":"Centurion and Healer","floor":22.0,"turns":3.0},{"damage":4.0,"enemies":"Book of Stabbing","floor":24.0,"turns":2.0},{"damage":0.0,"enemies":"Cultist and Chosen","floor":25.0,"turns":2.0},{"damage":0.0,"enemies":"Gremlin Leader","floor":29.0,"turns":3.0},{"damage":16.0,"enemies":"Shelled Parasite and Fungi","floor":31.0,"turns":3.0},{"damage":14.0,"enemies":"Collector","floor":33.0,"turns":3.0},{"damage":0.0,"enemies":"3 Shapes","floor":35.0,"turns":3.0},{"damage":11.0,"enemies":"2 Orb Walkers","floor":36.0,"turns":2.0},{"damage":0.0,"enemies":"Orb Walker","floor":37.0,"turns":1.0},{"damage":0.0,"enemies":"Giant Head","floor":40.0,"turns":4.0},{"damage":6.0,"enemies":"Nemesis","floor":42.0,"turns":3.0},{"damage":7.0,"enemies":"Giant Head","floor":44.0,"turns":4.0},{"damage":0.0,"enemies":"Mind Bloom Boss Battle","floor":46.0,"turns":2.0},{"damage":0.0,"enemies":"Transient","floor":47.0,"turns":3.0},{"damage":0.0,"enemies":"Nemesis","floor":48.0,"turns":3.0},{"damage":9.0,"enemies":"Time Eater","floor":50.0,"turns":5.0},{"damage":46.0,"enemies":"Awakened One","floor":51.0,"turns":16.0},{"damage":0.0,"enemies":"Shield and Spear","floor":55.0,"turns":3.0},{"damage":46,"enemies":"The Heart","floor":56,"turns":7}],"seed_played":"8706770396344815459","potions_obtained":[{"floor":5.0,"key":"PowerPotion"},{"floor":14.0,"key":"Explosive Potion"},{"floor":22.0,"key":"GhostInAJar"},{"floor":24.0,"key":"Energy Potion"}],"is_trial":false,"path_per_floor":["M","?","?","?","M","E","R","M","T","R","$","E","M","E","R","B",null,"M","?","M","?","M","R","E","M","T","R","?","E","$","M","R","B",null,"M","?","M","?","$","E","R","E","T","E","R","?","M","E","R","B","B",null,"R","$","E","B",null],"character_chosen":"THE_SILENT","items_purchased":["Dark Shackles"],"campfire_rested":0,"item_purchase_floors":[54],"current_hp_per_floor":[55,55,55,55,55,38,38,38,38,38,38,38,37,25,25,18,54,54,54,46,46,46,46,42,42,42,42,42,42,42,26,26,37,59,59,48,48,48,48,48,48,42,42,35,35,60,60,60,60,57,20,55,55,55,55,20],"gold":38,"neow_bonus":"BOSS_RELIC","is_prod":false,"is_daily":false,"chose_seed":false,"campfire_upgraded":9,"win_rate":0,"timestamp":1558766086,"path_taken":["M","?","?","?","?","E","R","M","T","R","$","E","?","E","R","BOSS","M","?","M","?","M","R","E","M","T","R","?","E","$","M","R","BOSS","M","?","M","?","$","E","R","E","T","E","R","?","M","E","R","BOSS","BOSS","R","$","E","BOSS"],"build_version":"2019-05-24v2","purchased_purges":1,"victory":true,"max_hp_per_floor":[66,66,66,66,66,66,66,66,66,66,66,66,66,66,66,66,66,66,66,66,66,66,66,66,66,66,66,66,66,66,66,66,66,66,66,66,66,66,66,66,66,66,66,66,66,66,66,66,66,66,66,66,66,66,66,66],"card_choices":[{"not_picked":["Dagger Throw","Reflex"],"picked":"Deadly Poison","floor":1.0},{"not_picked":["Flying Knee","Dagger Throw","Outmaneuver"],"picked":"SKIP","floor":5.0},{"not_picked":["Infinite Blades","Skewer"],"picked":"Burst","floor":6.0},{"not_picked":["Cloak And Dagger","PiercingWail"],"picked":"Bouncing Flask","floor":8.0},{"not_picked":["Bane","Terror"],"picked":"Escape Plan","floor":12.0},{"not_picked":["Blade Dance","Phantasmal Killer","Dodge and Roll"],"picked":"Catalyst","floor":13.0},{"not_picked":["PiercingWail","Dagger Throw","Blur"],"picked":"Deadly Poison","floor":14.0},{"not_picked":["Die Die Die","Unload","Wraith Form v2"],"picked":"Corpse Explosion","floor":16.0},{"not_picked":["Dagger Throw","Sucker Punch","Tactician"],"picked":"Catalyst","floor":18.0},{"not_picked":["Blade Dance","Dagger Throw+1","Tactician","Distraction"],"picked":"SKIP","floor":20.0},{"not_picked":["Die Die Die","Underhanded Strike","Sucker Punch"],"picked":"Leg Sweep","floor":22.0},{"not_picked":["Flying Knee","Slice","Riddle With Holes","Deflect"],"picked":"SKIP","floor":24.0},{"not_picked":["Acrobatics","Poisoned Stab+1","Flying Knee"],"picked":"Calculated Gamble","floor":25.0},{"not_picked":["Doppelganger","Blade Dance","Terror","Choke"],"picked":"SKIP","floor":29.0},{"not_picked":["Skewer","Underhanded Strike+1","Terror"],"picked":"Backflip","floor":31.0},{"not_picked":["Venomology","Die Die Die","Unload"],"picked":"Malaise","floor":33.0},{"not_picked":["Escape Plan+1","Cloak And Dagger","Bouncing Flask","Dagger Throw"],"picked":"SKIP","floor":35.0},{"not_picked":["Distraction","Acrobatics","Expertise","Dodge and Roll"],"picked":"SKIP","floor":37.0},{"not_picked":["Dodge and Roll","Dagger Spray","Outmaneuver","Bane"],"picked":"SKIP","floor":40.0},{"not_picked":["Sucker Punch","Dash","Skewer+1","Flechettes"],"picked":"SKIP","floor":42.0},{"not_picked":["Distraction+1","Crippling Poison+1","Outmaneuver"],"picked":"Well Laid Plans+1","floor":44.0},{"not_picked":["Heel Hook","Setup","Dash","Prepared"],"picked":"SKIP","floor":47.0},{"not_picked":["Bane","Blade Dance","Underhanded Strike","Finisher+1"],"picked":"SKIP","floor":47.0},{"not_picked":["Storm of Steel","Accuracy+1","Tools of the Trade","Well Laid Plans"],"picked":"SKIP","floor":48.0},{"not_picked":["Setup","Bane","Escape Plan","Acrobatics"],"picked":"SKIP","floor":55.0},{"not_picked":["Setup","Bane","Escape Plan","Acrobatics"],"picked":"SKIP","floor":55.0}],"player_experience":1290776,"relics_obtained":[{"floor":6.0,"key":"Shuriken"},{"floor":9.0,"key":"Matryoshka"},{"floor":12.0,"key":"Question Card"},{"floor":14.0,"key":"Oddly Smooth Stone"},{"floor":21.0,"key":"Red Mask"},{"floor":24.0,"key":"Bag of Preparation"},{"floor":26.0,"key":"Pantograph"},{"floor":26.0,"key":"Pen Nib"},{"floor":29.0,"key":"Letter Opener"},{"floor":36.0,"key":"Incense Burner"},{"floor":40.0,"key":"Prayer Wheel"},{"floor":42.0,"key":"The Courier"},{"floor":43.0,"key":"Juzu Bracelet"},{"floor":44.0,"key":"Smiling Mask"},{"floor":46.0,"key":"Ice Cream"},{"floor":48.0,"key":"Blue Candle"},{"floor":55.0,"key":"Lantern"}],"event_choices":[{"damage_healed":0.0,"max_hp_gain":0.0,"max_hp_loss":0.0,"gold_gain":0.0,"event_name":"Liars Game","player_choice":"Ignored","floor":2.0,"gold_loss":0.0,"damage_taken":0.0},{"cards_removed":["Strike_G"],"damage_healed":0.0,"max_hp_gain":0.0,"max_hp_loss":0.0,"gold_gain":0.0,"event_name":"Living Wall","player_choice":"Forget","floor":3.0,"gold_loss":0.0,"damage_taken":0.0},{"cards_removed":["Strike_G"],"damage_healed":0.0,"max_hp_gain":0.0,"max_hp_loss":0.0,"gold_gain":0.0,"event_name":"The Cleric","player_choice":"Card Removal","floor":4.0,"gold_loss":75.0,"damage_taken":0.0},{"damage_healed":0.0,"max_hp_gain":0.0,"max_hp_loss":0.0,"gold_gain":0.0,"event_name":"Vampires","player_choice":"Ignored","floor":19.0,"gold_loss":0.0,"damage_taken":0.0},{"damage_healed":0.0,"max_hp_gain":0.0,"max_hp_loss":0.0,"gold_gain":0.0,"event_name":"Masked Bandits","player_choice":"Fought Bandits","floor":21.0,"gold_loss":0.0,"damage_taken":0.0},{"damage_healed":0.0,"max_hp_gain":0.0,"max_hp_loss":0.0,"gold_gain":50.0,"event_name":"Nest","player_choice":"Stole From Cult","floor":28.0,"gold_loss":0.0,"damage_taken":0.0},{"damage_healed":0.0,"max_hp_gain":0.0,"max_hp_loss":0.0,"gold_gain":0.0,"event_name":"Mysterious Sphere","player_choice":"Fight","floor":36.0,"gold_loss":0.0,"damage_taken":0.0},{"damage_healed":0.0,"max_hp_gain":0.0,"max_hp_loss":0.0,"gold_gain":222.0,"event_name":"Tomb of Lord Red Mask","player_choice":"Wore Mask","floor":38.0,"gold_loss":0.0,"damage_taken":0.0},{"damage_healed":0.0,"max_hp_gain":0.0,"max_hp_loss":0.0,"gold_gain":0.0,"event_name":"MindBloom","player_choice":"Fight","floor":46.0,"gold_loss":0.0,"damage_taken":0.0}],"is_beta":true,"boss_relics":[{"not_picked":["Velvet Choker","Snecko Eye"],"picked":"Ectoplasm"},{"not_picked":["Eternal Feather","Tiny House"],"picked":"Empty Cage"}],"items_purged_floors":[30],"is_endless":false,"potions_floor_spawned":[5,14,22,24,31,37,40,46,55],"ascension_level":20}