{"gold_per_floor":[112,124,124,49,49,92,92,105,105,125,125,166,1,17,17,110,110,134,150,150],"floor_reached":20,"playtime":3617,"items_purged":["Strike_G"],"score":368,"play_id":"4f219b9e-bc07-42ed-a24c-377dc83bb3e8","local_time":"20190410204255","is_ascension_mode":true,"campfire_choices":[{"data":"Noxious Fumes","floor":7,"key":"SMITH"},{"floor":15,"key":"REST"}],"neow_cost":"NONE","seed_source_timestamp":81951807728461,"circlet_count":0,"master_deck":["AscendersBane","Defend_G","Defend_G","Defend_G","Defend_G","Defend_G","Strike_G","Strike_G","Survivor","Neutralize+1","Poisoned Stab","Noxious Fumes+1","Poisoned Stab","Predator","Bandage Up","Dodge and Roll","Doppelganger","Backstab+1"],"relics":["Ring of the Snake","Regal Pillow","Golden Idol","Pear","Blue Candle","Snake Skull","Black Star"],"potions_floor_usage":[6,12,14,16,19],"damage_taken":[{"damage":6,"enemies":"Jaw Worm","floor":1,"turns":6},{"damage":2,"enemies":"2 Louse","floor":2,"turns":4},{"damage":14,"enemies":"Lagavulin","floor":6,"turns":9},{"damage":0,"enemies":"Cultist","floor":8,"turns":4},{"damage":1,"enemies":"Blue Slaver","floor":10,"turns":5},{"damage":27,"enemies":"3 Sentries","floor":12,"turns":6},{"damage":6,"enemies":"Lots of Slimes","floor":14,"turns":4},{"damage":7,"enemies":"The Guardian","floor":16,"turns":9},{"damage":21,"enemies":"Shell Parasite","floor":18,"turns":7},{"damage":17,"enemies":"3 Byrds","floor":19,"turns":5},{"damage":47,"enemies":"Masked Bandits","floor":20,"turns":3}],"seed_played":"-6932703945206166475","potions_obtained":[{"floor":1,"key":"GhostInAJar"},{"floor":6,"key":"Poison Potion"},{"floor":10,"key":"Dexterity Potion"},{"floor":12,"key":"FearPotion"},{"floor":18,"key":"AttackPotion"}],"is_trial":false,"path_per_floor":["M","M","?","?","?","E","R","M","T","M","?","E","$","M","R","B",null,"M","M","?"],"character_chosen":"THE_SILENT","items_purchased":["Bandage Up"],"campfire_rested":1,"item_purchase_floors":[13],"current_hp_per_floor":[53,51,51,51,51,47,47,47,47,46,46,19,19,17,53,50,65,48,35,0],"gold":150,"neow_bonus":"RANDOM_COMMON_RELIC","is_prod":false,"is_daily":false,"chose_seed":false,"campfire_upgraded":1,"win_rate":0,"timestamp":1554921775,"path_taken":["M","M","?","?","?","E","R","M","T","?","?","E","$","M","R","BOSS","M","?","?"],"build_version":"2019-01-23","purchased_purges":1,"victory":false,"max_hp_per_floor":[66,66,60,60,60,70,70,70,70,70,70,70,70,70,70,70,70,70,70,70],"card_choices":[{"not_picked":["Bouncing Flask","Dagger Throw"],"picked":"Poisoned Stab","floor":1},{"not_picked":["Dodge and Roll","Leg Sweep"],"picked":"Noxious Fumes","floor":2},{"not_picked":["Backstab","Backflip"],"picked":"Poisoned Stab","floor":6},{"not_picked":["Dagger Throw","Reflex","Blade Dance"],"picked":"SKIP","floor":8},{"not_picked":["Escape Plan","Quick Slash"],"picked":"Predator","floor":10},{"not_picked":["Blade Dance","Accuracy","Outmaneuver"],"picked":"SKIP","floor":12},{"not_picked":["Masterful Stab","Skewer"],"picked":"Dodge and Roll","floor":14},{"not_picked":["A Thousand Cuts","Grand Finale"],"picked":"Doppelganger","floor":16},{"not_picked":["All Out Attack","Deadly Poison"],"picked":"Backstab+1","floor":18},{"not_picked":["Dodge and Roll","Finisher","Reflex+1"],"picked":"SKIP","floor":19}],"player_experience":2468874,"relics_obtained":[{"floor":6,"key":"Pear"},{"floor":9,"key":"Blue Candle"},{"floor":12,"key":"Snake Skull"}],"event_choices":[{"damage_healed":0,"gold_gain":0,"player_choice":"Lose Max HP","damage_taken":0,"relics_obtained":["Golden Idol"],"max_hp_gain":0,"max_hp_loss":6,"event_name":"Golden Idol","floor":3,"gold_loss":0},{"cards_removed":["Strike_G"],"damage_healed":0,"gold_gain":0,"player_choice":"Card Removal","damage_taken":0,"max_hp_gain":0,"max_hp_loss":0,"event_name":"The Cleric","floor":4,"gold_loss":75},{"damage_healed":0,"gold_gain":0,"player_choice":"Upgraded","damage_taken":0,"max_hp_gain":0,"max_hp_loss":0,"event_name":"Upgrade Shrine","floor":5,"gold_loss":0,"cards_upgraded":["Neutralize"]},{"cards_removed":["Strike_G"],"damage_healed":0,"gold_gain":0,"player_choice":"Offered Basic","damage_taken":0,"max_hp_gain":0,"max_hp_loss":0,"event_name":"Bonfire Elementals","floor":11,"gold_loss":0},{"damage_healed":0,"gold_gain":0,"player_choice":"Fought Bandits","damage_taken":0,"max_hp_gain":0,"max_hp_loss":0,"event_name":"Masked Bandits","floor":20,"gold_loss":0}],"is_beta":false,"boss_relics":[{"not_picked":["Ring of the Serpent","Velvet Choker"],"picked":"Black Star"}],"items_purged_floors":[13],"is_endless":false,"potions_floor_spawned":[1,6,10,12,18],"killed_by":"Masked Bandits","ascension_level":20}