{"gold_per_floor":[118,193,193,17,28,58,158,191,217,227,227,254,254,265,265,368,368,378,389,389,389],"floor_reached":21,"playtime":2150,"items_purged":["Regret"],"score":278,"play_id":"07ac304b-4958-4c97-ae34-9b8a5f5248d5","local_time":"20190521160955","is_ascension_mode":true,"campfire_choices":[{"data":"Dualcast","floor":11.0,"key":"SMITH"},{"data":"Buffer","floor":13.0,"key":"SMITH"},{"data":"Hologram","floor":15.0,"key":"SMITH"}],"neow_cost":"NONE","seed_source_timestamp":215163672311531,"circlet_count":0,"master_deck":["Strike_B","Strike_B","Strike_B","Strike_B","Defend_B","Defend_B","Defend_B","Defend_B","Zap","Dualcast+1","Conserve Battery","Sunder","Blizzard","Buffer+1","Ball Lightning","Loop","Hologram+1","Machine Learning","Coolheaded"],"special_seed":0,"relics":["Cracked Core","NeowsBlessing","Happy Flower","Regal Pillow","Omamori","Bronze Scales","Bottled Flame","Busted Crown"],"potions_floor_usage":[],"damage_taken":[{"damage":0.0,"enemies":"Cultist","floor":1.0,"turns":1.0},{"damage":0.0,"enemies":"Small Slimes","floor":5.0,"turns":1.0},{"damage":0.0,"enemies":"Gremlin Nob","floor":6.0,"turns":1.0},{"damage":1.0,"enemies":"3 Sentries","floor":8.0,"turns":5.0},{"damage":2.0,"enemies":"Jaw Worm","floor":10.0,"turns":4.0},{"damage":15.0,"enemies":"Lagavulin","floor":12.0,"turns":6.0},{"damage":0.0,"enemies":"Exordium Wildlife","floor":14.0,"turns":2.0},{"damage":18.0,"enemies":"Slime Boss","floor":16.0,"turns":9.0},{"damage":9,"enemies":"Chosen","floor":18,"turns":4},{"damage":0,"enemies":"Spheric Guardian","floor":19,"turns":4}],"seed_played":"-3135916750496876041","potions_obtained":[{"floor":5.0,"key":"Swift Potion"},{"floor":6.0,"key":"Dexterity Potion"},{"floor":14.0,"key":"Explosive Potion"},{"floor":18,"key":"FairyPotion"},{"floor":19,"key":"Fire Potion"}],"is_trial":false,"path_per_floor":["M","?","?","$","M","E","?","E","T","M","R","E","R","M","R","B",null,"M","M","?","$"],"character_chosen":"DEFECT","items_purchased":["EntropicBrew"],"campfire_rested":0,"item_purchase_floors":[4],"current_hp_per_floor":[75,64,64,64,64,64,64,75,75,73,73,58,58,58,58,40,66,57,57,41,41],"gold":389,"neow_bonus":"THREE_ENEMY_KILL","is_prod":false,"is_daily":false,"chose_seed":false,"campfire_upgraded":3,"win_rate":0,"timestamp":1558435195,"path_taken":["M","?","?","$","?","E","?","E","T","?","R","E","R","M","R","BOSS","M","M","?","$"],"build_version":"2019-01-23","purchased_purges":1,"victory":false,"max_hp_per_floor":[75,75,75,75,75,75,75,75,75,75,75,75,75,75,75,75,75,75,75,75,75],"card_choices":[{"not_picked":["Beam Cell","Scrape"],"picked":"Conserve Battery","floor":1.0},{"not_picked":["Coolheaded","Redo"],"picked":"Sunder","floor":5.0},{"not_picked":["Barrage","Tempest"],"picked":"Blizzard","floor":6.0},{"not_picked":["Go for the Eyes","Compile Driver"],"picked":"Buffer","floor":8.0},{"not_picked":["Double Energy","Stack"],"picked":"Ball Lightning","floor":10.0},{"not_picked":["Go for the Eyes","Streamline"],"picked":"Loop","floor":12.0},{"not_picked":["Double Energy","Reprogram"],"picked":"Hologram","floor":14.0},{"not_picked":["Buffer","Core Surge"],"picked":"Machine Learning","floor":16.0},{"not_picked":[],"picked":"Coolheaded","floor":18},{"not_picked":["Gash"],"picked":"SKIP","floor":19}],"player_experience":591575,"relics_obtained":[{"floor":6.0,"key":"Regal Pillow"},{"floor":8.0,"key":"Omamori"},{"floor":9.0,"key":"Bronze Scales"},{"floor":12.0,"key":"Bottled Flame"}],"event_choices":[{"damage_healed":0.0,"max_hp_gain":0.0,"max_hp_loss":0.0,"gold_gain":75.0,"event_name":"World of Goop","player_choice":"Gather Gold","floor":2.0,"gold_loss":0.0,"damage_taken":11.0},{"damage_healed":0.0,"max_hp_gain":0.0,"max_hp_loss":0.0,"gold_gain":0.0,"event_name":"Big Fish","player_choice":"Box","floor":3.0,"gold_loss":0.0,"damage_taken":0.0,"relics_obtained":["Happy Flower"],"cards_obtained":["Regret"]},{"damage_healed":0.0,"max_hp_gain":0.0,"max_hp_loss":0.0,"gold_gain":100.0,"event_name":"Wheel of Change","player_choice":"Gold","floor":7.0,"gold_loss":0.0,"damage_taken":0.0},{"damage_healed":0,"gold_gain":0,"player_choice":"Obtained Book","damage_taken":16,"max_hp_gain":0,"max_hp_loss":0,"event_name":"Cursed Tome","floor":20,"gold_loss":0}],"is_beta":false,"boss_relics":[{"not_picked":["Tiny House","Philosopher\u0027s Stone"],"picked":"Busted Crown"}],"items_purged_floors":[4],"is_endless":false,"potions_floor_spawned":[5,6,14,18,19],"ascension_level":5}