{"gold_per_floor":[20,32,32,32,32,32,63,79,156,35,79,99,99,120,120,120],"floor_reached":16,"playtime":946,"items_purged":[],"score":220,"play_id":"e598ad0c-a105-4cf9-8fae-42078d911408","local_time":"20190501213154","is_ascension_mode":true,"campfire_choices":[{"data":"Bash","floor":6,"key":"SMITH"},{"data":"Uppercut","floor":13,"key":"SMITH"},{"data":"Heavy Blade","floor":15,"key":"SMITH"}],"neow_cost":"NO_GOLD","seed_source_timestamp":1901976863861440,"circlet_count":0,"master_deck":["AscendersBane","Strike_R","Strike_R","Strike_R","Defend_R+1","Defend_R","Defend_R","Defend_R","Bash+1","Seeing Red","Intimidate+1","Heavy Blade+1","Cleave","Ghostly Armor","Feed","Feel No Pain","Reaper","Uppercut+1"],"relics":["Burning Blood","Golden Idol","War Paint","Kunai","Vajra","Regal Pillow"],"potions_floor_usage":[1,11,16],"damage_taken":[{"damage":0,"enemies":"2 Louse","floor":1,"turns":4},{"damage":2,"enemies":"Cultist","floor":2,"turns":4},{"damage":57,"enemies":"Lagavulin","floor":7,"turns":10},{"damage":11,"enemies":"Small Slimes","floor":8,"turns":6},{"damage":2,"enemies":"3 Sentries","floor":11,"turns":8},{"damage":12,"enemies":"Gremlin Gang","floor":12,"turns":5},{"damage":2,"enemies":"Blue Slaver","floor":14,"turns":6},{"damage":40,"enemies":"Hexaghost","floor":16,"turns":9}],"seed_played":"6175040274848898863","potions_obtained":[{"floor":1,"key":"Fruit Juice"},{"floor":8,"key":"EssenceOfSteel"},{"floor":14,"key":"EssenceOfSteel"}],"is_trial":false,"path_per_floor":["M","M","?","$","?","R","E","M","T","?","E","M","R","M","R","B"],"character_chosen":"IRONCLAD","items_purchased":[],"campfire_rested":0,"item_purchase_floors":[],"current_hp_per_floor":[79,80,80,80,72,72,21,19,19,19,26,29,29,39,39,0],"gold":120,"neow_bonus":"TRANSFORM_TWO_CARDS","is_prod":false,"is_daily":false,"chose_seed":false,"campfire_upgraded":3,"win_rate":0,"timestamp":1556739114,"path_taken":["M","M","?","?","?","R","E","M","T","?","E","M","R","M","R","BOSS"],"build_version":"2019-01-23","purchased_purges":0,"victory":false,"max_hp_per_floor":[80,80,80,80,72,72,72,75,75,75,78,81,81,84,84,84],"card_choices":[{"not_picked":["Entrench","True Grit"],"picked":"Heavy Blade","floor":1},{"not_picked":["Power Through","Thunderclap"],"picked":"Cleave","floor":2},{"not_picked":["Warcry","Sentinel"],"picked":"Feed","floor":7},{"not_picked":["Havoc","Bloodletting"],"picked":"Feel No Pain","floor":8},{"not_picked":["Disarm","Armaments"],"picked":"Reaper","floor":11},{"not_picked":["Sever Soul","Body Slam"],"picked":"Uppercut","floor":12},{"not_picked":["Fire Breathing","Clothesline","Heavy Blade"],"picked":"SKIP","floor":14}],"player_experience":2623392,"relics_obtained":[{"floor":7,"key":"War Paint"},{"floor":9,"key":"Kunai"},{"floor":11,"key":"Regal Pillow"}],"event_choices":[{"damage_healed":0,"gold_gain":0,"player_choice":"1 cards matched","damage_taken":0,"max_hp_gain":0,"max_hp_loss":0,"event_name":"Match and Keep!","floor":3,"gold_loss":0,"cards_obtained":["Ghostly Armor"]},{"damage_healed":0,"gold_gain":0,"player_choice":"Lose Max HP","damage_taken":0,"relics_obtained":["Golden Idol"],"max_hp_gain":0,"max_hp_loss":8,"event_name":"Golden Idol","floor":5,"gold_loss":0},{"damage_healed":0,"gold_gain":0,"player_choice":"Paid Gold","damage_taken":0,"relics_obtained":["Vajra"],"max_hp_gain":0,"max_hp_loss":0,"event_name":"WeMeetAgain","floor":10,"gold_loss":121}],"is_beta":false,"boss_relics":[],"items_purged_floors":[],"is_endless":false,"potions_floor_spawned":[1,8,14],"killed_by":"Hexaghost","ascension_level":20}