{"gold_per_floor":[19,35,49,59,72,72,101,101,101,154,166,203,215,242,254,341,353,382,19,30,45,45,45,65,81,104,138,138,158,158,172,172,250,250,266,266,163,213,228,256,307,337,418,99,114,134,134,134,134,134,134],"floor_reached":52,"playtime":3709,"items_purged":["Strike_G+1","Strike_G+1"],"score":1833,"play_id":"0feb8a93-0554-4306-9099-ea9d6ba0c5bd","local_time":"20180828094419","is_ascension_mode":true,"campfire_choices":[{"data":"Neutralize","floor":6.0,"key":"SMITH"},{"floor":8.0,"key":"REST"},{"data":"Terror","floor":13.0,"key":"SMITH"},{"data":"Glass Knife","floor":15.0,"key":"SMITH"},{"data":"Wraith Form v2","floor":23.0,"key":"SMITH"},{"data":"Footwork","floor":28.0,"key":"SMITH"},{"data":"Well Laid Plans","floor":30.0,"key":"SMITH"},{"data":"Dash","floor":32.0,"key":"SMITH"},{"data":"Predator","floor":49.0,"key":"SMITH"}],"neow_cost":"NO_GOLD","seed_source_timestamp":100384294577537,"circlet_count":0,"master_deck":["Defend_G+1","Defend_G+1","Defend_G+1","Defend_G+1","Survivor+1","Neutralize+1","AscendersBane","Well Laid Plans+1","Flying Knee","Dodge and Roll+1","Flying Knee+1","Dash+1","Glass Knife+1","Predator","Terror+1","Dagger Spray","Wraith Form v2+1","Footwork+1","Quick Slash","Leg Sweep+1","Dash","Dodge and Roll+1","Acrobatics+1","PiercingWail+1","Night Terror+1","Burst+1","Well Laid Plans","Madness+1","Madness+1","Prepared+1","Backflip+1","Backflip+1","Blur+1","Backstab+1","All Out Attack+1","Burst+1","Predator+1"],"special_seed":0,"relics":["Ring of the Snake","Bag of Marbles","MawBank","Whetstone","Meat on the Bone","Sozu","Mummified Hand","War Paint","Toxic Egg 2","Coffee Dripper","Question Card","Prayer Wheel","Dodecahedron","Ninja Scroll","Anchor","FaceOfCleric"],"potions_floor_usage":[],"damage_taken":[{"damage":1.0,"enemies":"Small Slimes","floor":1.0,"turns":5.0},{"damage":2.0,"enemies":"Cultist","floor":2.0,"turns":5.0},{"damage":0.0,"enemies":"2 Louse","floor":3.0,"turns":2.0},{"damage":17.0,"enemies":"Exordium Thugs","floor":4.0,"turns":8.0},{"damage":0.0,"enemies":"Looter","floor":5.0,"turns":4.0},{"damage":12.0,"enemies":"Lagavulin","floor":7.0,"turns":6.0},{"damage":6.0,"enemies":"Gremlin Nob","floor":10.0,"turns":3.0},{"damage":11.0,"enemies":"Lagavulin","floor":12.0,"turns":5.0},{"damage":0.0,"enemies":"Blue Slaver","floor":14.0,"turns":2.0},{"damage":33.0,"enemies":"Slime Boss","floor":16.0,"turns":8.0},{"damage":0.0,"enemies":"Chosen","floor":18.0,"turns":3.0},{"damage":1.0,"enemies":"3 Byrds","floor":20.0,"turns":6.0},{"damage":2.0,"enemies":"Centurion and Healer","floor":21.0,"turns":6.0},{"damage":0.0,"enemies":"Cultist and Chosen","floor":24.0,"turns":5.0},{"damage":0.0,"enemies":"Snecko","floor":25.0,"turns":3.0},{"damage":10.0,"enemies":"Book of Stabbing","floor":27.0,"turns":6.0},{"damage":0.0,"enemies":"Snake Plant","floor":29.0,"turns":3.0},{"damage":7.0,"enemies":"3 Cultists","floor":31.0,"turns":7.0},{"damage":23.0,"enemies":"Collector","floor":33.0,"turns":11.0},{"damage":0.0,"enemies":"3 Darklings","floor":35.0,"turns":5.0},{"damage":0.0,"enemies":"3 Shapes","floor":39.0,"turns":7.0},{"damage":11.0,"enemies":"Giant Head","floor":40.0,"turns":7.0},{"damage":6.0,"enemies":"Mysterious Sphere","floor":41.0,"turns":5.0},{"damage":10.0,"enemies":"Nemesis","floor":42.0,"turns":7.0},{"damage":0.0,"enemies":"Jaw Worm Horde","floor":45.0,"turns":5.0},{"damage":0.0,"enemies":"Sphere and 2 Shapes","floor":46.0,"turns":4.0},{"damage":13,"enemies":"Donu and Deca","floor":50,"turns":19},{"damage":31,"enemies":"Awakened One","floor":51,"turns":31}],"seed_played":"5322689207583952910","potions_obtained":[{"floor":4.0,"key":"FearPotion"},{"floor":5.0,"key":"SteroidPotion"},{"floor":12.0,"key":"Dexterity Potion"}],"is_trial":false,"path_per_floor":["M","M","M","M","M","R","E","R","T","E","?","E","R","M","R","B",null,"M","$","M","M","?","R","M","M","T","E","R","M","R","M","R","B",null,"M","?","$","?","M","E","?","E","T","$","M","M","?","?","R","B","B"],"character_chosen":"THE_SILENT","items_purchased":["Footwork","Mummified Hand","Prepared+1","Blur+1","Anchor"],"campfire_rested":1,"item_purchase_floors":[19,19,37,44,44],"current_hp_per_floor":[58,56,56,39,39,39,27,46,46,40,33,22,22,34,34,13,53,53,53,52,50,50,50,50,50,50,40,40,40,40,45,45,34,58,58,46,46,46,46,35,41,43,43,43,43,43,43,43,43,43,25],"gold":134,"neow_bonus":"REMOVE_TWO","is_prod":false,"is_daily":false,"chose_seed":false,"campfire_upgraded":8,"win_rate":0,"timestamp":1535442259,"path_taken":["M","M","M","M","M","R","E","R","T","E","?","E","R","M","R","BOSS","M","$","M","M","?","R","?","M","T","E","R","M","R","M","R","BOSS","M","?","$","?","M","E","?","E","T","$","M","?","?","?","R","BOSS","BOSS"],"build_version":"2018-08-23v2","purchased_purges":2,"victory":true,"max_hp_per_floor":[66,66,66,66,66,66,66,66,66,66,66,66,66,66,66,66,66,66,66,66,66,66,66,66,66,66,66,66,66,66,66,66,66,66,66,66,66,66,66,66,66,66,66,66,66,66,66,66,66,67,68],"card_choices":[{"not_picked":["Outmaneuver","Quick Slash"],"picked":"Well Laid Plans","floor":1.0},{"not_picked":["Underhanded Strike","Bane"],"picked":"Flying Knee","floor":2.0},{"not_picked":["Quick Slash","Bane"],"picked":"Dodge and Roll","floor":3.0},{"not_picked":["Distraction","Heel Hook"],"picked":"Flying Knee","floor":4.0},{"not_picked":["Blade Dance","Reflex"],"picked":"Dash","floor":5.0},{"not_picked":["Sucker Punch","A Thousand Cuts"],"picked":"Glass Knife","floor":7.0},{"not_picked":["Blur","Deadly Poison"],"picked":"Predator","floor":10.0},{"not_picked":["Reflex","Acrobatics"],"picked":"Terror","floor":12.0},{"not_picked":["Masterful Stab","Cloak And Dagger"],"picked":"Dagger Spray","floor":14.0},{"not_picked":["Tools of the Trade","Venomology"],"picked":"Wraith Form v2","floor":16.0},{"not_picked":["Blade Dance","Bane","Eviscerate"],"picked":"SKIP","floor":18.0},{"not_picked":["Reflex","Poisoned Stab"],"picked":"Quick Slash","floor":20.0},{"not_picked":["Calculated Gamble","Quick Slash"],"picked":"Leg Sweep+1","floor":21.0},{"not_picked":["Slice","Skewer+1"],"picked":"Dash","floor":24.0},{"not_picked":["Riddle With Holes","Flying Knee"],"picked":"Dodge and Roll+1","floor":25.0},{"not_picked":["Unload","Deadly Poison"],"picked":"Acrobatics","floor":27.0},{"not_picked":["Heel Hook","Dagger Spray+1"],"picked":"PiercingWail+1","floor":29.0},{"not_picked":["Leg Sweep+1","Flying Knee+1"],"picked":"Night Terror+1","floor":31.0},{"not_picked":["Envenom","Venomology+1"],"picked":"Burst+1","floor":33.0},{"not_picked":["Flying Knee","Quick Slash"],"picked":"Well Laid Plans","floor":35.0},{"not_picked":["Dash","Underhanded Strike+1"],"picked":"Backflip+1","floor":39.0},{"not_picked":["Bane","Flying Knee+1","Outmaneuver+1"],"picked":"SKIP","floor":40.0},{"not_picked":["Doppelganger+1","Prepared+1","Setup+1"],"picked":"Backflip+1","floor":42.0},{"not_picked":["Poisoned Stab","Prepared+1","Blade Dance+1"],"picked":"Backstab+1","floor":45.0},{"not_picked":["Endless Agony","Dagger Spray","Caltrops","Calculated Gamble+1"],"picked":"SKIP","floor":45.0},{"not_picked":["Cloak And Dagger+1","Reflex+1","PiercingWail+1"],"picked":"All Out Attack+1","floor":46.0},{"not_picked":["Dagger Spray","Dodge and Roll+1","Acrobatics+1"],"picked":"Burst+1","floor":46.0}],"player_experience":938615,"relics_obtained":[{"floor":7.0,"key":"Bag of Marbles"},{"floor":9.0,"key":"MawBank"},{"floor":10.0,"key":"Whetstone"},{"floor":12.0,"key":"Meat on the Bone"},{"floor":26.0,"key":"War Paint"},{"floor":27.0,"key":"Toxic Egg 2"},{"floor":40.0,"key":"Question Card"},{"floor":41.0,"key":"Prayer Wheel"},{"floor":42.0,"key":"Dodecahedron"},{"floor":43.0,"key":"Ninja Scroll"}],"event_choices":[{"event_name":"Golden Wing","player_choice":"Card Removal","floor":11.0,"damage_taken":0.0},{"event_name":"Back to Basics","player_choice":"Simplicity","floor":22.0,"damage_taken":0.0},{"event_name":"Winding Halls","player_choice":"Embrace Madness","floor":36.0,"damage_taken":0.0},{"event_name":"Golden Shrine","player_choice":"Pray","floor":38.0,"damage_taken":0.0},{"event_name":"Mysterious Sphere","player_choice":"Fight","floor":41.0,"damage_taken":0.0},{"event_name":"FaceTrader","player_choice":"Trade","floor":47.0,"damage_taken":0.0},{"event_name":"Transmorgrifier","player_choice":"Transform","floor":48.0,"damage_taken":0.0}],"is_beta":true,"boss_relics":[{"not_picked":["Busted Crown","Empty Cage"],"picked":"Sozu"},{"not_picked":["Pandora\u0027s Box","Lizard Tail"],"picked":"Coffee Dripper"}],"items_purged_floors":[37,44],"is_endless":false,"potions_floor_spawned":[4,5,12,20,31,33,35,39],"ascension_level":20}