{"gold_per_floor":[113,113,131,151,163,196,196,224,224,174,174],"floor_reached":11,"playtime":635,"items_purged":[],"score":170,"play_id":"17ba66e8-fcf8-4da3-b4cc-e8cb58515f98","local_time":"20190319125220","is_ascension_mode":true,"campfire_choices":[{"floor":7,"key":"REST"}],"neow_cost":"NONE","seed_source_timestamp":319534871605765,"circlet_count":0,"master_deck":["AscendersBane","Strike_B","Strike_B","Strike_B","Defend_B","Defend_B","Defend_B","Defend_B","Zap","Dualcast","Coolheaded","Reinforced Body","Melter","Echo Form","Biased Cognition","Go for the Eyes"],"relics":["Cursed Key","Omamori","Happy Flower"],"potions_floor_usage":[8,11,11],"damage_taken":[{"damage":8,"enemies":"Small Slimes","floor":1,"turns":4},{"damage":2,"enemies":"2 Louse","floor":3,"turns":4},{"damage":7,"enemies":"Jaw Worm","floor":4,"turns":6},{"damage":4,"enemies":"Looter","floor":5,"turns":4},{"damage":7,"enemies":"Lagavulin","floor":6,"turns":7},{"damage":28,"enemies":"3 Sentries","floor":8,"turns":9},{"damage":16,"enemies":"Exordium Thugs","floor":10,"turns":5},{"damage":8,"enemies":"Gremlin Nob","floor":11,"turns":2}],"seed_played":"-9157474833345033459","potions_obtained":[{"floor":3,"key":"GamblersBrew"},{"floor":4,"key":"SneckoOil"},{"floor":5,"key":"FearPotion"},{"floor":10,"key":"SkillPotion"}],"is_trial":false,"path_per_floor":["M","?","M","M","M","E","R","E","T","M","E"],"character_chosen":"DEFECT","items_purchased":[],"campfire_rested":1,"item_purchase_floors":[],"current_hp_per_floor":[56,49,47,40,36,29,50,22,22,6,0],"gold":174,"neow_bonus":"BOSS_RELIC","is_prod":false,"is_daily":false,"chose_seed":false,"campfire_upgraded":0,"win_rate":0,"timestamp":1552996340,"path_taken":["M","?","M","M","M","E","R","E","T","M","E"],"build_version":"2019-01-23","purchased_purges":0,"victory":false,"max_hp_per_floor":[71,71,71,71,71,71,71,71,71,71,71],"card_choices":[{"not_picked":["Hologram","Hello World"],"picked":"Coolheaded","floor":1},{"not_picked":["Darkness","Stack"],"picked":"Reinforced Body","floor":3},{"not_picked":["Sweeping Beam","Compile Driver"],"picked":"Melter","floor":4},{"not_picked":["Capacitor","Rebound"],"picked":"Echo Form","floor":5},{"not_picked":["Cold Snap","Go for the Eyes"],"picked":"Biased Cognition","floor":6},{"not_picked":["Coolheaded","Steam"],"picked":"Go for the Eyes","floor":8},{"not_picked":["Reprogram","Thunder Strike","Barrage"],"picked":"SKIP","floor":10}],"player_experience":2128948,"relics_obtained":[{"floor":6,"key":"Omamori"},{"floor":8,"key":"Happy Flower"}],"event_choices":[{"cards_removed":["Strike_B"],"damage_healed":0,"gold_gain":0,"player_choice":"Card Removal","damage_taken":7,"max_hp_gain":0,"max_hp_loss":0,"event_name":"Golden Wing","floor":2,"gold_loss":0}],"is_beta":false,"boss_relics":[],"items_purged_floors":[],"is_endless":false,"potions_floor_spawned":[3,4,5,10],"killed_by":"Gremlin Nob","ascension_level":20}