{"gold_per_floor":[167,0,12,22,22,53,53,53,53,53,77,77,91,119,119,193,193,213,213,99,148,165,165,197,197,272,284,298,298,325,325,325,325],"floor_reached":33,"playtime":1545,"items_purged":["Strike_B"],"score":582,"play_id":"01d4255b-1ea2-4aaf-9ffa-c49f2239726e","local_time":"20190320220701","is_ascension_mode":true,"campfire_choices":[{"floor":7,"key":"REST"},{"floor":12,"key":"REST"},{"floor":15,"key":"REST"},{"floor":23,"key":"REST"},{"floor":25,"key":"REST"},{"floor":29,"key":"REST"},{"data":"Fusion","floor":32,"key":"SMITH"}],"neow_cost":"NONE","seed_source_timestamp":438247526792173,"circlet_count":0,"master_deck":["AscendersBane","Strike_B+1","Strike_B+1","Defend_B","Defend_B","Defend_B","Defend_B","Zap+1","Dualcast","Gash","Sunder+1","PanicButton","Ball Lightning","Beam Cell","Fusion+1","Electrodynamics","Double Energy","Go for the Eyes","Steam","Ball Lightning+1","Go for the Eyes","Ball Lightning","Echo Form","Ghostly","Ghostly","Ghostly"],"special_seed":0,"relics":["Unceasing Top","Mercury Hourglass","DataDisk","Bronze Scales","Nuclear Battery","Nloth\u0027s Gift","Vajra","Anchor","Matryoshka","Whetstone"],"potions_floor_usage":[16,16,24],"damage_taken":[{"damage":3.0,"enemies":"2 Louse","floor":1.0,"turns":2.0},{"damage":6,"enemies":"Small Slimes","floor":3,"turns":3},{"damage":1,"enemies":"Cultist","floor":4,"turns":4},{"damage":30,"enemies":"Lagavulin","floor":6,"turns":7},{"damage":0,"enemies":"Lots of Slimes","floor":13,"turns":2},{"damage":25,"enemies":"3 Sentries","floor":14,"turns":5},{"damage":36,"enemies":"The Guardian","floor":16,"turns":7},{"damage":35,"enemies":"Shell Parasite","floor":18,"turns":4},{"damage":0,"enemies":"3 Byrds","floor":22,"turns":2},{"damage":45,"enemies":"Slavers","floor":24,"turns":4},{"damage":0,"enemies":"Cultist and Chosen","floor":27,"turns":4},{"damage":0,"enemies":"Centurion and Healer","floor":28,"turns":4},{"damage":28,"enemies":"Gremlin Leader","floor":30,"turns":4},{"damage":74,"enemies":"Automaton","floor":33,"turns":6}],"seed_played":"-8534779596024208198","potions_obtained":[{"floor":0.0,"key":"Dexterity Potion"},{"floor":1.0,"key":"Dexterity Potion"},{"floor":4,"key":"FocusPotion"},{"floor":18,"key":"Explosive Potion"}],"is_trial":false,"path_per_floor":["M","$","M","M","?","E","R","?","T","?","T","R","M","E","R","B",null,"M","?","$","T","M","R","E","R","T","M","M","R","E","?","R","B"],"character_chosen":"DEFECT","items_purchased":["PanicButton","Go for the Eyes","Steam"],"campfire_rested":6,"item_purchase_floors":[2,20,20],"current_hp_per_floor":[66,66,60,59,36,6,28,33,33,26,26,50,50,25,49,13,64,29,29,29,29,29,53,8,32,32,32,32,56,28,28,28,0],"gold":325,"neow_bonus":"BOSS_RELIC","is_prod":false,"is_daily":false,"chose_seed":false,"campfire_upgraded":1,"win_rate":0,"timestamp":1553116021,"path_taken":["M","$","M","M","?","E","R","?","T","?","?","R","M","E","R","BOSS","M","?","$","?","M","R","E","R","T","?","M","R","E","?","R","BOSS"],"build_version":"2019-01-23","purchased_purges":1,"victory":false,"max_hp_per_floor":[76,76,76,76,76,76,76,81,81,81,81,81,81,81,81,81,81,81,81,81,81,81,81,81,81,81,81,81,81,81,40,40,40],"card_choices":[{"not_picked":["Hello World","Heatsinks"],"picked":"Gash","floor":0.0},{"not_picked":["Redo","Streamline"],"picked":"Sunder","floor":1.0},{"not_picked":["Cold Snap","Beam Cell"],"picked":"Ball Lightning","floor":3},{"not_picked":["Turbo","Go for the Eyes"],"picked":"Beam Cell","floor":4},{"not_picked":["Rebound","Darkness","Barrage"],"picked":"SKIP","floor":6},{"not_picked":["Coolheaded","Redo"],"picked":"Fusion","floor":13},{"not_picked":["Force Field","Consume","Compile Driver"],"picked":"SKIP","floor":14},{"not_picked":["Multi-Cast","Echo Form"],"picked":"Electrodynamics","floor":16},{"not_picked":["Skim","White Noise"],"picked":"Double Energy","floor":18},{"not_picked":["Genetic Algorithm","Cold Snap"],"picked":"Ball Lightning","floor":22},{"not_picked":["Turbo","Rebound"],"picked":"Go for the Eyes","floor":24},{"not_picked":["Melter","Storm","Force Field"],"picked":"SKIP","floor":27},{"not_picked":["Stack","Rebound+1"],"picked":"Ball Lightning","floor":28},{"not_picked":["Streamline","Recycle"],"picked":"Echo Form","floor":30}],"player_experience":2158474,"relics_obtained":[{"floor":6,"key":"Unceasing Top"},{"floor":9,"key":"Mercury Hourglass"},{"floor":11,"key":"DataDisk"},{"floor":14,"key":"Bronze Scales"},{"floor":21,"key":"Vajra"},{"floor":24,"key":"Anchor"},{"floor":26,"key":"Matryoshka"},{"floor":30,"key":"Whetstone"}],"event_choices":[{"damage_healed":0,"gold_gain":0,"player_choice":"Entered Light","damage_taken":23,"max_hp_gain":0,"max_hp_loss":0,"event_name":"Shining Light","floor":5,"gold_loss":0,"cards_upgraded":["Strike_B","Strike_B"]},{"damage_healed":0,"gold_gain":0,"player_choice":"Donut","damage_taken":0,"max_hp_gain":5,"max_hp_loss":0,"event_name":"Big Fish","floor":8,"gold_loss":0},{"cards_removed":["Strike_B"],"damage_healed":0,"gold_gain":0,"player_choice":"Card Removal","damage_taken":7,"max_hp_gain":0,"max_hp_loss":0,"event_name":"Golden Wing","floor":10,"gold_loss":0},{"damage_healed":0,"gold_gain":0,"player_choice":"Traded Relic","damage_taken":0,"relics_obtained":["Nloth\u0027s Gift"],"max_hp_gain":0,"max_hp_loss":0,"event_name":"N\u0027loth","floor":19,"relics_lost":["Tiny House"],"gold_loss":0},{"damage_healed":0,"gold_gain":0,"player_choice":"Became a Ghost","damage_taken":0,"max_hp_gain":0,"max_hp_loss":41,"event_name":"Ghosts","floor":31,"gold_loss":0,"cards_obtained":["Ghostly","Ghostly","Ghostly"]}],"is_beta":false,"boss_relics":[{"not_picked":["Lizard Tail","Philosopher\u0027s Stone"],"picked":"Nuclear Battery"}],"items_purged_floors":[2],"is_endless":false,"potions_floor_spawned":[1,4,14,18],"killed_by":"Automaton","ascension_level":20}