{"gold_per_floor":[115,115,25,43,59,59,93,93,120,136,136,168,168,180,180,257,257,272,272,67,67,67,67,60,60,139,167,183,183,210,223,223,302,302,317,317,217,217,237,237],"floor_reached":40,"playtime":3049,"items_purged":["Strike_G","Normality"],"score":914,"play_id":"9ee39140-aaf0-4cd8-b5c3-d0e67178796b","local_time":"20190319213236","is_ascension_mode":true,"campfire_choices":[{"data":"Poisoned Stab","floor":6.0,"key":"SMITH"},{"floor":11.0,"key":"REST"},{"data":"Terror","floor":13.0,"key":"SMITH"},{"data":"Footwork","floor":15.0,"key":"SMITH"},{"data":"Malaise","floor":23.0,"key":"SMITH"},{"data":"Ghostly","floor":29.0,"key":"SMITH"},{"data":"Footwork","floor":32.0,"key":"SMITH"}],"neow_cost":"PERCENT_DAMAGE","seed_source_timestamp":348261589423670,"circlet_count":0,"master_deck":["AscendersBane","Defend_G","Defend_G","Defend_G","Defend_G","Strike_G","Strike_G","Strike_G","Survivor","Neutralize+1","Escape Plan","Well Laid Plans","Poisoned Stab+1","Footwork+1","Backstab","Footwork","Terror+1","Malaise+1","Dodge and Roll","Footwork+1","Backflip","Ghostly","Ghostly","Ghostly+1","Phantasmal Killer","PiercingWail","Injury","Regret","Master of Strategy"],"special_seed":0,"relics":["Ring of the Snake","StoneCalendar","Centennial Puzzle","GremlinMask","Lantern","Regal Pillow","Busted Crown","Mercury Hourglass","Singing Bowl","Mummified Hand","Calling Bell","Anchor","Blue Candle","Calipers"],"potions_floor_usage":[33],"damage_taken":[{"damage":2.0,"enemies":"Cultist","floor":1.0,"turns":5.0},{"damage":0.0,"enemies":"Small Slimes","floor":4.0,"turns":4.0},{"damage":1.0,"enemies":"2 Louse","floor":5.0,"turns":3.0},{"damage":19.0,"enemies":"3 Sentries","floor":7.0,"turns":7.0},{"damage":2.0,"enemies":"2 Fungi Beasts","floor":10.0,"turns":4.0},{"damage":0.0,"enemies":"Lagavulin","floor":12.0,"turns":7.0},{"damage":0.0,"enemies":"Blue Slaver","floor":14.0,"turns":4.0},{"damage":2.0,"enemies":"The Guardian","floor":16.0,"turns":10.0},{"damage":0.0,"enemies":"Spheric Guardian","floor":18.0,"turns":7.0},{"damage":3.0,"enemies":"Colosseum Slavers","floor":19.0,"turns":7.0},{"damage":0.0,"enemies":"2 Thieves","floor":24.0,"turns":4.0},{"damage":6.0,"enemies":"Slavers","floor":27.0,"turns":7.0},{"damage":1.0,"enemies":"Chosen and Byrds","floor":28.0,"turns":7.0},{"damage":1.0,"enemies":"Book of Stabbing","floor":30.0,"turns":7.0},{"damage":7.0,"enemies":"Snecko","floor":31.0,"turns":7.0},{"damage":6,"enemies":"Collector","floor":33,"turns":13},{"damage":6,"enemies":"3 Darklings","floor":35,"turns":7},{"damage":2,"enemies":"Orb Walker","floor":39,"turns":7},{"damage":35,"enemies":"Giant Head","floor":40,"turns":12}],"seed_played":"-7817983215452604737","potions_obtained":[{"floor":5.0,"key":"EntropicBrew"},{"floor":10.0,"key":"GhostInAJar"},{"floor":12.0,"key":"Fire Potion"},{"floor":16.0,"key":"Weak Potion"},{"floor":28.0,"key":"Regen Potion"}],"is_trial":false,"path_per_floor":["M","?","$","M","M","R","E","?","T","M","R","E","R","M","R","B",null,"M","?","$","?","?","R","M","?","T","E","M","R","E","M","R","B",null,"M","?","$","?","M","E"],"character_chosen":"THE_SILENT","items_purchased":["Well Laid Plans","Footwork","Backflip"],"campfire_rested":1,"item_purchase_floors":[3,20,20],"current_hp_per_floor":[42,42,42,42,41,41,22,22,22,20,39,39,39,39,39,37,59,59,56,56,56,33,33,33,33,33,29,30,30,31,26,26,37,42,38,32,32,32,32,0],"gold":237,"neow_bonus":"ONE_RARE_RELIC","is_prod":false,"is_daily":false,"chose_seed":false,"campfire_upgraded":6,"win_rate":0,"timestamp":1553027556,"path_taken":["M","?","$","M","M","R","E","?","T","?","R","E","R","M","R","BOSS","M","?","$","?","?","R","M","?","T","E","M","R","E","M","R","BOSS","M","?","$","?","M","E"],"build_version":"2019-01-23","purchased_purges":2,"victory":false,"max_hp_per_floor":[66,66,66,66,66,66,66,66,66,66,66,66,66,66,66,66,66,66,66,66,66,33,33,33,33,33,35,37,37,39,41,41,43,43,45,49,49,47,49,49],"card_choices":[{"not_picked":["Outmaneuver","Reflex"],"picked":"Escape Plan","floor":1.0},{"not_picked":["Underhanded Strike","Distraction"],"picked":"Poisoned Stab","floor":4.0},{"not_picked":["Caltrops","Acrobatics"],"picked":"Footwork","floor":5.0},{"not_picked":["Finisher","Bane"],"picked":"Backstab","floor":7.0},{"not_picked":["Acrobatics","Eviscerate"],"picked":"Footwork","floor":10.0},{"not_picked":["Slice","Finisher"],"picked":"Terror","floor":12.0},{"not_picked":["Slice","Masterful Stab","Dagger Throw"],"picked":"SKIP","floor":14.0},{"not_picked":["Doppelganger","A Thousand Cuts"],"picked":"Malaise","floor":16.0},{"not_picked":[],"picked":"Dodge and Roll","floor":18.0},{"not_picked":["Underhanded Strike"],"picked":"SKIP","floor":24.0},{"not_picked":["Backstab"],"picked":"Singing Bowl","floor":27.0},{"not_picked":["Prepared"],"picked":"Singing Bowl","floor":28.0},{"not_picked":["Slice"],"picked":"Singing Bowl","floor":30.0},{"not_picked":["Dagger Spray"],"picked":"Singing Bowl","floor":31.0},{"not_picked":["Tools of the Trade"],"picked":"Singing Bowl","floor":33},{"not_picked":["Eviscerate"],"picked":"Singing Bowl","floor":35},{"not_picked":["Jack Of All Trades"],"picked":"Singing Bowl","floor":36},{"not_picked":[],"picked":"Master of Strategy","floor":36},{"not_picked":["Purity"],"picked":"Singing Bowl","floor":36},{"not_picked":["Acrobatics"],"picked":"Singing Bowl","floor":39}],"player_experience":2147929,"relics_obtained":[{"floor":7.0,"key":"Centennial Puzzle"},{"floor":9.0,"key":"Lantern"},{"floor":12.0,"key":"Regal Pillow"},{"floor":26.0,"key":"Mercury Hourglass"},{"floor":27.0,"key":"Singing Bowl"},{"floor":30.0,"key":"Mummified Hand"},{"floor":34,"key":"Anchor"},{"floor":34,"key":"Blue Candle"},{"floor":34,"key":"Calipers"}],"event_choices":[{"damage_healed":0.0,"max_hp_gain":0.0,"max_hp_loss":0.0,"gold_gain":0.0,"event_name":"Living Wall","player_choice":"Grow","floor":2.0,"gold_loss":0.0,"damage_taken":0.0,"cards_upgraded":["Neutralize"]},{"damage_healed":0.0,"max_hp_gain":0.0,"max_hp_loss":0.0,"gold_gain":0.0,"event_name":"FaceTrader","player_choice":"Trade","floor":8.0,"gold_loss":0.0,"damage_taken":0.0,"relics_obtained":["GremlinMask"]},{"damage_healed":0.0,"max_hp_gain":0.0,"max_hp_loss":0.0,"gold_gain":0.0,"event_name":"Colosseum","player_choice":"Fight","floor":19.0,"gold_loss":0.0,"damage_taken":0.0},{"damage_healed":0.0,"max_hp_gain":0.0,"max_hp_loss":0.0,"gold_gain":0.0,"event_name":"Colosseum","player_choice":"Fled From Nobs","floor":19.0,"gold_loss":0.0,"damage_taken":0.0},{"damage_healed":0.0,"max_hp_gain":0.0,"max_hp_loss":0.0,"gold_gain":0.0,"event_name":"Vampires","player_choice":"Ignored","floor":21.0,"gold_loss":0.0,"damage_taken":0.0},{"damage_healed":0.0,"max_hp_gain":0.0,"max_hp_loss":33.0,"gold_gain":0.0,"event_name":"Ghosts","player_choice":"Became a Ghost","floor":22.0,"gold_loss":0.0,"damage_taken":0.0,"cards_obtained":["Ghostly","Ghostly","Ghostly"]},{"damage_healed":0.0,"max_hp_gain":0.0,"max_hp_loss":0.0,"gold_gain":0.0,"cards_transformed":["Defend_G","Strike_G"],"event_name":"Drug Dealer","player_choice":"Became Test Subject","floor":25.0,"gold_loss":0.0,"damage_taken":0.0,"cards_obtained":["Phantasmal Killer","PiercingWail"]},{"damage_healed":0,"gold_gain":0,"player_choice":"Memory 3","damage_taken":10,"max_hp_gain":0,"max_hp_loss":0,"event_name":"SensoryStone","floor":36,"gold_loss":0},{"damage_healed":0,"gold_gain":0,"player_choice":"Max HP","damage_taken":0,"max_hp_gain":0,"max_hp_loss":2,"event_name":"Winding Halls","floor":38,"gold_loss":0}],"is_beta":false,"boss_relics":[{"not_picked":["Runic Pyramid","Empty Cage"],"picked":"Busted Crown"},{"not_picked":["Black Star","Sozu"],"picked":"Calling Bell"}],"items_purged_floors":[20,37],"is_endless":false,"potions_floor_spawned":[5,10,12,16,18,19,28],"killed_by":"Giant Head","ascension_level":20}