{"gold_per_floor":[369,9,24,35,47,47,105,105,105,105,135,149,175,191,191,267,267,280,17,17,67,85,114,114,145,199,199],"floor_reached":27,"playtime":3690,"items_purged":["Strike_R"],"score":592,"play_id":"b301a0a2-339c-41b9-a751-11d871273366","local_time":"20190308205659","is_ascension_mode":true,"campfire_choices":[{"data":"Armaments","floor":6.0,"key":"SMITH"},{"data":"Bash","floor":8.0,"key":"SMITH"},{"data":"Pommel Strike","floor":15.0,"key":"SMITH"},{"floor":24,"key":"REST"}],"neow_cost":"TEN_PERCENT_HP_LOSS","seed_source_timestamp":0,"circlet_count":0,"master_deck":["AscendersBane","Strike_R+1","Strike_R+1","Defend_R+1","Defend_R+1","Defend_R+1","Defend_R+1","Bash+1","Pommel Strike+1","Flex","Feel No Pain","Armaments+1","Shockwave+1","Feed","Inflame","Twin Strike","Inflame","Clothesline","Limit Break+1","Inflame"],"special_seed":0,"relics":["Burning Blood","Potion Belt","Tiny Chest","Paper Frog","Bag of Marbles","Bottled Lightning","Regal Pillow","Empty Cage","Mummified Hand","Pantograph","War Paint","Smiling Mask"],"potions_floor_usage":[22,25,25],"damage_taken":[{"damage":2.0,"enemies":"Cultist","floor":1.0,"turns":4.0},{"damage":7.0,"enemies":"Jaw Worm","floor":3.0,"turns":2.0},{"damage":4.0,"enemies":"Small Slimes","floor":4.0,"turns":5.0},{"damage":12.0,"enemies":"2 Fungi Beasts","floor":5.0,"turns":4.0},{"damage":0.0,"enemies":"Gremlin Nob","floor":7.0,"turns":3.0},{"damage":24.0,"enemies":"Lagavulin","floor":11.0,"turns":8.0},{"damage":6.0,"enemies":"Exordium Wildlife","floor":12.0,"turns":5.0},{"damage":22.0,"enemies":"Gremlin Nob","floor":13.0,"turns":4.0},{"damage":3.0,"enemies":"Looter","floor":14.0,"turns":3.0},{"damage":16.0,"enemies":"The Guardian","floor":16.0,"turns":9.0},{"damage":43.0,"enemies":"2 Thieves","floor":18.0,"turns":4.0},{"damage":5,"enemies":"3 Byrds","floor":22,"turns":3},{"damage":23,"enemies":"Book of Stabbing","floor":23,"turns":5},{"damage":49,"enemies":"Gremlin Leader","floor":25,"turns":7},{"damage":28,"enemies":"3 Cultists","floor":27,"turns":4}],"seed_played":"6169604990992847133","potions_obtained":[{"floor":3.0,"key":"Block Potion"},{"floor":12.0,"key":"LiquidBronze"},{"floor":13.0,"key":"AttackPotion"},{"floor":16.0,"key":"SpeedPotion"},{"floor":22,"key":"Fire Potion"},{"floor":25,"key":"Fire Potion"}],"is_trial":false,"path_per_floor":["M","$","M","M","M","R","E","R","T","T","E","M","E","M","R","B",null,"M","$","?","?","M","E","R","E","T","M"],"character_chosen":"IRONCLAD","items_purchased":["SteroidPotion","Potion Belt","Flex","Mummified Hand"],"campfire_rested":1,"item_purchase_floors":[2,2,2,19],"current_hp_per_floor":[68,68,67,68,62,62,68,68,68,68,54,57,41,47,47,37,68,34,34,34,34,38,21,61,18,18,0],"gold":199,"neow_bonus":"TWO_FIFTY_GOLD","is_prod":false,"is_daily":false,"chose_seed":false,"campfire_upgraded":3,"win_rate":0,"timestamp":1552075019,"path_taken":["M","$","M","M","M","R","E","R","T","?","E","M","E","M","R","BOSS","M","$","?","?","?","E","R","E","T","M"],"build_version":"2019-01-23","purchased_purges":1,"victory":false,"max_hp_per_floor":[68,68,68,68,68,68,68,68,68,68,72,75,75,78,78,78,78,81,81,81,81,84,84,84,84,84,84],"card_choices":[{"not_picked":["Warcry","Wild Strike"],"picked":"Pommel Strike","floor":1.0},{"not_picked":["Iron Wave","Pommel Strike"],"picked":"Feel No Pain","floor":3.0},{"not_picked":["Dropkick","Sword Boomerang"],"picked":"Armaments","floor":4.0},{"not_picked":["Pommel Strike","Thunderclap"],"picked":"Shockwave","floor":5.0},{"not_picked":["Bloodletting","Thunderclap"],"picked":"Feed","floor":7.0},{"not_picked":["Power Through","Fire Breathing"],"picked":"Inflame","floor":11.0},{"not_picked":["Clash","Anger"],"picked":"Twin Strike","floor":12.0},{"not_picked":["Clothesline","Dual Wield"],"picked":"Inflame","floor":13.0},{"not_picked":["Clash","Cleave"],"picked":"Clothesline","floor":14.0},{"not_picked":["Offering","Reaper"],"picked":"Limit Break","floor":16.0},{"not_picked":["Seeing Red","Combust","Armaments"],"picked":"SKIP","floor":18.0},{"not_picked":["Spot Weakness","Iron Wave","Reckless Charge"],"picked":"SKIP","floor":22},{"not_picked":["Cleave","Clothesline","Second Wind+1"],"picked":"SKIP","floor":23},{"not_picked":["Hemokinesis+1","Pummel"],"picked":"Inflame","floor":25}],"player_experience":1911782,"relics_obtained":[{"floor":7.0,"key":"Tiny Chest"},{"floor":9.0,"key":"Paper Frog"},{"floor":10.0,"key":"Bag of Marbles"},{"floor":11.0,"key":"Bottled Lightning"},{"floor":13.0,"key":"Regal Pillow"},{"floor":23,"key":"Pantograph"},{"floor":25,"key":"War Paint"},{"floor":26,"key":"Smiling Mask"}],"event_choices":[{"damage_healed":0.0,"max_hp_gain":0.0,"max_hp_loss":0.0,"gold_gain":0.0,"event_name":"Back to Basics","player_choice":"Simplicity","floor":20.0,"gold_loss":0.0,"damage_taken":0.0,"cards_upgraded":["Strike_R","Strike_R","Defend_R","Defend_R","Defend_R","Defend_R"]},{"damage_healed":0.0,"max_hp_gain":0.0,"max_hp_loss":0.0,"gold_gain":50.0,"event_name":"Golden Shrine","player_choice":"Pray","floor":21.0,"gold_loss":0.0,"damage_taken":0.0}],"is_beta":false,"boss_relics":[{"not_picked":["Snecko Eye","Ectoplasm"],"picked":"Empty Cage"}],"items_purged_floors":[2],"is_endless":false,"potions_floor_spawned":[3,12,13,16,22,25],"killed_by":"3 Cultists","ascension_level":20}