{"gold_per_floor":[114,130,55,130,76,76,109,109,179,179,192,217,107,157,157,228,228,243,108,126,41,41,41,66,66,66,66,92,92,105,34,34,113,113,125,141,53,66,78,103,103,113,136,163,194,236,248,337,349,361,373],"floor_reached":52,"playtime":2565,"items_purged":["Prepared"],"score":2153,"play_id":"0517c63c-c245-4aba-9b42-2ddc19890bc0","local_time":"20180924194301","daily_mods":["Draft","Binary"],"is_ascension_mode":true,"campfire_choices":[{"data":"Footwork","floor":6.0,"key":"SMITH"},{"data":"Footwork","floor":8.0,"key":"SMITH"},{"data":"Terror","floor":10.0,"key":"SMITH"},{"data":"Discovery","floor":15.0,"key":"SMITH"},{"data":"Sucker Punch","floor":23.0,"key":"SMITH"},{"data":"Dash","floor":25.0,"key":"SMITH"},{"data":"Blade Dance","floor":27.0,"key":"SMITH"},{"data":"Backflip","floor":29.0,"key":"SMITH"},{"data":"Calculated Gamble","floor":32.0,"key":"SMITH"},{"floor":41.0,"key":"REST"},{"floor":49.0,"key":"REST"}],"neow_cost":"","seed_source_timestamp":0,"circlet_count":0,"master_deck":["AscendersBane","Masterful Stab","Footwork+1","Terror+1","Blade Dance+1","Backflip+1","PiercingWail","Footwork+1","Calculated Gamble+1","Dash+1","Calculated Gamble","Predator+1","Leg Sweep+1","All Out Attack+1","Dodge and Roll+1","Discovery+1","Sucker Punch+1","Well Laid Plans","Acrobatics","Infinite Blades"],"special_seed":0,"relics":["Ring of the Serpent","Busted Crown","Bag of Marbles","The Courier","Pocketwatch","PreservedInsect","Mummified Hand","Strawberry","Whetstone","Kunai","Shuriken","Fusion Hammer","War Paint","Potion Belt","MawBank","Ninja Scroll","Bottled Tornado"],"potions_floor_usage":[50,50,51],"damage_taken":[{"damage":0.0,"enemies":"Cultist","floor":1.0,"turns":2.0},{"damage":0.0,"enemies":"Small Slimes","floor":2.0,"turns":2.0},{"damage":0.0,"enemies":"Gremlin Nob","floor":7.0,"turns":3.0},{"damage":0.0,"enemies":"2 Louse","floor":11.0,"turns":1.0},{"damage":0.0,"enemies":"3 Sentries","floor":12.0,"turns":6.0},{"damage":23.0,"enemies":"Slime Boss","floor":16.0,"turns":8.0},{"damage":12.0,"enemies":"2 Thieves","floor":18.0,"turns":4.0},{"damage":0.0,"enemies":"Chosen","floor":20.0,"turns":4.0},{"damage":14.0,"enemies":"Book of Stabbing","floor":28.0,"turns":3.0},{"damage":0.0,"enemies":"Snake Plant","floor":30.0,"turns":3.0},{"damage":32.0,"enemies":"Collector","floor":33.0,"turns":7.0},{"damage":0.0,"enemies":"3 Shapes","floor":35.0,"turns":4.0},{"damage":0.0,"enemies":"Orb Walker","floor":36.0,"turns":2.0},{"damage":0.0,"enemies":"3 Darklings","floor":38.0,"turns":3.0},{"damage":4.0,"enemies":"Jaw Worm Horde","floor":39.0,"turns":3.0},{"damage":11.0,"enemies":"Nemesis","floor":40.0,"turns":3.0},{"damage":4.0,"enemies":"Maw","floor":42.0,"turns":6.0},{"damage":0.0,"enemies":"Giant Head","floor":44.0,"turns":4.0},{"damage":0.0,"enemies":"Transient","floor":45.0,"turns":6.0},{"damage":0.0,"enemies":"2 Orb Walkers","floor":46.0,"turns":3.0},{"damage":33,"enemies":"Time Eater","floor":50,"turns":9},{"damage":12,"enemies":"Donu and Deca","floor":51,"turns":7}],"seed_played":"-6381279713793579677","potions_obtained":[{"floor":1.0,"key":"GamblersBrew"},{"floor":12.0,"key":"Ancient Potion"},{"floor":28.0,"key":"Block Potion"},{"floor":38.0,"key":"Strength Potion"},{"floor":39.0,"key":"Regen Potion"},{"floor":40.0,"key":"Strength Potion"},{"floor":46.0,"key":"Fire Potion"}],"is_trial":true,"path_per_floor":["M","M","$","?","$","R","E","R","T","R","M","E","$","?","R","B",null,"M","$","M","?","?","R","T","R","T","R","E","R","M","$","R","B",null,"M","M","$","M","M","E","R","M","T","E","M","E","?","T","R","B","B"],"character_chosen":"THE_SILENT","items_purchased":["Dodge and Roll","Discovery","Sucker Punch","PreservedInsect","Well Laid Plans","Acrobatics","Infinite Blades"],"campfire_rested":2,"item_purchase_floors":[5,13,13,19,31,37,37],"current_hp_per_floor":[59,59,59,48,48,48,48,48,48,48,48,48,48,42,42,19,54,42,42,42,42,49,49,49,49,49,49,35,35,35,35,35,3,56,56,56,56,56,52,50,71,67,67,67,67,67,67,67,73,40,28],"gold":385,"neow_bonus":"","is_prod":false,"is_daily":false,"chose_seed":false,"campfire_upgraded":9,"win_rate":0,"timestamp":1537810981,"path_taken":["M","M","$","?","$","R","E","R","T","R","M","E","?","?","R","BOSS","M","$","M","?","?","R","?","R","T","R","E","R","?","$","R","BOSS","M","M","$","M","M","E","R","M","T","E","M","E","?","?","R","BOSS","BOSS"],"build_version":"2018-09-20","purchased_purges":1,"victory":true,"max_hp_per_floor":[66,66,66,66,66,66,66,66,66,66,66,66,66,66,66,66,66,66,66,66,66,73,73,73,73,73,73,73,73,73,73,73,73,73,73,73,73,73,73,73,73,73,73,73,73,73,73,73,73,73,73],"card_choices":[{"not_picked":["Underhanded Strike","Backflip"],"picked":"Masterful Stab","floor":0.0},{"not_picked":["Dagger Spray","Flying Knee"],"picked":"Footwork","floor":0.0},{"not_picked":["Sucker Punch","Backflip"],"picked":"Terror","floor":0.0},{"not_picked":["Outmaneuver","Concentrate"],"picked":"Blade Dance","floor":0.0},{"not_picked":["Underhanded Strike","Sucker Punch"],"picked":"Backflip","floor":0.0},{"not_picked":["Reflex","Setup"],"picked":"PiercingWail","floor":0.0},{"not_picked":["Acrobatics","Slice"],"picked":"Footwork","floor":0.0},{"not_picked":["Dagger Throw","Predator"],"picked":"Calculated Gamble","floor":0.0},{"not_picked":["Blade Dance","Acrobatics"],"picked":"Dash","floor":0.0},{"not_picked":["Outmaneuver","Acrobatics"],"picked":"Calculated Gamble","floor":0.0},{"not_picked":["Outmaneuver","Acrobatics"],"picked":"Predator","floor":0.0},{"not_picked":["Bane","Blade Dance"],"picked":"Leg Sweep","floor":0.0},{"not_picked":["Setup","Eviscerate"],"picked":"Prepared","floor":0.0},{"not_picked":["Accuracy","Choke"],"picked":"Quick Slash","floor":0.0},{"not_picked":["Blade Dance","Calculated Gamble"],"picked":"All Out Attack","floor":0.0}],"player_experience":973440,"relics_obtained":[{"floor":7.0,"key":"Bag of Marbles"},{"floor":9.0,"key":"The Courier"},{"floor":12.0,"key":"Pocketwatch"},{"floor":24.0,"key":"Whetstone"},{"floor":26.0,"key":"Kunai"},{"floor":28.0,"key":"Shuriken"},{"floor":40.0,"key":"War Paint"},{"floor":43.0,"key":"Potion Belt"},{"floor":44.0,"key":"MawBank"},{"floor":46.0,"key":"Ninja Scroll"},{"floor":48.0,"key":"Bottled Tornado"}],"event_choices":[{"event_name":"World of Goop","player_choice":"Gather Gold","floor":4.0,"damage_taken":0.0},{"event_name":"FaceTrader","player_choice":"Touch","floor":14.0,"damage_taken":0.0},{"event_name":"Addict","player_choice":"Obtained Relic","floor":21.0,"damage_taken":0.0},{"event_name":"WeMeetAgain","player_choice":"Potion","floor":22.0,"damage_taken":0.0},{"event_name":"Falling","player_choice":"Removed Attack","floor":47.0,"damage_taken":0.0}],"is_beta":true,"boss_relics":[{"not_picked":["WristBlade","Astrolabe"],"picked":"Ring of the Serpent"},{"not_picked":["HoveringKite","Calling Bell"],"picked":"Fusion Hammer"}],"items_purged_floors":[3],"is_endless":false,"potions_floor_spawned":[1,12,18,28,38,39,40,42,46],"ascension_level":20}