{"gold_per_floor":[115,133,5,24,36,62,62,94,146,159,159,159,2,13,13,91,91,104,104,154,171,187,187,214,214,269,7,19,33,33,67,67,67],"floor_reached":33,"playtime":1377,"items_purged":["Strike_B"],"score":669,"play_id":"09a7e9fa-fccb-46eb-886b-bd01370f2936","local_time":"20190331135305","is_ascension_mode":true,"campfire_choices":[{"floor":7.0,"key":"REST"},{"floor":12.0,"key":"REST"},{"data":"Zap","floor":15.0,"key":"SMITH"},{"data":"Coolheaded","floor":23,"key":"SMITH"},{"floor":25,"key":"REST"},{"floor":32,"key":"REST"}],"neow_cost":"NONE","seed_source_timestamp":575134100783288,"circlet_count":0,"master_deck":["AscendersBane","Strike_B","Strike_B","Defend_B","Defend_B","Defend_B+1","Defend_B","Zap+1","Dualcast","Ball Lightning","Rebound","Ball Lightning","Coolheaded","Biased Cognition","Coolheaded+1","BootSequence","BootSequence+1","Ball Lightning","Electrodynamics","Loop+1","Hologram+1","Glacier","Ball Lightning","Self Repair"],"special_seed":0,"relics":["Cracked Core","NeowsBlessing","Question Card","Mercury Hourglass","Bronze Scales","Runic Dome","Boot","War Paint","Bottled Tornado","Vajra"],"potions_floor_usage":[31],"damage_taken":[{"damage":0.0,"enemies":"Jaw Worm","floor":1.0,"turns":1.0},{"damage":0.0,"enemies":"Cultist","floor":2.0,"turns":1.0},{"damage":0.0,"enemies":"Small Slimes","floor":4.0,"turns":1.0},{"damage":24.0,"enemies":"Gremlin Gang","floor":5.0,"turns":3.0},{"damage":8.0,"enemies":"Gremlin Nob","floor":6.0,"turns":3.0},{"damage":36.0,"enemies":"3 Sentries","floor":8.0,"turns":5.0},{"damage":5.0,"enemies":"Red Slaver","floor":10.0,"turns":3.0},{"damage":0.0,"enemies":"Lots of Slimes","floor":14.0,"turns":2.0},{"damage":4.0,"enemies":"Hexaghost","floor":16.0,"turns":9.0},{"damage":0.0,"enemies":"3 Byrds","floor":18.0,"turns":3.0},{"damage":1,"enemies":"Spheric Guardian","floor":21,"turns":3},{"damage":9,"enemies":"Snake Plant","floor":22,"turns":4},{"damage":35,"enemies":"Slavers","floor":24,"turns":3},{"damage":6,"enemies":"Snecko","floor":28,"turns":4},{"damage":10,"enemies":"Centurion and Healer","floor":29,"turns":3},{"damage":0,"enemies":"Gremlin Leader","floor":31,"turns":5},{"damage":69,"enemies":"Automaton","floor":33,"turns":8}],"seed_played":"7614707993806712208","potions_obtained":[{"floor":1.0,"key":"GamblersBrew"},{"floor":5.0,"key":"Swift Potion"},{"floor":14.0,"key":"SmokeBomb"},{"floor":24,"key":"Dexterity Potion"},{"floor":29,"key":"AttackPotion"},{"floor":31,"key":"Weak Potion"}],"is_trial":false,"path_per_floor":["M","M","$","M","M","E","R","E","T","M","?","R","$","M","R","B",null,"M","?","?","M","M","R","E","R","T","$","M","M","?","E","R","B"],"character_chosen":"DEFECT","items_purchased":["Ball Lightning","Bronze Scales","Bottled Tornado"],"campfire_rested":4,"item_purchase_floors":[3,13,27],"current_hp_per_floor":[64,64,64,64,40,32,53,17,17,12,12,33,33,33,33,29,61,61,61,61,60,51,51,16,37,37,37,31,21,35,42,63,0],"gold":67,"neow_bonus":"THREE_ENEMY_KILL","is_prod":false,"is_daily":false,"chose_seed":false,"campfire_upgraded":2,"win_rate":0,"timestamp":1554033185,"path_taken":["M","M","$","M","M","E","R","E","T","M","?","R","?","M","R","BOSS","M","?","?","M","?","R","E","R","T","?","?","M","?","E","R","BOSS"],"build_version":"2019-01-23","purchased_purges":1,"victory":false,"max_hp_per_floor":[71,71,71,71,71,71,71,71,71,71,71,71,71,71,71,71,71,71,71,71,71,71,71,71,71,71,71,71,71,71,71,71,71],"card_choices":[{"not_picked":["Sweeping Beam","Steam Power"],"picked":"Ball Lightning","floor":1.0},{"not_picked":["BootSequence","Go for the Eyes"],"picked":"Rebound","floor":2.0},{"not_picked":["Beam Cell","Aggregate","Fusion"],"picked":"SKIP","floor":4.0},{"not_picked":["Cold Snap","Streamline"],"picked":"Coolheaded","floor":5.0},{"not_picked":["Cold Snap","Go for the Eyes"],"picked":"Biased Cognition","floor":6.0},{"not_picked":["Blizzard","Consume","Hologram"],"picked":"Coolheaded","floor":8.0},{"not_picked":["FTL","Barrage","Melter"],"picked":"BootSequence","floor":10.0},{"not_picked":["Barrage","Leap","Stack"],"picked":"Ball Lightning","floor":14.0},{"not_picked":["Multi-Cast","Amplify","Rainbow"],"picked":"Electrodynamics","floor":16.0},{"not_picked":["Beam Cell","Barrage","Rebound"],"picked":"Loop+1","floor":18.0},{"not_picked":["Force Field","Conserve Battery","White Noise"],"picked":"Hologram+1","floor":21},{"not_picked":["Heatsinks+1","Loop","White Noise","Aggregate"],"picked":"SKIP","floor":22},{"not_picked":["Fission","Lockon","Beam Cell"],"picked":"Glacier","floor":24},{"not_picked":["Sweeping Beam","Compile Driver","Conserve Battery"],"picked":"Ball Lightning","floor":28},{"not_picked":["Beam Cell+1","Compile Driver+1","Turbo"],"picked":"Self Repair","floor":29},{"not_picked":["Stack","Leap","Loop","Blizzard"],"picked":"SKIP","floor":31}],"player_experience":2313842,"relics_obtained":[{"floor":6.0,"key":"Question Card"},{"floor":8.0,"key":"Mercury Hourglass"},{"floor":24,"key":"Boot"},{"floor":26,"key":"War Paint"},{"floor":31,"key":"Vajra"}],"event_choices":[{"damage_healed":0.0,"max_hp_gain":0.0,"max_hp_loss":0.0,"gold_gain":0.0,"cards_transformed":["Strike_B"],"event_name":"Transmorgrifier","player_choice":"Transformed","floor":11.0,"gold_loss":0.0,"damage_taken":0.0,"cards_obtained":["BootSequence"]},{"damage_healed":0,"gold_gain":0,"player_choice":"Ignored","damage_taken":0,"max_hp_gain":0,"max_hp_loss":0,"event_name":"Cursed Tome","floor":19,"gold_loss":0},{"damage_healed":0,"gold_gain":50,"player_choice":"Pray","damage_taken":0,"max_hp_gain":0,"max_hp_loss":0,"event_name":"Golden Shrine","floor":20,"gold_loss":0},{"damage_healed":14,"gold_gain":0,"player_choice":"Heal","damage_taken":0,"max_hp_gain":0,"max_hp_loss":0,"event_name":"The Library","floor":30,"gold_loss":0}],"is_beta":false,"boss_relics":[{"not_picked":["Lizard Tail","Tiny House"],"picked":"Runic Dome"}],"items_purged_floors":[3],"is_endless":false,"potions_floor_spawned":[1,5,14,24,29,31],"killed_by":"Automaton","ascension_level":20}