{"gold_per_floor":[116,132,149,164,177,177,177,207,207,207,238,252,252,267,267,341,341,352,277,18,34,45,45,77,90,161,161,61,61,80,100,100,174,174,192,211,257,272,272,272,147,147,147,147,161,51,64,14,14,14],"floor_reached":51,"playtime":2984,"items_purged":["Strike_G","Strike_G","Strike_G","Defend_G","Defend_G"],"score":1271,"play_id":"bf39e89f-6e14-45a0-a134-29fd718dded2","local_time":"20180823025431","is_ascension_mode":true,"campfire_choices":[{"data":"Neutralize","floor":6.0,"key":"SMITH"},{"data":"Footwork","floor":10.0,"key":"SMITH"},{"data":"Eviscerate","floor":13.0,"key":"SMITH"},{"data":"Eviscerate","floor":15.0,"key":"SMITH"},{"floor":27.0,"key":"REST"},{"data":"Catalyst","floor":29.0,"key":"SMITH"},{"floor":32.0,"key":"REST"},{"data":"Footwork","floor":40.0,"key":"SMITH"},{"data":"Choke","floor":42.0,"key":"SMITH"},{"floor":44.0,"key":"REST"},{"data":"Backflip","floor":49.0,"key":"SMITH"}],"neow_cost":"NONE","seed_source_timestamp":630772124501,"circlet_count":0,"master_deck":["Defend_G","Defend_G","Defend_G","Survivor","Neutralize+1","AscendersBane","Choke","Underhanded Strike","Choke+1","Eviscerate+1","Backflip+1","Footwork+1","Eviscerate+1","All Out Attack","Corpse Explosion","Footwork+1","Envenom","Underhanded Strike","Dagger Throw+1","Catalyst+1","Backflip","Dagger Throw+1","Bullet Time+1","Dodge and Roll+1","Backflip+1","Underhanded Strike+1","Riddle With Holes","Acrobatics+1"],"special_seed":0,"relics":["Snecko Eye","Gremlin Horn","Nunchaku","Calipers","Philosopher\u0027s Stone","StoneCalendar","Toxic Egg 2","Runic Dome","Gambling Chip","Smiling Mask"],"potions_floor_usage":[50,50],"damage_taken":[{"damage":7.0,"enemies":"Cultist","floor":1.0,"turns":5.0},{"damage":0.0,"enemies":"Small Slimes","floor":2.0,"turns":4.0},{"damage":0.0,"enemies":"Jaw Worm","floor":3.0,"turns":3.0},{"damage":11.0,"enemies":"3 Louse","floor":4.0,"turns":3.0},{"damage":1.0,"enemies":"Looter","floor":5.0,"turns":4.0},{"damage":3.0,"enemies":"Gremlin Nob","floor":8.0,"turns":3.0},{"damage":17.0,"enemies":"Lagavulin","floor":11.0,"turns":9.0},{"damage":4.0,"enemies":"Gremlin Gang","floor":12.0,"turns":6.0},{"damage":0.0,"enemies":"Large Slime","floor":14.0,"turns":3.0},{"damage":7.0,"enemies":"Slime Boss","floor":16.0,"turns":7.0},{"damage":7.0,"enemies":"2 Thieves","floor":18.0,"turns":2.0},{"damage":15.0,"enemies":"Shell Parasite","floor":21.0,"turns":6.0},{"damage":2.0,"enemies":"Centurion and Healer","floor":22.0,"turns":6.0},{"damage":0.0,"enemies":"Gremlin Leader","floor":24.0,"turns":3.0},{"damage":20.0,"enemies":"Snecko","floor":25.0,"turns":4.0},{"damage":15.0,"enemies":"Shelled Parasite and Fungi","floor":30.0,"turns":2.0},{"damage":4.0,"enemies":"Cultist and Chosen","floor":31.0,"turns":4.0},{"damage":26.0,"enemies":"Champ","floor":33.0,"turns":9.0},{"damage":8.0,"enemies":"Orb Walker","floor":35.0,"turns":2.0},{"damage":1.0,"enemies":"3 Darklings","floor":36.0,"turns":2.0},{"damage":0.0,"floor":37.0,"turns":4.0},{"damage":0.0,"enemies":"Transient","floor":38.0,"turns":6.0},{"damage":0.0,"enemies":"Jaw Worm Horde","floor":45.0,"turns":3.0},{"damage":0.0,"enemies":"Sphere and 2 Shapes","floor":47.0,"turns":2.0},{"damage":36,"enemies":"Awakened One","floor":50,"turns":8}],"seed_played":"4837830401639942886","potions_obtained":[{"floor":1.0,"key":"Energy Potion"},{"floor":14.0,"key":"Swift Potion"},{"floor":16.0,"key":"Weak Potion"},{"floor":21.0,"key":"Swift Potion"},{"floor":22.0,"key":"Poison Potion"},{"floor":25.0,"key":"Poison Potion"},{"floor":35.0,"key":"Block Potion"},{"floor":37.0,"key":"LiquidBronze"},{"floor":45.0,"key":"Explosive Potion"}],"is_trial":false,"path_per_floor":["M","M","M","M","M","R","?","E","T","R","E","M","R","M","R","B",null,"M","?","$","M","M","?","E","M","T","R","$","R","M","M","R","B",null,"M","M","?","M","?","R","$","R","T","R","M","$","M","$","R","B"],"character_chosen":"THE_SILENT","items_purchased":["Envenom","Acrobatics+1"],"campfire_rested":3,"item_purchase_floors":[20,46],"current_hp_per_floor":[52,52,52,41,40,40,40,37,37,37,20,16,16,16,16,9,52,45,45,45,30,28,28,28,8,8,27,27,27,12,8,27,1,50,42,41,41,41,41,41,41,41,41,60,60,60,60,60,60,24],"gold":14,"neow_bonus":"BOSS_RELIC","is_prod":false,"is_daily":false,"chose_seed":false,"campfire_upgraded":8,"win_rate":0,"timestamp":1534985671,"path_taken":["M","M","M","M","M","R","?","E","T","R","E","M","R","M","R","BOSS","M","?","$","M","?","?","E","M","T","R","$","R","M","M","R","BOSS","M","M","?","?","?","R","$","R","T","R","M","$","M","?","R","BOSS"],"build_version":"2018-08-21","purchased_purges":5,"victory":true,"max_hp_per_floor":[66,66,66,66,66,66,66,66,66,66,66,66,66,66,66,66,66,66,66,66,66,66,66,66,66,66,66,66,66,66,66,66,66,66,66,66,66,66,66,66,66,66,66,66,66,66,66,66,66,66],"card_choices":[{"not_picked":["Accuracy","Quick Slash"],"picked":"Choke","floor":1.0},{"not_picked":["Acrobatics","Heel Hook"],"picked":"Underhanded Strike","floor":2.0},{"not_picked":["Reflex","Distraction"],"picked":"Choke","floor":3.0},{"not_picked":["Deflect","Bane"],"picked":"Crippling Poison","floor":4.0},{"not_picked":["Prepared","PiercingWail"],"picked":"Eviscerate","floor":5.0},{"not_picked":["Underhanded Strike","Cloak And Dagger"],"picked":"Footwork","floor":8.0},{"not_picked":["Doppelganger","Crippling Poison"],"picked":"Eviscerate","floor":11.0},{"not_picked":["Cloak And Dagger","Bane"],"picked":"All Out Attack","floor":12.0},{"not_picked":["Deadly Poison","Blur","Reflex"],"picked":"SKIP","floor":14.0},{"not_picked":["Tools of the Trade","A Thousand Cuts"],"picked":"Corpse Explosion","floor":16.0},{"not_picked":["PiercingWail","Dagger Spray"],"picked":"Footwork","floor":18.0},{"not_picked":["Heel Hook","Flying Knee"],"picked":"Underhanded Strike","floor":21.0},{"not_picked":["Sucker Punch","Flying Knee+1"],"picked":"Dagger Throw+1","floor":22.0},{"not_picked":["Phantasmal Killer","Accuracy+1"],"picked":"Catalyst","floor":24.0},{"not_picked":["Accuracy","Quick Slash+1"],"picked":"Backflip","floor":25.0},{"not_picked":["Bane","Concentrate+1","Dagger Spray"],"picked":"SKIP","floor":30.0},{"not_picked":["Quick Slash+1","Infinite Blades"],"picked":"Dagger Throw+1","floor":31.0},{"not_picked":["Wraith Form v2","Storm of Steel+1"],"picked":"Bullet Time+1","floor":33.0},{"not_picked":["Flechettes","Flying Knee"],"picked":"Dodge and Roll+1","floor":35.0},{"not_picked":["Dagger Spray","Well Laid Plans"],"picked":"Backflip+1","floor":36.0},{"not_picked":["Cloak And Dagger+1","Caltrops"],"picked":"Underhanded Strike+1","floor":37.0},{"not_picked":["Caltrops","Underhanded Strike","Quick Slash"],"picked":"SKIP","floor":38.0},{"not_picked":["Deadly Poison+1","Caltrops"],"picked":"Riddle With Holes","floor":45.0},{"not_picked":["Poisoned Stab","Heel Hook+1","Underhanded Strike"],"picked":"SKIP","floor":47.0}],"player_experience":924086,"relics_obtained":[{"floor":8.0,"key":"Gremlin Horn"},{"floor":9.0,"key":"Nunchaku"},{"floor":11.0,"key":"Calipers"},{"floor":24.0,"key":"StoneCalendar"},{"floor":26.0,"key":"Toxic Egg 2"},{"floor":37.0,"key":"Gambling Chip"},{"floor":43.0,"key":"Smiling Mask"}],"event_choices":[{"event_name":"Transmorgrifier","player_choice":"Transform","floor":7.0,"damage_taken":0.0},{"event_name":"Beggar","player_choice":"Gave Gold","floor":19.0,"damage_taken":0.0},{"event_name":"Cursed Tome","player_choice":"Ignored","floor":23.0,"damage_taken":0.0},{"event_name":"Mysterious Sphere","player_choice":"Fight","floor":37.0,"damage_taken":0.0},{"event_name":"Falling","player_choice":"Removed Skill","floor":39.0,"damage_taken":0.0}],"is_beta":true,"boss_relics":[{"not_picked":["Ectoplasm","Empty Cage"],"picked":"Philosopher\u0027s Stone"},{"not_picked":["Coffee Dripper","Tiny House"],"picked":"Runic Dome"}],"items_purged_floors":[20,28,41,46,48],"is_endless":false,"potions_floor_spawned":[1,14,16,21,22,25,35,37,45],"ascension_level":18}