{"gold_per_floor":[111,30,30,43,43,71,71,99,126,126,126,126,96,114,114,187,187,201,216,216],"floor_reached":20,"playtime":995,"items_purged":[],"score":410,"play_id":"2bf176df-1de1-4f0f-be35-64d341bda5cb","local_time":"20190116215902","is_ascension_mode":true,"campfire_choices":[{"data":"Zap","floor":7,"key":"SMITH"},{"data":"Reinforced Body","floor":10,"key":"SMITH"},{"data":"Sweeping Beam","floor":12,"key":"SMITH"},{"data":"Conserve Battery","floor":15,"key":"SMITH"}],"neow_cost":"NONE","seed_source_timestamp":596287274792097,"circlet_count":0,"master_deck":["AscendersBane","Strike_B","Strike_B","Strike_B","Defend_B","Defend_B","Defend_B","Defend_B","Zap+1","Dualcast","BootSequence","Ball Lightning","Sweeping Beam+1","Rebound","Auto Shields","Reinforced Body+1","Conserve Battery+1","Hyperbeam","Decay","Streamline+1","Ball Lightning+1"],"relics":["Cracked Core","NeowsBlessing","Vajra","Omamori","Ancient Tea Set","Potion Belt","Calling Bell","Pen Nib","Molten Egg 2","Dead Branch"],"potions_floor_usage":[16],"damage_taken":[{"damage":0,"enemies":"Small Slimes","floor":1,"turns":1},{"damage":0,"enemies":"Cultist","floor":4,"turns":1},{"damage":0,"enemies":"Gremlin Nob","floor":6,"turns":1},{"damage":5,"enemies":"3 Sentries","floor":8,"turns":5},{"damage":0,"enemies":"2 Louse","floor":14,"turns":2},{"damage":33,"enemies":"Hexaghost","floor":16,"turns":12},{"damage":20,"enemies":"2 Thieves","floor":18,"turns":5},{"damage":17,"enemies":"Shell Parasite","floor":19,"turns":6},{"damage":21,"enemies":"Snecko","floor":20,"turns":4}],"seed_played":"2996916019762246245","potions_obtained":[{"floor":1,"key":"SkillPotion"},{"floor":4,"key":"SteroidPotion"},{"floor":13,"key":"Dexterity Potion"},{"floor":13,"key":"Swift Potion"},{"floor":16,"key":"SpeedPotion"},{"floor":18,"key":"SteroidPotion"}],"is_trial":false,"path_per_floor":["M","$","?","M","$","E","R","E","T","R","?","R","?","M","R","B",null,"M","M","M"],"character_chosen":"DEFECT","items_purchased":["Ball Lightning","Sweeping Beam"],"campfire_rested":0,"item_purchase_floors":[2,2],"current_hp_per_floor":[64,64,64,64,64,64,64,59,59,59,41,41,41,41,41,8,55,35,18,0],"gold":216,"neow_bonus":"THREE_ENEMY_KILL","is_prod":false,"is_daily":false,"chose_seed":false,"campfire_upgraded":4,"win_rate":0,"timestamp":1547672342,"path_taken":["M","$","?","M","?","E","R","E","T","R","?","R","?","M","R","BOSS","M","?","M"],"build_version":"2019-01-10","purchased_purges":0,"victory":false,"max_hp_per_floor":[71,71,71,71,71,71,71,71,71,71,71,71,71,71,71,71,71,71,71,71],"card_choices":[{"not_picked":["Auto Shields","FTL"],"picked":"BootSequence","floor":1},{"not_picked":["Barrage","Stack"],"picked":"Rebound","floor":4},{"not_picked":["BootSequence","Chaos"],"picked":"Auto Shields","floor":6},{"not_picked":["Beam Cell","Force Field"],"picked":"Reinforced Body","floor":8},{"not_picked":["Beam Cell","Heatsinks"],"picked":"Conserve Battery","floor":14},{"not_picked":["Creative AI","Fission"],"picked":"Hyperbeam","floor":16},{"not_picked":["Redo","Recycle+1"],"picked":"Streamline+1","floor":18},{"not_picked":["Steam","Gash+1"],"picked":"Ball Lightning+1","floor":19}],"player_experience":1558183,"relics_obtained":[{"floor":6,"key":"Vajra"},{"floor":8,"key":"Omamori"},{"floor":9,"key":"Ancient Tea Set"},{"floor":17,"key":"Pen Nib"},{"floor":17,"key":"Molten Egg 2"},{"floor":17,"key":"Dead Branch"}],"event_choices":[{"cards_removed":["Strike_B"],"damage_healed":0,"gold_gain":0,"player_choice":"Purged","damage_taken":0,"max_hp_gain":0,"max_hp_loss":0,"event_name":"Purifier","floor":3,"gold_loss":0},{"damage_healed":0,"gold_gain":0,"player_choice":"Success","damage_taken":18,"relics_obtained":["Potion Belt"],"max_hp_gain":0,"max_hp_loss":0,"event_name":"Scrap Ooze","floor":11,"gold_loss":0},{"damage_healed":0,"gold_gain":0,"player_choice":"Bought 2 Potions","damage_taken":0,"max_hp_gain":0,"max_hp_loss":0,"event_name":"The Woman in Blue","floor":13,"gold_loss":0}],"is_beta":false,"boss_relics":[{"not_picked":["Nuclear Battery","Eternal Feather"],"picked":"Calling Bell"}],"items_purged_floors":[],"is_endless":false,"potions_floor_spawned":[1,4,16,18],"killed_by":"Snecko","ascension_level":20}