{"gold_per_floor":[367,38,48,0,17,47,47,82,105,30,30,30],"floor_reached":12,"playtime":667,"items_purged":["Injury"],"score":172,"play_id":"5186ae5b-c41f-4fcb-8a38-5f3a01d22194","local_time":"20190319130357","is_ascension_mode":true,"campfire_choices":[{"floor":7.0,"key":"REST"},{"floor":11.0,"key":"REST"}],"neow_cost":"CURSE","seed_source_timestamp":320180724685291,"circlet_count":0,"master_deck":["AscendersBane","Strike_R","Strike_R","Strike_R","Strike_R","Defend_R","Defend_R","Defend_R","Defend_R+1","Bash","Flex","Inflame","Evolve","Headbutt","Disarm+1","Feed"],"special_seed":0,"relics":["Burning Blood","Bag of Preparation","Ancient Tea Set","War Paint","Regal Pillow"],"potions_floor_usage":[],"damage_taken":[{"damage":14.0,"enemies":"Jaw Worm","floor":1.0,"turns":4.0},{"damage":7.0,"enemies":"Small Slimes","floor":3.0,"turns":3.0},{"damage":2.0,"enemies":"Cultist","floor":5.0,"turns":4.0},{"damage":55.0,"enemies":"Lagavulin","floor":6.0,"turns":7.0},{"damage":30.0,"enemies":"3 Sentries","floor":8.0,"turns":8.0},{"damage":63,"enemies":"Lagavulin","floor":12,"turns":9}],"seed_played":"-9112556510372251164","potions_obtained":[{"floor":1.0,"key":"LiquidBronze"},{"floor":3.0,"key":"SkillPotion"}],"is_trial":false,"path_per_floor":["M","$","M","?","M","E","R","E","T","?","R","E"],"character_chosen":"IRONCLAD","items_purchased":["Bag of Preparation","Inflame"],"campfire_rested":2,"item_purchase_floors":[2,2],"current_hp_per_floor":[60,60,59,59,63,14,36,12,12,12,49,0],"gold":30,"neow_bonus":"TWO_FIFTY_GOLD","is_prod":false,"is_daily":false,"chose_seed":false,"campfire_upgraded":0,"win_rate":0,"timestamp":1552997037,"path_taken":["M","$","M","?","M","E","R","E","T","?","R","E"],"build_version":"2019-01-23","purchased_purges":1,"victory":false,"max_hp_per_floor":[75,75,75,75,75,75,75,75,75,75,75,75],"card_choices":[{"not_picked":["True Grit","Dual Wield"],"picked":"Flex","floor":1.0},{"not_picked":["Clash","Perfected Strike"],"picked":"Evolve","floor":3.0},{"not_picked":["Iron Wave","Cleave"],"picked":"Headbutt","floor":5.0},{"not_picked":["Infernal Blade","Rage"],"picked":"Disarm","floor":6.0},{"not_picked":["Flex","Shrug It Off"],"picked":"Feed","floor":8.0}],"player_experience":2129583,"relics_obtained":[{"floor":6.0,"key":"Ancient Tea Set"},{"floor":8.0,"key":"War Paint"},{"floor":9.0,"key":"Regal Pillow"}],"event_choices":[{"damage_healed":0.0,"max_hp_gain":0.0,"max_hp_loss":0.0,"gold_gain":0.0,"event_name":"World of Goop","player_choice":"Left Gold","floor":4.0,"gold_loss":48.0,"damage_taken":0.0},{"cards_removed":["Strike_R"],"damage_healed":0.0,"max_hp_gain":0.0,"max_hp_loss":0.0,"gold_gain":0.0,"event_name":"The Cleric","player_choice":"Card Removal","floor":10.0,"gold_loss":75.0,"damage_taken":0.0}],"is_beta":false,"boss_relics":[],"items_purged_floors":[2],"is_endless":false,"potions_floor_spawned":[1,3],"killed_by":"Lagavulin","ascension_level":20}