{"gold_per_floor":[118,128,128,144,164,196,196,81,81,81,111,186,186,186,186,290,290,309,7,17,29,43,77,87,120,120,150,170,26,46,65,65,160,160,176,176,186,205,155,190,190,190],"floor_reached":42,"playtime":7331,"items_purged":["Regret","Doubt","Strike_R"],"score":630,"play_id":"cc78ef44-15f1-4f72-9082-4a8171f31e1d","local_time":"20190517172713","is_ascension_mode":true,"campfire_choices":[{"data":"True Grit","floor":7.0,"key":"SMITH"},{"data":"Disarm","floor":15.0,"key":"SMITH"},{"data":"Heavy Blade","floor":32.0,"key":"SMITH"},{"data":"Havoc","floor":41.0,"key":"SMITH"}],"neow_cost":"NONE","seed_source_timestamp":162476474763813,"circlet_count":0,"master_deck":["Strike_R","Strike_R","Strike_R","Defend_R","Defend_R","Defend_R","Defend_R","Bash","Twin Strike","Heavy Blade+1","Headbutt","Disarm+1","True Grit+1","Feel No Pain+1","Intimidate","Sword Boomerang","Demon Form+1","Demon Form+1","Havoc+1","Ghostly Armor","Headbutt","Shrug It Off+1","Metallicize+1","Shrug It Off","Enlightenment","Corruption+1","Barricade+1","Magnetism+1","Dual Wield+1"],"special_seed":0,"relics":["Burning Blood","Orichalcum","Frozen Egg 2","Dream Catcher","Blood Vial","Cursed Key","Magic Flower","Smiling Mask","Ancient Tea Set","Matryoshka","Oddly Smooth Stone","Mark of Pain","Pear"],"potions_floor_usage":[],"damage_taken":[{"damage":7.0,"enemies":"Jaw Worm","floor":1.0,"turns":6.0},{"damage":10.0,"enemies":"Small Slimes","floor":2.0,"turns":3.0},{"damage":0.0,"enemies":"2 Louse","floor":4.0,"turns":2.0},{"damage":2.0,"enemies":"2 Fungi Beasts","floor":5.0,"turns":4.0},{"damage":29.0,"enemies":"Lagavulin","floor":6.0,"turns":6.0},{"damage":10.0,"enemies":"3 Sentries","floor":11.0,"turns":9.0},{"damage":11.0,"enemies":"The Guardian","floor":16.0,"turns":17.0},{"damage":27.0,"enemies":"2 Thieves","floor":18.0,"turns":4.0},{"damage":8.0,"enemies":"3 Byrds","floor":20.0,"turns":5.0},{"damage":15.0,"enemies":"Snecko","floor":21.0,"turns":6.0},{"damage":9.0,"enemies":"Centurion and Healer","floor":22.0,"turns":7.0},{"damage":3.0,"enemies":"Book of Stabbing","floor":23.0,"turns":5.0},{"damage":53.0,"enemies":"Sentry and Sphere","floor":24.0,"turns":7.0},{"damage":47.0,"enemies":"Slavers","floor":25.0,"turns":6.0},{"damage":15.0,"enemies":"Book of Stabbing","floor":27.0,"turns":6.0},{"damage":9.0,"enemies":"Snake Plant","floor":28.0,"turns":7.0},{"damage":6.0,"enemies":"Shelled Parasite and Fungi","floor":30.0,"turns":6.0},{"damage":2.0,"enemies":"Centurion and Healer","floor":31.0,"turns":6.0},{"damage":61.0,"enemies":"Collector","floor":33.0,"turns":8.0},{"damage":53.0,"enemies":"3 Darklings","floor":35.0,"turns":9.0},{"damage":11.0,"enemies":"Orb Walker","floor":37.0,"turns":4.0},{"damage":9.0,"enemies":"4 Shapes","floor":38.0,"turns":5.0},{"damage":0.0,"enemies":"Nemesis","floor":40.0,"turns":7.0},{"damage":82,"enemies":"Reptomancer","floor":42,"turns":3}],"seed_played":"6072248236839622809","potions_obtained":[{"floor":5.0,"key":"Poison Potion"},{"floor":14.0,"key":"SpeedPotion"},{"floor":14.0,"key":"BloodPotion"},{"floor":14.0,"key":"FearPotion"},{"floor":16.0,"key":"FearPotion"},{"floor":18.0,"key":"FairyPotion"},{"floor":21.0,"key":"SkillPotion"},{"floor":24.0,"key":"Ancient Potion"},{"floor":25.0,"key":"Regen Potion"},{"floor":30.0,"key":"Weak Potion"},{"floor":35.0,"key":"Explosive Potion"},{"floor":38.0,"key":"AttackPotion"},{"floor":40.0,"key":"Fruit Juice"}],"is_trial":false,"path_per_floor":["M","M","?","M","M","E","R","$","T","?","E","?","?","?","R","B",null,"M","$","M","M","M","E","M","E","T","E","M","$","M","M","R","B",null,"M","?","M","M","$","E","R","E"],"character_chosen":"IRONCLAD","items_purchased":["Feel No Pain+1","Magic Flower","Enlightenment"],"campfire_rested":0,"item_purchase_floors":[8,19,29],"current_hp_per_floor":[87,83,83,88,88,65,65,65,65,65,61,50,43,43,43,40,88,75,75,79,76,79,88,44,21,21,40,43,43,49,59,59,10,88,44,44,45,48,48,75,75,0],"gold":190,"neow_bonus":"TEN_PERCENT_HP_BONUS","is_prod":false,"is_daily":false,"chose_seed":false,"campfire_upgraded":4,"win_rate":0,"timestamp":1558094233,"path_taken":["M","M","?","M","M","E","R","$","T","?","E","?","?","?","R","BOSS","M","$","M","?","M","E","M","E","T","E","M","?","?","M","R","BOSS","M","?","M","M","$","E","R","E"],"build_version":"2019-01-23","purchased_purges":3,"victory":false,"max_hp_per_floor":[88,88,88,88,88,88,88,88,88,88,88,88,88,88,88,88,88,88,88,88,88,88,88,88,88,88,88,88,88,88,88,88,88,88,88,88,88,88,88,103,103,103],"card_choices":[{"not_picked":["Wild Strike","Pummel"],"picked":"Twin Strike","floor":1.0},{"not_picked":["Evolve","Blood for Blood"],"picked":"Heavy Blade","floor":2.0},{"not_picked":["Evolve","Dropkick"],"picked":"Headbutt","floor":4.0},{"not_picked":["Armaments","Corruption"],"picked":"Disarm","floor":5.0},{"not_picked":["Flex","Infernal Blade"],"picked":"True Grit","floor":6.0},{"not_picked":["Rage","Flex"],"picked":"Sword Boomerang","floor":11.0},{"not_picked":["Exhume","Brutality+1"],"picked":"Demon Form+1","floor":16.0},{"not_picked":["Intimidate","Iron Wave+1","Clash"],"picked":"SKIP","floor":18.0},{"not_picked":["Iron Wave","True Grit"],"picked":"Demon Form+1","floor":20.0},{"not_picked":["Clash","Havoc","Twin Strike"],"picked":"SKIP","floor":21.0},{"not_picked":["Clash","Twin Strike"],"picked":"Havoc","floor":21.0},{"not_picked":["Clothesline","Searing Blow"],"picked":"Ghostly Armor","floor":22.0},{"not_picked":["Bloodletting+1","Infernal Blade"],"picked":"Headbutt","floor":23.0},{"not_picked":["Juggernaut+1","Pommel Strike"],"picked":"Shrug It Off+1","floor":24.0},{"not_picked":["Warcry","Iron Wave"],"picked":"Metallicize+1","floor":25.0},{"not_picked":["Rupture+1","Pummel"],"picked":"Shrug It Off","floor":27.0},{"not_picked":["Spot Weakness","Heavy Blade","Infernal Blade"],"picked":"SKIP","floor":28.0},{"not_picked":["Inflame+1","Dropkick+1"],"picked":"Corruption+1","floor":30.0},{"not_picked":["Pommel Strike+1","Uppercut","Carnage"],"picked":"SKIP","floor":31.0},{"not_picked":["Feed","Brutality+1"],"picked":"Barricade+1","floor":33.0},{"not_picked":["Cleave+1","Fire Breathing+1","Dropkick+1"],"picked":"SKIP","floor":35.0},{"not_picked":["Chrysalis","Dramatic Entrance"],"picked":"Magnetism+1","floor":36.0},{"not_picked":["Body Slam+1","Second Wind","Iron Wave"],"picked":"SKIP","floor":37.0},{"not_picked":["Flex","True Grit","Armaments"],"picked":"SKIP","floor":38.0},{"not_picked":["True Grit+1","Pommel Strike"],"picked":"Dual Wield+1","floor":40.0}],"player_experience":420701,"relics_obtained":[{"floor":6.0,"key":"Frozen Egg 2"},{"floor":11.0,"key":"Dream Catcher"},{"floor":23.0,"key":"Smiling Mask"},{"floor":25.0,"key":"Ancient Tea Set"},{"floor":26.0,"key":"Matryoshka"},{"floor":27.0,"key":"Oddly Smooth Stone"},{"floor":40.0,"key":"Pear"}],"event_choices":[{"damage_healed":0.0,"max_hp_gain":0.0,"max_hp_loss":0.0,"gold_gain":0.0,"event_name":"Big Fish","player_choice":"Box","floor":3.0,"gold_loss":0.0,"damage_taken":0.0,"relics_obtained":["Orichalcum"],"cards_obtained":["Regret"]},{"damage_healed":0.0,"max_hp_gain":0.0,"max_hp_loss":0.0,"gold_gain":0.0,"cards_transformed":["Strike_R"],"event_name":"Living Wall","player_choice":"Change","floor":10.0,"gold_loss":0.0,"damage_taken":0.0,"cards_obtained":["Intimidate"]},{"damage_healed":0.0,"max_hp_gain":0.0,"max_hp_loss":0.0,"gold_gain":75.0,"event_name":"World of Goop","player_choice":"Gather Gold","floor":12.0,"gold_loss":0.0,"damage_taken":11.0},{"damage_healed":0.0,"max_hp_gain":0.0,"max_hp_loss":0.0,"gold_gain":0.0,"event_name":"Scrap Ooze","player_choice":"Success","floor":13.0,"gold_loss":0.0,"damage_taken":7.0,"relics_obtained":["Blood Vial"]},{"damage_healed":0.0,"max_hp_gain":0.0,"max_hp_loss":0.0,"gold_gain":0.0,"event_name":"Lab","player_choice":"Got Potions","floor":14.0,"gold_loss":0.0,"damage_taken":0.0},{"damage_healed":0.0,"max_hp_gain":0.0,"max_hp_loss":0.0,"gold_gain":0.0,"event_name":"SensoryStone","player_choice":"Memory 1","floor":36.0,"gold_loss":0.0,"damage_taken":0.0}],"is_beta":false,"boss_relics":[{"not_picked":["White Beast Statue","Pandora\u0027s Box"],"picked":"Cursed Key"},{"not_picked":["Philosopher\u0027s Stone","Fusion Hammer"],"picked":"Mark of Pain"}],"items_purged_floors":[8,29,39],"is_endless":false,"potions_floor_spawned":[5,16,18,21,24,25,30,35,38,40],"killed_by":"Reptomancer","ascension_level":2}