{"gold_per_floor":[110,110,125,200,200,230,380,397,397,397,51,77,77,89,89,164,164,180,80,80,80,80,108,121,121,167,178,178],"floor_reached":28,"playtime":1778,"items_purged":["Pain","Strike_G"],"score":488,"play_id":"742ebdbe-916a-4654-a7b7-d57a23dcefee","local_time":"20190226212256","is_ascension_mode":true,"campfire_choices":[{"floor":10.0,"key":"REST"},{"floor":13.0,"key":"REST"},{"data":"Well Laid Plans","floor":15.0,"key":"SMITH"},{"floor":25,"key":"REST"}],"neow_cost":"NONE","seed_source_timestamp":602448170055333,"circlet_count":0,"master_deck":["AscendersBane","Defend_G","Defend_G","Defend_G","Defend_G","Defend_G","Strike_G","Strike_G","Strike_G","Strike_G","Survivor","Neutralize","Caltrops","Poisoned Stab","PiercingWail","Doubt","Poisoned Stab","Well Laid Plans+1","Poisoned Stab","Corpse Explosion","Caltrops+1"],"special_seed":0,"relics":["Ring of the Snake","WarpedTongs","Gremlin Horn","Matryoshka","Centennial Puzzle","Dead Branch","Snake Skull","Frozen Egg 2","Sozu","Bag of Preparation","Paper Crane","Bag of Marbles","Smiling Mask"],"potions_floor_usage":[23],"damage_taken":[{"damage":1.0,"enemies":"Jaw Worm","floor":1.0,"turns":7.0},{"damage":4.0,"enemies":"Cultist","floor":3.0,"turns":4.0},{"damage":18.0,"enemies":"3 Sentries","floor":6.0,"turns":6.0},{"damage":4.0,"enemies":"Small Slimes","floor":8.0,"turns":5.0},{"damage":18.0,"enemies":"Lagavulin","floor":12.0,"turns":8.0},{"damage":9.0,"enemies":"Exordium Wildlife","floor":14.0,"turns":4.0},{"damage":6.0,"enemies":"The Guardian","floor":16.0,"turns":11.0},{"damage":7.0,"enemies":"3 Byrds","floor":18.0,"turns":2.0},{"damage":43,"enemies":"Book of Stabbing","floor":23,"turns":5},{"damage":10,"enemies":"Chosen","floor":24,"turns":4},{"damage":18,"enemies":"Snake Plant","floor":27,"turns":4},{"damage":13,"enemies":"Centurion and Healer","floor":28,"turns":2}],"seed_played":"-3232415105155584903","potions_obtained":[{"floor":0.0,"key":"Explosive Potion"},{"floor":0.0,"key":"Explosive Potion"},{"floor":12.0,"key":"SteroidPotion"},{"floor":14.0,"key":"Fruit Juice"},{"floor":16.0,"key":"EssenceOfSteel"}],"is_trial":false,"path_per_floor":["M","?","M","?","T","E","?","M","T","R","$","E","R","M","R","B",null,"M","$","?","?","T","E","M","R","T","M","M"],"character_chosen":"THE_SILENT","items_purchased":["Snake Skull","Well Laid Plans","Poisoned Stab"],"campfire_rested":3,"item_purchase_floors":[11,11,11],"current_hp_per_floor":[58,58,54,43,43,25,25,21,21,40,40,22,41,32,37,31,61,54,54,54,54,54,11,1,22,22,4,0],"gold":178,"neow_bonus":"THREE_SMALL_POTIONS","is_prod":false,"is_daily":false,"chose_seed":false,"campfire_upgraded":1,"win_rate":0,"timestamp":1551212576,"path_taken":["M","?","?","?","?","E","?","M","T","R","$","E","R","M","R","BOSS","M","$","?","?","?","E","M","R","T","M","M"],"build_version":"2019-01-23","purchased_purges":2,"victory":false,"max_hp_per_floor":[66,66,66,66,66,66,66,66,66,66,66,66,66,66,71,71,71,71,71,71,71,71,71,71,71,71,71,71],"card_choices":[{"not_picked":["Prepared","Tactician"],"picked":"Caltrops","floor":1.0},{"not_picked":["Flying Knee","Slice"],"picked":"Poisoned Stab","floor":3.0},{"not_picked":["Underhanded Strike","Backstab"],"picked":"PiercingWail","floor":6.0},{"not_picked":["Slice","Blade Dance"],"picked":"Poisoned Stab","floor":8.0},{"not_picked":["Cloak And Dagger","Finisher","Glass Knife"],"picked":"SKIP","floor":12.0},{"not_picked":["Acrobatics","Concentrate","Cloak And Dagger"],"picked":"SKIP","floor":14.0},{"not_picked":["Burst","Night Terror"],"picked":"Corpse Explosion","floor":16.0},{"not_picked":["Underhanded Strike","Dagger Throw"],"picked":"Caltrops+1","floor":18.0},{"not_picked":["Sucker Punch","Outmaneuver","Tactician"],"picked":"SKIP","floor":23},{"not_picked":["Eviscerate","Heel Hook","Cloak And Dagger"],"picked":"SKIP","floor":24},{"not_picked":["Outmaneuver","Finisher","Doppelganger"],"picked":"SKIP","floor":27}],"player_experience":1714864,"relics_obtained":[{"floor":5.0,"key":"Gremlin Horn"},{"floor":6.0,"key":"Matryoshka"},{"floor":9.0,"key":"Centennial Puzzle"},{"floor":9.0,"key":"Dead Branch"},{"floor":12.0,"key":"Frozen Egg 2"},{"floor":22.0,"key":"Bag of Preparation"},{"floor":22.0,"key":"Paper Crane"},{"floor":23,"key":"Bag of Marbles"},{"floor":26,"key":"Smiling Mask"}],"event_choices":[{"damage_healed":0.0,"max_hp_gain":0.0,"max_hp_loss":0.0,"gold_gain":0.0,"event_name":"Accursed Blacksmith","player_choice":"Rummage","floor":2.0,"gold_loss":0.0,"damage_taken":0.0,"relics_obtained":["WarpedTongs"],"cards_obtained":["Pain"]},{"damage_healed":0.0,"max_hp_gain":0.0,"max_hp_loss":0.0,"gold_gain":75.0,"event_name":"World of Goop","player_choice":"Gather Gold","floor":4.0,"gold_loss":0.0,"damage_taken":11.0},{"damage_healed":0.0,"max_hp_gain":0.0,"max_hp_loss":0.0,"gold_gain":150.0,"event_name":"Liars Game","player_choice":"AGREE","floor":7.0,"gold_loss":0.0,"damage_taken":0.0,"cards_obtained":["Doubt"]},{"damage_healed":0.0,"max_hp_gain":0.0,"max_hp_loss":0.0,"gold_gain":0.0,"event_name":"Cursed Tome","player_choice":"Ignored","floor":20.0,"gold_loss":0.0,"damage_taken":0.0},{"damage_healed":0.0,"max_hp_gain":0.0,"max_hp_loss":0.0,"gold_gain":0.0,"event_name":"Vampires","player_choice":"Ignored","floor":21.0,"gold_loss":0.0,"damage_taken":0.0}],"is_beta":false,"boss_relics":[{"not_picked":["White Beast Statue","Eternal Feather"],"picked":"Sozu"}],"items_purged_floors":[11,19],"is_endless":false,"potions_floor_spawned":[12,14,16,18,24,27],"killed_by":"Centurion and Healer","ascension_level":20}