{"gold_per_floor":[112,131,15,15,27,54,54,54,54,80,27,44,76,76,88,174,186,216,228,25,44,55,80,80,93,93,111,111,121,121],"floor_reached":30,"playtime":2021,"items_purged":["Clumsy"],"score":540,"play_id":"176597e4-306c-4b13-84bb-97e1e101c3fc","local_time":"20190227223439","is_ascension_mode":true,"campfire_choices":[{"floor":7,"key":"REST"},{"floor":15,"key":"REST"},{"floor":24,"key":"REST"},{"data":"Fission","floor":28,"key":"SMITH"}],"neow_cost":"CURSE","seed_source_timestamp":693029630525489,"circlet_count":0,"master_deck":["AscendersBane","Strike_B+1","Strike_B+1","Strike_B","Defend_B+1","Defend_B","Defend_B","Defend_B+1","Zap","Dualcast","Gash","Ball Lightning","Sunder","Coolheaded","Go for the Eyes","Leap","Coolheaded","Hyperbeam","Ball Lightning","Coolheaded+1","FTL","Darkness+1","Fission+1","Self Repair","Capacitor"],"relics":["FrozenCore","Ginger","Emotion Chip","Torii","Du-Vu Doll","Whetstone","Orichalcum","MawBank","Runic Capacitor","Unceasing Top","Bottled Flame"],"potions_floor_usage":[5,13,13,16,23,23,30],"damage_taken":[{"damage":1,"enemies":"2 Louse","floor":1,"turns":2},{"damage":2,"enemies":"Jaw Worm","floor":2,"turns":3},{"damage":0,"enemies":"Cultist","floor":5,"turns":3},{"damage":28,"enemies":"Gremlin Nob","floor":6,"turns":4},{"damage":10,"enemies":"Lagavulin","floor":10,"turns":7},{"damage":1,"enemies":"Large Slime","floor":12,"turns":3},{"damage":1,"enemies":"Gremlin Nob","floor":13,"turns":3},{"damage":9,"enemies":"Slime Boss","floor":16,"turns":11},{"damage":1,"enemies":"Spheric Guardian","floor":18,"turns":3},{"damage":12,"enemies":"2 Thieves","floor":21,"turns":4},{"damage":4,"enemies":"Centurion and Healer","floor":22,"turns":9},{"damage":20,"enemies":"Slavers","floor":23,"turns":3},{"damage":18,"enemies":"Shelled Parasite and Fungi","floor":25,"turns":6},{"damage":7,"enemies":"Chosen and Byrds","floor":27,"turns":5},{"damage":2,"enemies":"Snake Plant","floor":29,"turns":5},{"damage":28,"enemies":"Gremlin Leader","floor":30,"turns":6}],"seed_played":"-8345481821244994538","potions_obtained":[{"floor":1,"key":"LiquidBronze"},{"floor":5,"key":"Fruit Juice"},{"floor":10,"key":"Poison Potion"},{"floor":13,"key":"GamblersBrew"},{"floor":18,"key":"Ancient Potion"},{"floor":22,"key":"FearPotion"},{"floor":25,"key":"Fire Potion"},{"floor":29,"key":"SpeedPotion"}],"is_trial":false,"path_per_floor":["M","M","$","?","M","E","R","?","T","E","$","M","E","?","R","B",null,"M","?","$","M","M","E","R","M","T","M","R","M","E"],"character_chosen":"DEFECT","items_purchased":["Sunder","SteroidPotion","Runic Capacitor"],"campfire_rested":3,"item_purchase_floors":[3,11,20],"current_hp_per_floor":[63,61,61,40,45,17,39,39,39,29,29,28,27,22,44,35,66,65,65,65,53,49,29,51,33,33,26,26,24,0],"gold":121,"neow_bonus":"ONE_RARE_RELIC","is_prod":false,"is_daily":false,"chose_seed":false,"campfire_upgraded":1,"win_rate":0,"timestamp":1551303279,"path_taken":["M","M","$","?","M","E","R","?","T","E","$","M","E","?","R","BOSS","M","?","$","?","M","E","R","M","T","M","R","M","E"],"build_version":"2019-01-23","purchased_purges":1,"victory":false,"max_hp_per_floor":[71,71,71,71,76,76,76,76,76,76,76,76,76,76,76,76,76,76,76,76,76,76,76,76,76,76,76,76,76,76],"card_choices":[{"not_picked":["Aggregate","Hologram"],"picked":"Gash","floor":1},{"not_picked":["Hologram","Chaos"],"picked":"Ball Lightning","floor":2},{"not_picked":["Static Discharge","Sweeping Beam"],"picked":"Coolheaded","floor":5},{"not_picked":["Lockon","Loop"],"picked":"Go for the Eyes","floor":6},{"not_picked":["Go for the Eyes","Barrage"],"picked":"Leap","floor":10},{"not_picked":["Barrage","Go for the Eyes","Fusion"],"picked":"SKIP","floor":12},{"not_picked":["Rainbow","Cold Snap"],"picked":"Coolheaded","floor":13},{"not_picked":["Machine Learning","Fission"],"picked":"Hyperbeam","floor":16},{"not_picked":["Aggregate","Conserve Battery"],"picked":"Ball Lightning","floor":18},{"not_picked":["Storm","Scrape"],"picked":"Coolheaded+1","floor":21},{"not_picked":["Cold Snap","Scrape"],"picked":"FTL","floor":22},{"not_picked":["Stack","Sunder"],"picked":"Darkness+1","floor":23},{"not_picked":["Blizzard","Sweeping Beam"],"picked":"Fission","floor":25},{"not_picked":["Redo+1","Blizzard"],"picked":"Self Repair","floor":27},{"not_picked":["Beam Cell","Scrape"],"picked":"Capacitor","floor":29}],"player_experience":1738271,"relics_obtained":[{"floor":6,"key":"Emotion Chip"},{"floor":9,"key":"Du-Vu Doll"},{"floor":10,"key":"Whetstone"},{"floor":13,"key":"Orichalcum"},{"floor":23,"key":"Unceasing Top"},{"floor":26,"key":"Bottled Flame"}],"event_choices":[{"damage_healed":0,"gold_gain":0,"player_choice":"Entered Light","damage_taken":21,"max_hp_gain":0,"max_hp_loss":0,"event_name":"Shining Light","floor":4,"gold_loss":0,"cards_upgraded":["Defend_B","Defend_B"]},{"damage_healed":0,"gold_gain":0,"player_choice":"Searched \u00271\u0027 times","damage_taken":0,"relics_obtained":["Torii"],"max_hp_gain":0,"max_hp_loss":0,"event_name":"Dead Adventurer","floor":8,"gold_loss":0},{"damage_healed":0,"gold_gain":0,"player_choice":"Success","damage_taken":5,"relics_obtained":["MawBank"],"max_hp_gain":0,"max_hp_loss":0,"event_name":"Scrap Ooze","floor":14,"gold_loss":0},{"cards_removed":["Strike_B"],"damage_healed":0,"gold_gain":0,"player_choice":"Offered Basic","damage_taken":0,"max_hp_gain":0,"max_hp_loss":0,"event_name":"Bonfire Elementals","floor":19,"gold_loss":0}],"is_beta":false,"boss_relics":[{"not_picked":["Runic Dome","Pandora\u0027s Box"],"picked":"FrozenCore"}],"items_purged_floors":[3],"is_endless":false,"potions_floor_spawned":[1,5,10,13,18,22,25,29],"killed_by":"Gremlin Leader","ascension_level":20}