{"gold_per_floor":[118,118,39,58,72,72,103,103,103,118,118,178,48,63,63,140,140,157,57,157,167,192,221,221,92,92,92,119,130,148,174,174,253,253,269,93,112,112,131,131,141,141,141,141,141,169,183,197,197,197,197,197,197,5,35,35],"floor_reached":56,"playtime":3997,"items_purged":["Strike_B","Strike_B","Defend_B","Defend_B"],"score":1845,"play_id":"e5df06bc-7d97-424d-aacd-32909aa7924c","local_time":"20190515225801","is_ascension_mode":true,"campfire_choices":[{"data":"Defragment","floor":6.0,"key":"SMITH"},{"data":"Coolheaded","floor":8.0,"key":"SMITH"},{"floor":15.0,"key":"REST"},{"floor":24.0,"key":"REST"},{"floor":32.0,"key":"REST"},{"floor":40.0,"key":"REST"},{"floor":42.0,"key":"RECALL"},{"data":"Defragment","floor":44.0,"key":"SMITH"},{"data":"Defragment","floor":49.0,"key":"SMITH"},{"data":"Defragment","floor":53,"key":"SMITH"}],"neow_cost":"PERCENT_DAMAGE","seed_source_timestamp":0,"circlet_count":0,"master_deck":["AscendersBane","Defend_B","Defend_B","Zap+1","Dualcast","Static Discharge","Defragment+1","Tempest","Undo","Coolheaded+1","Ball Lightning+1","Defragment+1","Electrodynamics","Coolheaded","Cold Snap","Hologram","Self Repair","Defragment+1","Conserve Battery","Defragment+1","Echo Form","Cold Snap","White Noise"],"special_seed":0,"relics":["Cracked Core","Emotion Chip","Bottled Lightning","Whetstone","Black Star","Gambling Chip","Letter Opener","Red Mask","Lantern","Boot","Blood Vial","Bronze Scales","FossilizedHelix","Bottled Tornado","Velvet Choker","Cables","Mummified Hand","Dodecahedron","Thread and Needle","DataDisk"],"potions_floor_usage":[51,56,56],"damage_taken":[{"damage":0.0,"enemies":"2 Louse","floor":1.0,"turns":3.0},{"damage":1.0,"enemies":"Cultist","floor":4.0,"turns":4.0},{"damage":4.0,"enemies":"Small Slimes","floor":5.0,"turns":3.0},{"damage":30.0,"enemies":"3 Sentries","floor":7.0,"turns":8.0},{"damage":7.0,"enemies":"Looter","floor":10.0,"turns":3.0},{"damage":0.0,"enemies":"Gremlin Nob","floor":12.0,"turns":3.0},{"damage":5.0,"enemies":"Exordium Wildlife","floor":14.0,"turns":2.0},{"damage":3.0,"enemies":"The Guardian","floor":16.0,"turns":8.0},{"damage":6.0,"enemies":"Chosen","floor":18.0,"turns":4.0},{"damage":13.0,"enemies":"Colosseum Slavers","floor":20.0,"turns":3.0},{"damage":8.0,"enemies":"Colosseum Nobs","floor":20.0,"turns":3.0},{"damage":1.0,"enemies":"Spheric Guardian","floor":21.0,"turns":3.0},{"damage":2.0,"enemies":"Masked Bandits","floor":22.0,"turns":2.0},{"damage":24.0,"enemies":"Book of Stabbing","floor":23.0,"turns":4.0},{"damage":17.0,"enemies":"Slavers","floor":28.0,"turns":3.0},{"damage":5.0,"enemies":"Snake Plant","floor":29.0,"turns":3.0},{"damage":11.0,"enemies":"Shelled Parasite and Fungi","floor":30.0,"turns":4.0},{"damage":23.0,"enemies":"Book of Stabbing","floor":31.0,"turns":5.0},{"damage":14.0,"enemies":"Champ","floor":33.0,"turns":13.0},{"damage":35.0,"enemies":"3 Darklings","floor":35.0,"turns":3.0},{"damage":0.0,"enemies":"3 Shapes","floor":37.0,"turns":3.0},{"damage":24.0,"enemies":"Jaw Worm Horde","floor":39.0,"turns":3.0},{"damage":0.0,"enemies":"Maw","floor":41.0,"turns":8.0},{"damage":21.0,"enemies":"Nemesis","floor":46.0,"turns":9.0},{"damage":0.0,"enemies":"Spire Growth","floor":47.0,"turns":5.0},{"damage":0.0,"enemies":"Jaw Worm Horde","floor":48.0,"turns":2.0},{"damage":15,"enemies":"Time Eater","floor":50,"turns":12},{"damage":55,"enemies":"Awakened One","floor":51,"turns":12},{"damage":29,"enemies":"Shield and Spear","floor":55,"turns":3},{"damage":66,"enemies":"The Heart","floor":56,"turns":3}],"seed_played":"4390439251245109983","potions_obtained":[{"floor":5.0,"key":"GamblersBrew"},{"floor":7.0,"key":"SneckoOil"},{"floor":10.0,"key":"SpeedPotion"},{"floor":21.0,"key":"Energy Potion"},{"floor":22.0,"key":"Regen Potion"},{"floor":23.0,"key":"FocusPotion"},{"floor":29.0,"key":"FocusPotion"},{"floor":33.0,"key":"Block Potion"},{"floor":47.0,"key":"LiquidBronze"},{"floor":55,"key":"AttackPotion"}],"is_trial":false,"path_per_floor":["M","?","$","M","M","R","E","R","T","M","?","?","$","M","R","B",null,"M","$","?","M","?","E","R","$","T","?","E","M","M","E","R","B",null,"M","$","M","?","M","R","M","R","T","R","?","E","M","M","R","B","B",null,"R","$","E","B"],"character_chosen":"DEFECT","items_purchased":["Defragment","Block Potion","Defragment","Conserve Battery","Cold Snap","White Noise"],"campfire_rested":4,"item_purchase_floors":[3,13,25,25,36,54],"current_hp_per_floor":[60,60,60,59,55,55,25,25,25,18,18,18,18,13,38,35,73,67,67,46,45,43,31,56,56,56,56,39,36,34,13,38,33,72,46,46,48,43,28,53,69,69,69,69,69,57,73,75,75,76,30,71,71,71,44,0],"gold":35,"neow_bonus":"TWENTY_PERCENT_HP_BONUS","is_prod":false,"is_daily":false,"chose_seed":false,"campfire_upgraded":5,"win_rate":0,"timestamp":1557953881,"path_taken":["M","?","$","M","?","R","E","R","T","M","?","?","?","M","R","BOSS","M","$","?","M","?","E","R","$","T","?","E","?","M","E","R","BOSS","M","$","M","?","M","R","M","R","T","R","?","E","M","?","R","BOSS","BOSS","R","$","E","BOSS"],"build_version":"2019-01-23","purchased_purges":4,"victory":false,"max_hp_per_floor":[85,85,85,85,85,85,85,85,85,85,85,85,85,85,85,85,85,85,85,85,85,85,85,85,85,85,85,85,85,85,85,85,85,85,85,85,85,85,85,85,85,85,85,85,85,85,85,85,85,85,85,85,85,85,85,85],"card_choices":[{"not_picked":["Redo","White Noise"],"picked":"Static Discharge","floor":1.0},{"not_picked":["Darkness","Redo"],"picked":"Tempest","floor":4.0},{"not_picked":["Heatsinks","Gash"],"picked":"Undo","floor":5.0},{"not_picked":["Reinforced Body","Conserve Battery"],"picked":"Coolheaded","floor":7.0},{"not_picked":["Beam Cell","Melter"],"picked":"Ball Lightning","floor":10.0},{"not_picked":["Streamline","Darkness"],"picked":"Defragment","floor":14.0},{"not_picked":["Hyperbeam","Echo Form"],"picked":"Electrodynamics","floor":16.0},{"not_picked":["Sweeping Beam","Rebound"],"picked":"Coolheaded","floor":18.0},{"not_picked":["Sweeping Beam+1","Conserve Battery"],"picked":"Cold Snap","floor":21.0},{"not_picked":["Beam Cell","Recycle"],"picked":"Hologram","floor":22.0},{"not_picked":["Hologram","Scrape"],"picked":"Self Repair","floor":23.0},{"not_picked":["Steam Power","Scrape","Gash"],"picked":"SKIP","floor":28.0},{"not_picked":["Static Discharge","Storm"],"picked":"Defragment","floor":29.0},{"not_picked":["Tempest+1","Conserve Battery","Ball Lightning"],"picked":"SKIP","floor":30.0},{"not_picked":["Rebound","Go for the Eyes","Heatsinks"],"picked":"SKIP","floor":31.0},{"not_picked":["Thunder Strike","All For One"],"picked":"Echo Form","floor":33.0},{"not_picked":["Steam+1","Stack","Conserve Battery+1"],"picked":"SKIP","floor":35.0},{"not_picked":["Barrage+1","Coolheaded","Redo"],"picked":"SKIP","floor":37.0},{"not_picked":["Undo","Cold Snap","Lockon"],"picked":"SKIP","floor":39.0},{"not_picked":["Blizzard","Barrage","Coolheaded"],"picked":"SKIP","floor":41.0},{"not_picked":["White Noise","Coolheaded","Beam Cell"],"picked":"SKIP","floor":46.0},{"not_picked":["Sunder+1","Auto Shields","Beam Cell"],"picked":"SKIP","floor":47.0},{"not_picked":["Cold Snap","Turbo","Redo"],"picked":"SKIP","floor":48.0},{"not_picked":["Reprogram","Meteor Strike","Storm"],"picked":"SKIP","floor":55}],"player_experience":2696604,"relics_obtained":[{"floor":7.0,"key":"Emotion Chip"},{"floor":9.0,"key":"Bottled Lightning"},{"floor":12.0,"key":"Whetstone"},{"floor":20.0,"key":"Gambling Chip"},{"floor":20.0,"key":"Letter Opener"},{"floor":22.0,"key":"Red Mask"},{"floor":23.0,"key":"Lantern"},{"floor":23.0,"key":"Boot"},{"floor":28.0,"key":"Blood Vial"},{"floor":28.0,"key":"Bronze Scales"},{"floor":31.0,"key":"FossilizedHelix"},{"floor":31.0,"key":"Bottled Tornado"},{"floor":43.0,"key":"Cables"},{"floor":46.0,"key":"Mummified Hand"},{"floor":46.0,"key":"Dodecahedron"},{"floor":55,"key":"Thread and Needle"},{"floor":55,"key":"DataDisk"}],"event_choices":[{"cards_removed":["Strike_B"],"damage_healed":0.0,"max_hp_gain":0.0,"max_hp_loss":0.0,"gold_gain":0.0,"event_name":"Purifier","player_choice":"Purged","floor":2.0,"gold_loss":0.0,"damage_taken":0.0},{"damage_healed":0.0,"max_hp_gain":0.0,"max_hp_loss":0.0,"gold_gain":0.0,"event_name":"Living Wall","player_choice":"Grow","floor":11.0,"gold_loss":0.0,"damage_taken":0.0,"cards_upgraded":["Zap"]},{"damage_healed":0.0,"max_hp_gain":0.0,"max_hp_loss":0.0,"gold_gain":0.0,"event_name":"Dead Adventurer","player_choice":"Searched \u00271\u0027 times","floor":12.0,"gold_loss":0.0,"damage_taken":0.0},{"damage_healed":0.0,"max_hp_gain":0.0,"max_hp_loss":0.0,"gold_gain":0.0,"event_name":"Colosseum","player_choice":"Fight","floor":20.0,"gold_loss":0.0,"damage_taken":0.0},{"damage_healed":0.0,"max_hp_gain":0.0,"max_hp_loss":0.0,"gold_gain":0.0,"event_name":"Colosseum","player_choice":"Fought Nobs","floor":20.0,"gold_loss":0.0,"damage_taken":0.0},{"damage_healed":0.0,"max_hp_gain":0.0,"max_hp_loss":0.0,"gold_gain":0.0,"event_name":"Masked Bandits","player_choice":"Fought Bandits","floor":22.0,"gold_loss":0.0,"damage_taken":0.0},{"cards_removed":["Strike_B"],"damage_healed":0.0,"max_hp_gain":0.0,"max_hp_loss":0.0,"gold_gain":0.0,"event_name":"Purifier","player_choice":"Purged","floor":27.0,"gold_loss":0.0,"damage_taken":0.0},{"damage_healed":0.0,"max_hp_gain":0.0,"max_hp_loss":0.0,"gold_gain":0.0,"event_name":"SensoryStone","player_choice":"Memory 2","floor":38.0,"gold_loss":0.0,"damage_taken":5.0},{"damage_healed":0.0,"max_hp_gain":0.0,"max_hp_loss":0.0,"gold_gain":0.0,"event_name":"SecretPortal","player_choice":"Ignored","floor":45.0,"gold_loss":0.0,"damage_taken":0.0}],"is_beta":false,"boss_relics":[{"not_picked":["Fusion Hammer","Pandora\u0027s Box"],"picked":"Black Star"},{"not_picked":["Nuclear Battery","FrozenCore"],"picked":"Velvet Choker"}],"items_purged_floors":[13,19,36,54],"is_endless":false,"potions_floor_spawned":[5,7,10,21,22,23,29,33,39,47,48,55],"killed_by":"The Heart","ascension_level":20}