{"gold_per_floor":[109,127,68,68,81,81,131,166,166,166,198,218,232,267,267,267],"floor_reached":16,"playtime":1038,"items_purged":[],"score":240,"play_id":"74b122a8-8135-4e6e-8bff-db849c84b4c6","local_time":"20190502234403","is_ascension_mode":true,"campfire_choices":[{"floor":6,"key":"REST"},{"data":"Bouncing Flask","floor":10,"key":"SMITH"},{"floor":15,"key":"REST"}],"neow_cost":"NONE","seed_source_timestamp":1996190443950001,"circlet_count":0,"master_deck":["AscendersBane","Defend_G","Defend_G","Defend_G","Defend_G","Defend_G","Strike_G+1","Strike_G","Strike_G","Strike_G","Strike_G","Survivor+1","Neutralize","Leg Sweep","Bane","Quick Slash","Bouncing Flask+1","Doppelganger","Well Laid Plans","Catalyst","Deadly Poison"],"special_seed":0,"relics":["Ring of the Snake","Orichalcum","Bottled Lightning","Blood Vial","Mercury Hourglass","Sundial"],"potions_floor_usage":[5,14,14],"damage_taken":[{"damage":7.0,"enemies":"Cultist","floor":1.0,"turns":6.0},{"damage":6,"enemies":"Small Slimes","floor":2,"turns":4},{"damage":0,"enemies":"2 Louse","floor":5,"turns":3},{"damage":12,"enemies":"Gremlin Nob","floor":8,"turns":4},{"damage":13,"enemies":"Lagavulin","floor":11,"turns":5},{"damage":4,"enemies":"Red Slaver","floor":12,"turns":2},{"damage":3,"enemies":"Looter","floor":13,"turns":3},{"damage":4,"enemies":"3 Sentries","floor":14,"turns":5},{"damage":42,"enemies":"Slime Boss","floor":16,"turns":9}],"seed_played":"8223357097731535976","potions_obtained":[{"floor":1.0,"key":"Poison Potion"},{"floor":2,"key":"Dexterity Potion"},{"floor":13,"key":"AttackPotion"},{"floor":14,"key":"Ancient Potion"}],"is_trial":false,"path_per_floor":["M","M","$","?","M","R","?","E","T","R","E","M","M","E","R","B"],"character_chosen":"THE_SILENT","items_purchased":["Quick Slash"],"campfire_rested":2,"item_purchase_floors":[3],"current_hp_per_floor":[52,46,46,26,26,45,45,33,33,33,22,20,19,17,36,0],"gold":267,"neow_bonus":"RANDOM_COMMON_RELIC","is_prod":false,"is_daily":false,"chose_seed":false,"campfire_upgraded":1,"win_rate":0,"timestamp":1556833443,"path_taken":["M","M","$","?","M","R","?","E","T","R","E","M","M","E","R","BOSS"],"build_version":"2019-01-23","purchased_purges":0,"victory":false,"max_hp_per_floor":[66,66,66,66,66,66,66,66,66,66,66,66,66,66,66,66],"card_choices":[{"not_picked":["Setup","Deflect"],"picked":"Leg Sweep","floor":1.0},{"not_picked":["Expertise","Acrobatics"],"picked":"Bane","floor":2},{"not_picked":["Sucker Punch","Flechettes"],"picked":"Bouncing Flask","floor":5},{"not_picked":["Flying Knee","Caltrops"],"picked":"Doppelganger","floor":8},{"not_picked":["Dagger Spray","Riddle With Holes"],"picked":"Well Laid Plans","floor":11},{"not_picked":["Predator","Bouncing Flask"],"picked":"Catalyst","floor":12},{"not_picked":["Accuracy","Slice","Finisher"],"picked":"SKIP","floor":13},{"not_picked":["Reflex","Leg Sweep"],"picked":"Deadly Poison","floor":14}],"player_experience":2630267,"relics_obtained":[{"floor":8,"key":"Bottled Lightning"},{"floor":9,"key":"Blood Vial"},{"floor":11,"key":"Mercury Hourglass"},{"floor":14,"key":"Sundial"}],"event_choices":[{"damage_healed":0,"gold_gain":0,"player_choice":"Entered Light","damage_taken":20,"max_hp_gain":0,"max_hp_loss":0,"event_name":"Shining Light","floor":4,"gold_loss":0,"cards_upgraded":["Survivor","Strike_G"]},{"damage_healed":0,"gold_gain":50,"player_choice":"Pray","damage_taken":0,"max_hp_gain":0,"max_hp_loss":0,"event_name":"Golden Shrine","floor":7,"gold_loss":0}],"is_beta":false,"boss_relics":[],"items_purged_floors":[],"is_endless":false,"potions_floor_spawned":[1,2,13,14],"killed_by":"Slime Boss","ascension_level":20}