{"gold_per_floor":[364,120,136,192,212,237,253,253],"floor_reached":8,"playtime":745,"items_purged":["Pain"],"score":78,"play_id":"e0ed7f86-7cdc-4e7d-abb8-30622b547338","local_time":"20190524052341","is_ascension_mode":true,"campfire_choices":[],"neow_cost":"CURSE","seed_source_timestamp":437498784725268,"circlet_count":0,"master_deck":["Defend_G","Defend_G","Defend_G","Defend_G","Defend_G","Strike_G","Strike_G","Strike_G","Strike_G","Strike_G","Survivor","Neutralize","Backstab","Mayhem","Deadly Poison","Dash","Flying Knee"],"special_seed":0,"relics":["Ring of the Snake","Smiling Mask"],"potions_floor_usage":[],"damage_taken":[{"damage":20.0,"enemies":"Cultist","floor":1.0,"turns":7.0},{"damage":0.0,"enemies":"Jaw Worm","floor":3.0,"turns":5.0},{"damage":0.0,"enemies":"Small Slimes","floor":5.0,"turns":4.0},{"damage":7.0,"enemies":"Lagavulin","floor":6.0,"turns":7.0},{"damage":0,"enemies":"Red Slaver","floor":7,"turns":4},{"damage":36,"enemies":"Gremlin Nob","floor":8,"turns":4}],"seed_played":"-6819918638515317142","potions_obtained":[{"floor":1.0,"key":"AttackPotion"}],"is_trial":false,"path_per_floor":["M","$","M","?","M","E","M","?"],"character_chosen":"THE_SILENT","items_purchased":["Mayhem"],"campfire_rested":0,"item_purchase_floors":[2],"current_hp_per_floor":[43,43,43,43,43,36,36,0],"gold":253,"neow_bonus":"TWO_FIFTY_GOLD","is_prod":false,"is_daily":false,"chose_seed":false,"campfire_upgraded":0,"win_rate":0,"timestamp":1558655621,"path_taken":["M","$","?","?","M","E","M","?"],"build_version":"2019-01-23","purchased_purges":1,"victory":false,"max_hp_per_floor":[70,70,70,70,70,70,70,70],"card_choices":[{"not_picked":["Quick Slash","Prepared"],"picked":"Backstab","floor":1.0},{"not_picked":["Underhanded Strike","Prepared","Skewer"],"picked":"SKIP","floor":3.0},{"not_picked":["Quick Slash","Flying Knee"],"picked":"Deadly Poison","floor":5.0},{"not_picked":["Deflect","Dagger Throw"],"picked":"Dash","floor":6.0},{"not_picked":["Deflect","Night Terror"],"picked":"Flying Knee","floor":7}],"player_experience":694756,"relics_obtained":[{"floor":6.0,"key":"Smiling Mask"}],"event_choices":[{"damage_healed":0.0,"max_hp_gain":0.0,"max_hp_loss":0.0,"gold_gain":56.0,"event_name":"Golden Wing","player_choice":"Gained Gold","floor":4.0,"gold_loss":0.0,"damage_taken":0.0},{"damage_healed":0,"gold_gain":0,"player_choice":"Searched \u00271\u0027 times","damage_taken":0,"max_hp_gain":0,"max_hp_loss":0,"event_name":"Dead Adventurer","floor":8,"gold_loss":0}],"is_beta":false,"boss_relics":[],"items_purged_floors":[2],"is_endless":false,"potions_floor_spawned":[1],"killed_by":"Gremlin Nob","ascension_level":7}