{"gold_per_floor":[110,127,127,127,38,72,90,107,179,179,213,213,246,92,92,92],"floor_reached":16,"playtime":1106,"items_purged":["Strike_G"],"score":286,"play_id":"73ef5f55-d6a9-4681-a0c5-874725a67460","local_time":"20190312204654","is_ascension_mode":true,"campfire_choices":[{"floor":12,"key":"REST"},{"data":"Noxious Fumes","floor":15,"key":"SMITH"}],"neow_cost":"NONE","seed_source_timestamp":6670933889204,"circlet_count":0,"master_deck":["AscendersBane","Defend_G","Defend_G","Defend_G","Defend_G","Defend_G","Strike_G","Strike_G+1","Strike_G+1","Strike_G","Survivor","Neutralize","Deadly Poison","Skewer","Phantasmal Killer","Well Laid Plans","Backstab","Prepared","Catalyst","Blur+1","Leg Sweep+1","Noxious Fumes+1"],"relics":["Ring of the Snake","NeowsBlessing","Tingsha","Orichalcum","Toxic Egg 2","Lantern","Dream Catcher"],"potions_floor_usage":[11,16],"damage_taken":[{"damage":0,"enemies":"Small Slimes","floor":1,"turns":1},{"damage":0,"enemies":"2 Louse","floor":2,"turns":1},{"damage":0,"enemies":"3 Sentries","floor":6,"turns":1},{"damage":0,"enemies":"Cultist","floor":7,"turns":2},{"damage":12,"enemies":"Large Slime","floor":8,"turns":7},{"damage":2,"enemies":"Gremlin Nob","floor":11,"turns":3},{"damage":8,"enemies":"3 Sentries","floor":13,"turns":7},{"damage":28,"enemies":"Slime Boss","floor":16,"turns":9}],"seed_played":"2385128168773210562","potions_obtained":[{"floor":2,"key":"SteroidPotion"},{"floor":8,"key":"Poison Potion"}],"is_trial":false,"path_per_floor":["M","M","?","?","$","E","M","M","T","?","E","R","E","$","R","B"],"character_chosen":"THE_SILENT","items_purchased":["Well Laid Plans","Noxious Fumes"],"campfire_rested":1,"item_purchase_floors":[5,14],"current_hp_per_floor":[59,59,48,48,48,48,48,36,36,16,14,33,25,25,25,0],"gold":92,"neow_bonus":"THREE_ENEMY_KILL","is_prod":false,"is_daily":false,"chose_seed":false,"campfire_upgraded":1,"win_rate":0,"timestamp":1552420014,"path_taken":["M","M","?","?","$","E","?","M","T","?","E","R","E","$","R","BOSS"],"build_version":"2019-01-23","purchased_purges":1,"victory":false,"max_hp_per_floor":[66,66,66,66,66,66,66,66,66,66,66,66,66,66,66,66],"card_choices":[{"not_picked":["Distraction","Cloak And Dagger"],"picked":"Deadly Poison","floor":1},{"not_picked":["Quick Slash","Dagger Throw"],"picked":"Skewer","floor":2},{"not_picked":["Choke","Crippling Poison"],"picked":"Backstab","floor":6},{"not_picked":["Flying Knee","Backflip"],"picked":"Prepared","floor":7},{"not_picked":["Blade Dance","Dodge and Roll"],"picked":"Catalyst","floor":8},{"not_picked":["Sucker Punch","Outmaneuver+1"],"picked":"Blur+1","floor":11},{"not_picked":["Infinite Blades","Predator"],"picked":"Leg Sweep+1","floor":13}],"player_experience":2008499,"relics_obtained":[{"floor":6,"key":"Orichalcum"},{"floor":9,"key":"Toxic Egg 2"},{"floor":11,"key":"Lantern"},{"floor":13,"key":"Dream Catcher"}],"event_choices":[{"damage_healed":0,"gold_gain":0,"player_choice":"Success","damage_taken":11,"relics_obtained":["Tingsha"],"max_hp_gain":0,"max_hp_loss":0,"event_name":"Scrap Ooze","floor":3,"gold_loss":0},{"damage_healed":0,"gold_gain":0,"player_choice":"1 cards matched","damage_taken":0,"max_hp_gain":0,"max_hp_loss":0,"event_name":"Match and Keep!","floor":4,"gold_loss":0,"cards_obtained":["Phantasmal Killer"]},{"damage_healed":0,"gold_gain":0,"player_choice":"Entered Light","damage_taken":20,"max_hp_gain":0,"max_hp_loss":0,"event_name":"Shining Light","floor":10,"gold_loss":0,"cards_upgraded":["Strike_G","Strike_G"]}],"is_beta":false,"boss_relics":[],"items_purged_floors":[14],"is_endless":false,"potions_floor_spawned":[2,8],"killed_by":"Slime Boss","ascension_level":20}