{"gold_per_floor":[17,31,43,63,63,63,93,93,139,154,154,185,110,129,129,129],"floor_reached":16,"playtime":769,"items_purged":[],"score":224,"play_id":"71a74da9-d9e3-4518-ac2d-08e10b630519","local_time":"20190409212844","is_ascension_mode":true,"campfire_choices":[{"data":"Anger","floor":6,"key":"SMITH"},{"data":"Bash","floor":11,"key":"SMITH"},{"data":"Flex","floor":15,"key":"SMITH"}],"neow_cost":"NO_GOLD","seed_source_timestamp":1131682760753,"circlet_count":0,"master_deck":["AscendersBane","Strike_R","Strike_R","Strike_R","Strike_R","Defend_R","Defend_R","Defend_R","Defend_R","Bash+1","Intimidate","Anger+1","Shrug It Off","Reaper","Flex+1","Headbutt"],"special_seed":0,"relics":["Burning Blood","Unceasing Top","Matryoshka","Golden Idol","Singing Bowl","Bronze Scales","Juzu Bracelet"],"potions_floor_usage":[10,12,16],"damage_taken":[{"damage":3.0,"enemies":"2 Louse","floor":1.0,"turns":3.0},{"damage":3.0,"enemies":"Small Slimes","floor":2.0,"turns":3.0},{"damage":11,"enemies":"Jaw Worm","floor":3,"turns":4},{"damage":7,"enemies":"2 Fungi Beasts","floor":4,"turns":4},{"damage":42,"enemies":"Lagavulin","floor":7,"turns":7},{"damage":8,"enemies":"Lots of Slimes","floor":10,"turns":3},{"damage":42,"enemies":"3 Sentries","floor":12,"turns":8},{"damage":6,"enemies":"Looter","floor":14,"turns":2},{"damage":48,"enemies":"Hexaghost","floor":16,"turns":9}],"seed_played":"-2188731019052043896","potions_obtained":[{"floor":2,"key":"Swift Potion"},{"floor":7,"key":"SteroidPotion"},{"floor":12,"key":"Dexterity Potion"}],"is_trial":false,"path_per_floor":["M","M","M","M","?","R","E","?","T","M","R","E","?","M","R","B"],"character_chosen":"IRONCLAD","items_purchased":[],"campfire_rested":0,"item_purchase_floors":[],"current_hp_per_floor":[71,74,69,68,68,68,32,32,32,56,56,32,32,32,32,0],"gold":129,"neow_bonus":"ONE_RARE_RELIC","is_prod":false,"is_daily":false,"chose_seed":false,"campfire_upgraded":3,"win_rate":0,"timestamp":1554838124,"path_taken":["M","M","M","M","?","R","E","?","T","M","R","E","?","M","R","BOSS"],"build_version":"2019-01-23","purchased_purges":0,"victory":false,"max_hp_per_floor":[75,75,75,75,75,75,75,68,68,70,70,70,70,70,70,70],"card_choices":[{"not_picked":["Iron Wave","Sword Boomerang"],"picked":"Intimidate","floor":1.0},{"not_picked":["Shockwave","Dropkick"],"picked":"Anger","floor":2},{"not_picked":["Perfected Strike","Heavy Blade","Evolve"],"picked":"SKIP","floor":3},{"not_picked":["Headbutt","True Grit"],"picked":"Shrug It Off","floor":4},{"not_picked":["Dual Wield","Clothesline"],"picked":"Reaper","floor":7},{"not_picked":["Armaments","True Grit","Infernal Blade"],"picked":"Singing Bowl","floor":10},{"not_picked":["Havoc","Perfected Strike"],"picked":"Flex","floor":12},{"not_picked":["Fire Breathing","Ghostly Armor"],"picked":"Headbutt","floor":14}],"player_experience":2460501,"relics_obtained":[{"floor":7,"key":"Matryoshka"},{"floor":9,"key":"Singing Bowl"},{"floor":9,"key":"Bronze Scales"},{"floor":12,"key":"Juzu Bracelet"}],"event_choices":[{"damage_healed":0,"gold_gain":0,"player_choice":"Ignored","damage_taken":0,"max_hp_gain":0,"max_hp_loss":0,"event_name":"Liars Game","floor":5,"gold_loss":0},{"damage_healed":0,"gold_gain":0,"player_choice":"Lose Max HP","damage_taken":0,"relics_obtained":["Golden Idol"],"max_hp_gain":0,"max_hp_loss":7,"event_name":"Golden Idol","floor":8,"gold_loss":0},{"cards_removed":["Strike_R"],"damage_healed":0,"gold_gain":0,"player_choice":"Card Removal","damage_taken":0,"max_hp_gain":0,"max_hp_loss":0,"event_name":"The Cleric","floor":13,"gold_loss":75}],"is_beta":false,"boss_relics":[],"items_purged_floors":[],"is_endless":false,"potions_floor_spawned":[2,7,12],"killed_by":"Hexaghost","ascension_level":20}