{"gold_per_floor":[109,34,52,327,338,368,383,383,383,383],"floor_reached":10,"playtime":375,"items_purged":[],"score":136,"play_id":"67d30746-0650-4bd2-97ef-ad3bed234640","local_time":"20190407212117","is_ascension_mode":true,"campfire_choices":[{"floor":8,"key":"REST"}],"neow_cost":"NONE","seed_source_timestamp":350182510013614,"circlet_count":0,"master_deck":["AscendersBane","Strike_R","Strike_R","Strike_R","Strike_R","Defend_R","Defend_R","Defend_R","Defend_R","Bash","Shockwave","Iron Wave","Regret","Infernal Blade","Feed"],"relics":["Burning Blood","NeowsBlessing","Peace Pipe","StoneCalendar"],"potions_floor_usage":[],"damage_taken":[{"damage":0,"enemies":"Jaw Worm","floor":1,"turns":1},{"damage":0,"enemies":"2 Louse","floor":3,"turns":1},{"damage":0,"enemies":"Cultist","floor":5,"turns":1},{"damage":63,"enemies":"3 Sentries","floor":6,"turns":8},{"damage":15,"enemies":"Blue Slaver","floor":7,"turns":4},{"damage":36,"enemies":"Exordium Thugs","floor":10,"turns":5}],"seed_played":"4386377036851417143","potions_obtained":[{"floor":3,"key":"SpeedPotion"}],"is_trial":false,"path_per_floor":["M","?","M","?","M","E","M","R","T","M"],"character_chosen":"IRONCLAD","items_purchased":[],"campfire_rested":1,"item_purchase_floors":[],"current_hp_per_floor":[74,74,75,75,75,18,9,31,31,0],"gold":383,"neow_bonus":"THREE_ENEMY_KILL","is_prod":false,"is_daily":false,"chose_seed":false,"campfire_upgraded":0,"win_rate":0,"timestamp":1554664877,"path_taken":["M","?","M","?","M","E","?","R","T","M"],"build_version":"2019-01-23","purchased_purges":0,"victory":false,"max_hp_per_floor":[75,75,75,75,75,75,75,75,75,75],"card_choices":[{"not_picked":["Iron Wave","Clothesline"],"picked":"Shockwave","floor":1},{"not_picked":["Flex","Armaments"],"picked":"Iron Wave","floor":3},{"not_picked":["Clothesline","Dual Wield"],"picked":"Infernal Blade","floor":5},{"not_picked":["Clothesline","Perfected Strike","Entrench"],"picked":"SKIP","floor":6},{"not_picked":["Cleave","Twin Strike"],"picked":"Feed","floor":7}],"player_experience":2446091,"relics_obtained":[{"floor":6,"key":"Peace Pipe"},{"floor":9,"key":"StoneCalendar"}],"event_choices":[{"cards_removed":["Strike_R"],"damage_healed":0,"gold_gain":0,"player_choice":"Card Removal","damage_taken":0,"max_hp_gain":0,"max_hp_loss":0,"event_name":"The Cleric","floor":2,"gold_loss":75},{"damage_healed":0,"gold_gain":275,"player_choice":"Desecrate","damage_taken":0,"max_hp_gain":0,"max_hp_loss":0,"event_name":"Golden Shrine","floor":4,"gold_loss":0,"cards_obtained":["Regret"]}],"is_beta":false,"boss_relics":[],"items_purged_floors":[],"is_endless":false,"potions_floor_spawned":[3],"killed_by":"Exordium Thugs","ascension_level":20}