{"gold_per_floor":[15,34,46,46,61,104,104,143,443,443,486,527,527,547,547,636,636,655,655],"floor_reached":19,"playtime":1484,"items_purged":[],"score":394,"play_id":"4ac13026-51eb-4633-8185-fd60fa28c4f5","local_time":"20190115220325","is_ascension_mode":true,"campfire_choices":[{"floor":7,"key":"REST"},{"floor":10,"key":"REST"},{"floor":15,"key":"REST"}],"neow_cost":"NO_GOLD","seed_source_timestamp":509661586631827,"circlet_count":0,"master_deck":["AscendersBane","Strike_B","Strike_B","Defend_B","Defend_B","Defend_B","Defend_B","Zap+1","Dualcast","Steam","Electrodynamics","Coolheaded","Capacitor","Go for the Eyes","Streamline","Loop","Ball Lightning","Leap","Echo Form","Conserve Battery"],"relics":["Cracked Core","Golden Idol","Pen Nib","WingedGreaves","Old Coin","StoneCalendar","Molten Egg 2","Coffee Dripper"],"potions_floor_usage":[6,14,16],"damage_taken":[{"damage":0,"enemies":"Small Slimes","floor":1,"turns":3},{"damage":0,"enemies":"Cultist","floor":2,"turns":3},{"damage":0,"enemies":"2 Louse","floor":3,"turns":2},{"damage":10,"enemies":"Large Slime","floor":5,"turns":7},{"damage":35,"enemies":"Gremlin Nob","floor":6,"turns":5},{"damage":17,"enemies":"3 Sentries","floor":8,"turns":5},{"damage":8,"enemies":"Lagavulin","floor":11,"turns":7},{"damage":21,"enemies":"3 Sentries","floor":12,"turns":7},{"damage":1,"enemies":"Looter","floor":14,"turns":3},{"damage":20,"enemies":"Hexaghost","floor":16,"turns":9},{"damage":19,"enemies":"Shell Parasite","floor":18,"turns":7},{"damage":42,"enemies":"Chosen","floor":19,"turns":5}],"seed_played":"-5509558392833677088","potions_obtained":[{"floor":5,"key":"SkillPotion"},{"floor":11,"key":"Swift Potion"},{"floor":12,"key":"Fire Potion"},{"floor":16,"key":"Ancient Potion"},{"floor":18,"key":"Fire Potion"}],"is_trial":false,"path_per_floor":["M","M","M","?","M","E","R","E","T","R","E","E","?","M","R","B",null,"M","M"],"character_chosen":"DEFECT","items_purchased":[],"campfire_rested":3,"item_purchase_floors":[],"current_hp_per_floor":[64,64,64,64,54,19,38,21,21,40,32,11,11,10,29,9,50,31,0],"gold":655,"neow_bonus":"TRANSFORM_TWO_CARDS","is_prod":false,"is_daily":false,"chose_seed":false,"campfire_upgraded":0,"win_rate":0,"timestamp":1547586205,"path_taken":["M","M","M","?","M","E","R","E","T","R","E","E","?","M","R","BOSS","M","M"],"build_version":"2019-01-10","purchased_purges":0,"victory":false,"max_hp_per_floor":[71,71,71,64,64,64,64,64,64,64,64,64,64,64,64,64,64,64,64],"card_choices":[{"not_picked":["Cold Snap","Reprogram"],"picked":"Coolheaded","floor":1},{"not_picked":["Self Repair","Steam"],"picked":"Capacitor","floor":2},{"not_picked":["Fusion","Doom and Gloom"],"picked":"Go for the Eyes","floor":3},{"not_picked":["Cold Snap","Reinforced Body"],"picked":"Streamline","floor":5},{"not_picked":["Barrage","Coolheaded"],"picked":"Loop","floor":6},{"not_picked":["Coolheaded","BootSequence"],"picked":"Ball Lightning","floor":8},{"not_picked":["Rebound","Blizzard","Sunder"],"picked":"SKIP","floor":11},{"not_picked":["Compile Driver","Steam","Stack"],"picked":"SKIP","floor":12},{"not_picked":["Rainbow","Ball Lightning+1"],"picked":"Leap","floor":14},{"not_picked":["Multi-Cast","Hyperbeam+1"],"picked":"Echo Form","floor":16},{"not_picked":["Blizzard+1","Gash+1"],"picked":"Conserve Battery","floor":18}],"player_experience":1551058,"relics_obtained":[{"floor":6,"key":"Pen Nib"},{"floor":8,"key":"WingedGreaves"},{"floor":9,"key":"Old Coin"},{"floor":11,"key":"StoneCalendar"},{"floor":12,"key":"Molten Egg 2"}],"event_choices":[{"damage_healed":0,"gold_gain":0,"player_choice":"Lose Max HP","damage_taken":0,"relics_obtained":["Golden Idol"],"max_hp_gain":0,"max_hp_loss":7,"event_name":"Golden Idol","floor":4,"gold_loss":0},{"damage_healed":0,"gold_gain":0,"player_choice":"Grow","damage_taken":0,"max_hp_gain":0,"max_hp_loss":0,"event_name":"Living Wall","floor":13,"gold_loss":0,"cards_upgraded":["Zap"]}],"is_beta":false,"boss_relics":[{"not_picked":["Tiny House","Eternal Feather"],"picked":"Coffee Dripper"}],"items_purged_floors":[],"is_endless":false,"potions_floor_spawned":[5,11,12,16,18],"killed_by":"Chosen","ascension_level":20}