{"gold_per_floor":[115,190,190,200,215,242,242,267,315,315,334,80,105,125,125,201,201,217,63,63,75,86,86,106,106,133,158,158,190,240,254,254,254],"floor_reached":33,"playtime":2121,"items_purged":["Strike_R","Strike_R"],"score":660,"play_id":"06005993-a85b-4b0a-af54-2cb77fcd8047","local_time":"20190428165706","is_ascension_mode":true,"campfire_choices":[{"data":"Armaments","floor":10,"key":"SMITH"},{"floor":15,"key":"REST"},{"data":"Limit Break","floor":23,"key":"SMITH"},{"data":"Immolate","floor":25,"key":"SMITH"},{"floor":28,"key":"REST"},{"data":"Flex","floor":32,"key":"SMITH"}],"neow_cost":"NONE","seed_source_timestamp":1625092503311692,"circlet_count":0,"master_deck":["AscendersBane","Defend_R","Defend_R","Defend_R","Bash+1","Armaments+1","Shrug It Off","Flex+1","Armaments","Sword Boomerang","Pummel","Immolate+1","Battle Trance","Disarm","Limit Break+1","Bludgeon+1","Body Slam+1","Anger+1","Clothesline+1","Flex","Headbutt+1","Impervious","Flame Barrier"],"special_seed":0,"relics":["Burning Blood","NeowsBlessing","Paper Frog","Bag of Marbles","Dream Catcher","Bottled Flame","Astrolabe","Strawberry","PreservedInsect","Gambling Chip"],"potions_floor_usage":[11,13,16,27,33],"damage_taken":[{"damage":0.0,"enemies":"Jaw Worm","floor":1.0,"turns":1.0},{"damage":0.0,"enemies":"Small Slimes","floor":4.0,"turns":1.0},{"damage":0.0,"enemies":"Cultist","floor":5.0,"turns":1.0},{"damage":32.0,"enemies":"Gremlin Nob","floor":6.0,"turns":4.0},{"damage":24,"enemies":"Lagavulin","floor":8,"turns":9},{"damage":2,"enemies":"Looter","floor":11,"turns":3},{"damage":32,"enemies":"3 Sentries","floor":13,"turns":10},{"damage":0,"enemies":"Large Slime","floor":14,"turns":3},{"damage":46,"enemies":"The Guardian","floor":16,"turns":19},{"damage":11,"enemies":"2 Thieves","floor":18,"turns":2},{"damage":1,"enemies":"3 Byrds","floor":21,"turns":2},{"damage":28,"enemies":"Sentry and Sphere","floor":22,"turns":4},{"damage":0,"enemies":"Snake Plant","floor":24,"turns":2},{"damage":35,"enemies":"Book of Stabbing","floor":27,"turns":4},{"damage":0,"enemies":"Slavers","floor":29,"turns":1},{"damage":16,"enemies":"Snecko","floor":31,"turns":3},{"damage":58,"enemies":"Collector","floor":33,"turns":8}],"seed_played":"-8238893090417705668","potions_obtained":[{"floor":1.0,"key":"SkillPotion"},{"floor":8,"key":"EssenceOfSteel"},{"floor":11,"key":"Weak Potion"},{"floor":13,"key":"FairyPotion"},{"floor":18,"key":"Swift Potion"},{"floor":24,"key":"Ancient Potion"},{"floor":27,"key":"SkillPotion"}],"is_trial":false,"path_per_floor":["M","?","?","M","M","E","?","E","T","R","M","$","E","M","R","B",null,"M","$","?","M","M","R","M","R","T","E","R","E","?","M","R","B"],"character_chosen":"IRONCLAD","items_purchased":["Immolate","Flex"],"campfire_rested":2,"item_purchase_floors":[12,19],"current_hp_per_floor":[74,63,63,69,75,49,54,36,36,36,40,40,14,20,44,12,63,58,58,58,63,41,41,47,47,54,25,51,57,57,47,47,0],"gold":254,"neow_bonus":"THREE_ENEMY_KILL","is_prod":false,"is_daily":false,"chose_seed":false,"campfire_upgraded":4,"win_rate":0,"timestamp":1556463426,"path_taken":["M","?","?","M","M","E","?","E","T","R","M","$","E","M","R","BOSS","M","$","?","M","M","R","?","R","T","E","R","E","?","M","R","BOSS"],"build_version":"2019-01-23","purchased_purges":2,"victory":false,"max_hp_per_floor":[75,75,75,75,75,75,80,80,80,80,80,80,80,80,80,80,80,80,80,80,80,80,80,80,80,87,87,87,87,87,87,87,87],"card_choices":[{"not_picked":["Burning Pact","Flex"],"picked":"Armaments","floor":1.0},{"not_picked":["Havoc","Ghostly Armor"],"picked":"Shrug It Off","floor":4.0},{"not_picked":["Fire Breathing","Rage"],"picked":"Flex","floor":5.0},{"not_picked":["Perfected Strike","Sever Soul"],"picked":"Armaments","floor":6.0},{"not_picked":["Burning Pact","Pommel Strike"],"picked":"Sword Boomerang","floor":8},{"not_picked":["Shrug It Off","Rupture"],"picked":"Pummel","floor":11},{"not_picked":["Rampage","Exhume"],"picked":"Battle Trance","floor":13},{"not_picked":["Burning Pact","Perfected Strike"],"picked":"Disarm","floor":14},{"not_picked":["Exhume","Bludgeon"],"picked":"Limit Break","floor":16},{"not_picked":["Shrug It Off","Power Through+1"],"picked":"Clothesline+1","floor":18},{"not_picked":["Armaments","Perfected Strike","Body Slam"],"picked":"SKIP","floor":21},{"not_picked":["Shrug It Off","Sword Boomerang"],"picked":"Headbutt+1","floor":22},{"not_picked":["Havoc","Body Slam"],"picked":"Impervious","floor":24},{"not_picked":["Bloodletting","Corruption","Rage"],"picked":"SKIP","floor":27},{"not_picked":["Sword Boomerang","Body Slam"],"picked":"Flame Barrier","floor":29},{"not_picked":["Fire Breathing","Sword Boomerang","Rage"],"picked":"SKIP","floor":31}],"player_experience":2602352,"relics_obtained":[{"floor":6.0,"key":"Paper Frog"},{"floor":8,"key":"Bag of Marbles"},{"floor":9,"key":"Dream Catcher"},{"floor":13,"key":"Bottled Flame"},{"floor":26,"key":"Strawberry"},{"floor":27,"key":"PreservedInsect"},{"floor":29,"key":"Gambling Chip"}],"event_choices":[{"damage_healed":0.0,"max_hp_gain":0.0,"max_hp_loss":0.0,"gold_gain":75.0,"event_name":"World of Goop","player_choice":"Gather Gold","floor":2.0,"gold_loss":0.0,"damage_taken":11.0},{"damage_healed":0.0,"max_hp_gain":0.0,"max_hp_loss":0.0,"gold_gain":0.0,"event_name":"Living Wall","player_choice":"Grow","floor":3.0,"gold_loss":0.0,"damage_taken":0.0,"cards_upgraded":["Bash"]},{"damage_healed":0.0,"max_hp_gain":5.0,"max_hp_loss":0.0,"gold_gain":0.0,"event_name":"Big Fish","player_choice":"Donut","floor":7.0,"gold_loss":0.0,"damage_taken":0.0},{"cards_removed":["Strike_R"],"damage_healed":0,"gold_gain":0,"player_choice":"Offered Basic","damage_taken":0,"max_hp_gain":0,"max_hp_loss":0,"event_name":"Bonfire Elementals","floor":20,"gold_loss":0},{"damage_healed":0,"gold_gain":50,"player_choice":"Stole From Cult","damage_taken":0,"max_hp_gain":0,"max_hp_loss":0,"event_name":"Nest","floor":30,"gold_loss":0}],"is_beta":false,"boss_relics":[{"not_picked":["White Beast Statue","Ectoplasm"],"picked":"Astrolabe"}],"items_purged_floors":[12,19],"is_endless":false,"potions_floor_spawned":[1,8,11,13,18,24,27],"killed_by":"Collector","ascension_level":20}