{"gold_per_floor":[412,425,439,140,140,140,166,166,166,199,214,234,234,250,250,328,328,339,389,408,255,266,266],"floor_reached":23,"playtime":1372,"items_purged":["Parasite","Strike_R"],"score":506,"play_id":"14ec134f-77d1-4871-a8ec-88850715c743","local_time":"20190415213623","is_ascension_mode":true,"campfire_choices":[{"data":"Bash","floor":6,"key":"SMITH"},{"floor":8,"key":"REST"},{"data":"Anger","floor":13,"key":"SMITH"},{"data":"Pommel Strike","floor":15,"key":"SMITH"}],"neow_cost":"CURSE","seed_source_timestamp":519405903776951,"circlet_count":0,"master_deck":["AscendersBane","Strike_R","Defend_R","Defend_R","Defend_R","Defend_R","Bash+1","Pommel Strike+1","Flame Barrier","Twin Strike","Pain","Rupture","Clothesline","Impervious","Anger+1","Flex","Feed","Hemokinesis+1","Sword Boomerang+1","Searing Blow+1","Armaments","Headbutt"],"relics":["Burning Blood","Old Coin","Bag of Marbles","WarpedTongs","Gambling Chip","Pear","Ornamental Fan","Astrolabe"],"potions_floor_usage":[14,16,18,22,23],"damage_taken":[{"damage":19,"enemies":"Jaw Worm","floor":1,"turns":4},{"damage":1,"enemies":"Cultist","floor":2,"turns":3},{"damage":17,"enemies":"Small Slimes","floor":3,"turns":5},{"damage":25,"enemies":"Lagavulin","floor":7,"turns":7},{"damage":11,"enemies":"Gremlin Nob","floor":10,"turns":3},{"damage":8,"enemies":"Exordium Wildlife","floor":11,"turns":5},{"damage":5,"enemies":"Red Slaver","floor":12,"turns":5},{"damage":0,"enemies":"3 Louse","floor":14,"turns":1},{"damage":1,"enemies":"Slime Boss","floor":16,"turns":4},{"damage":22,"enemies":"Chosen","floor":18,"turns":4},{"damage":12,"enemies":"Spheric Guardian","floor":20,"turns":3},{"damage":13,"enemies":"Centurion and Healer","floor":22,"turns":6},{"damage":59,"enemies":"Gremlin Leader","floor":23,"turns":3}],"seed_played":"-6311901208578840620","potions_obtained":[{"floor":7,"key":"SteroidPotion"},{"floor":11,"key":"AttackPotion"},{"floor":16,"key":"SkillPotion"},{"floor":20,"key":"Fire Potion"}],"is_trial":false,"path_per_floor":["M","M","M","$","?","R","E","R","T","E","M","M","R","M","R","B",null,"M","?","M","$","M","E"],"character_chosen":"IRONCLAD","items_purchased":["Bag of Marbles","Twin Strike","SteroidPotion"],"campfire_rested":1,"item_purchase_floors":[4,4,21],"current_hp_per_floor":[55,60,49,49,49,49,30,51,61,56,54,55,55,61,61,66,78,62,62,56,56,53,0],"gold":266,"neow_bonus":"ONE_RARE_RELIC","is_prod":false,"is_daily":false,"chose_seed":false,"campfire_upgraded":3,"win_rate":0,"timestamp":1555356983,"path_taken":["M","M","M","$","?","R","E","R","T","E","M","M","R","?","R","BOSS","M","?","M","$","M","E"],"build_version":"2019-01-23","purchased_purges":2,"victory":false,"max_hp_per_floor":[75,75,75,72,72,72,72,72,82,82,82,82,82,82,82,82,82,82,82,82,82,86,86],"card_choices":[{"not_picked":["Infernal Blade","Warcry"],"picked":"Pommel Strike","floor":1},{"not_picked":["Infernal Blade","Power Through","Heavy Blade"],"picked":"SKIP","floor":2},{"not_picked":["Blood for Blood","Sword Boomerang"],"picked":"Flame Barrier","floor":3},{"not_picked":["Body Slam","Combust"],"picked":"Rupture","floor":7},{"not_picked":["True Grit","Power Through"],"picked":"Clothesline","floor":10},{"not_picked":["Wild Strike","Fire Breathing"],"picked":"Impervious","floor":11},{"not_picked":["Headbutt","True Grit"],"picked":"Anger","floor":12},{"not_picked":["Havoc","Perfected Strike"],"picked":"Flex","floor":14},{"not_picked":["Offering","Double Tap"],"picked":"Feed","floor":16},{"not_picked":["Pommel Strike","Cleave+1"],"picked":"Armaments","floor":18},{"not_picked":["Body Slam","Clash"],"picked":"Headbutt","floor":20},{"not_picked":["Perfected Strike","Havoc","True Grit"],"picked":"SKIP","floor":22}],"player_experience":2496825,"relics_obtained":[{"floor":7,"key":"Gambling Chip"},{"floor":9,"key":"Pear"},{"floor":10,"key":"Ornamental Fan"}],"event_choices":[{"damage_healed":0,"gold_gain":0,"player_choice":"Rummage","damage_taken":0,"relics_obtained":["WarpedTongs"],"max_hp_gain":0,"max_hp_loss":0,"event_name":"Accursed Blacksmith","floor":5,"gold_loss":0,"cards_obtained":["Pain"]},{"damage_healed":0,"gold_gain":50,"player_choice":"Stole From Cult","damage_taken":0,"max_hp_gain":0,"max_hp_loss":0,"event_name":"Nest","floor":19,"gold_loss":0}],"is_beta":false,"boss_relics":[{"not_picked":["Orrery","Black Star"],"picked":"Astrolabe"}],"items_purged_floors":[4,21],"is_endless":false,"potions_floor_spawned":[7,11,16,20],"killed_by":"Gremlin Leader","ascension_level":20}