{"gold_per_floor":[114,114,130,130,150,150,183,183,237,17,42,56,21,55,55,55],"floor_reached":16,"playtime":676,"items_purged":[],"score":215,"play_id":"b6587cb9-23fd-43ac-bdae-3962f01caf4e","local_time":"20190523162435","is_ascension_mode":true,"campfire_choices":[{"floor":6,"key":"REST"},{"floor":8,"key":"REST"},{"floor":15,"key":"REST"}],"neow_cost":"TEN_PERCENT_HP_LOSS","seed_source_timestamp":20434283234720,"circlet_count":0,"master_deck":["AscendersBane","Defend_G","Defend_G+1","Defend_G","Defend_G","Defend_G","Strike_G","Strike_G","Strike_G","Strike_G","Strike_G+1","Survivor","Neutralize","Bouncing Flask","Leg Sweep","Sucker Punch","Riddle With Holes","Sucker Punch","Panacea","Iron Wave","Trip","Shrug It Off"],"relics":["Ring of the Snake","Nunchaku","Golden Idol","Dream Catcher","Tiny Chest","PrismaticShard","Oddly Smooth Stone"],"potions_floor_usage":[7,7,12,16],"damage_taken":[{"damage":1,"enemies":"Small Slimes","floor":1,"turns":4},{"damage":0,"enemies":"Jaw Worm","floor":3,"turns":4},{"damage":0,"enemies":"Cultist","floor":5,"turns":4},{"damage":13,"enemies":"Lagavulin","floor":7,"turns":8},{"damage":6,"enemies":"Blue Slaver","floor":11,"turns":4},{"damage":0,"enemies":"Exordium Wildlife","floor":12,"turns":3},{"damage":47,"enemies":"3 Sentries","floor":14,"turns":16},{"damage":26,"enemies":"Slime Boss","floor":16,"turns":5}],"seed_played":"-6860655329441309059","potions_obtained":[{"floor":1,"key":"FearPotion"},{"floor":5,"key":"SpeedPotion"},{"floor":7,"key":"Fire Potion"},{"floor":12,"key":"Strength Potion"},{"floor":14,"key":"EssenceOfSteel"}],"is_trial":false,"path_per_floor":["M","?","M","?","M","R","E","R","T","$","M","M","?","E","R","B"],"character_chosen":"THE_SILENT","items_purchased":["PrismaticShard"],"campfire_rested":3,"item_purchase_floors":[10],"current_hp_per_floor":[58,37,37,19,19,37,24,42,42,42,36,36,51,4,22,0],"gold":55,"neow_bonus":"ONE_RARE_RELIC","is_prod":false,"is_daily":false,"chose_seed":false,"campfire_upgraded":0,"win_rate":0,"timestamp":1558653875,"path_taken":["M","?","M","?","M","R","E","R","T","?","?","M","?","E","R","BOSS"],"build_version":"2019-01-23","purchased_purges":0,"victory":false,"max_hp_per_floor":[60,60,60,60,60,60,60,60,60,60,60,60,60,60,60,60],"card_choices":[{"not_picked":["Concentrate","Bane"],"picked":"Bouncing Flask","floor":1},{"not_picked":["Choke","Endless Agony"],"picked":"Leg Sweep","floor":3},{"not_picked":["Acrobatics","Leg Sweep"],"picked":"Sucker Punch","floor":5},{"not_picked":["Concentrate","Blade Dance"],"picked":"Riddle With Holes","floor":7},{"not_picked":["Outmaneuver","PiercingWail"],"picked":"Sucker Punch","floor":8},{"not_picked":["Loop","Dodge and Roll"],"picked":"Panacea","floor":11},{"not_picked":["Terror","Leg Sweep"],"picked":"Iron Wave","floor":12},{"not_picked":["Quick Slash","Bane"],"picked":"Trip","floor":14},{"not_picked":["Dark Shackles","Pommel Strike"],"picked":"Shrug It Off","floor":15}],"player_experience":783730,"relics_obtained":[{"floor":7,"key":"Dream Catcher"},{"floor":9,"key":"Tiny Chest"},{"floor":14,"key":"Oddly Smooth Stone"}],"event_choices":[{"damage_healed":0,"gold_gain":0,"player_choice":"Take Damage","damage_taken":21,"relics_obtained":["Golden Idol"],"max_hp_gain":0,"max_hp_loss":0,"event_name":"Golden Idol","floor":2,"gold_loss":0},{"damage_healed":0,"gold_gain":0,"player_choice":"Entered Light","damage_taken":18,"max_hp_gain":0,"max_hp_loss":0,"event_name":"Shining Light","floor":4,"gold_loss":0,"cards_upgraded":["Strike_G","Defend_G"]},{"damage_healed":15,"gold_gain":0,"player_choice":"Healed","damage_taken":0,"max_hp_gain":0,"max_hp_loss":0,"event_name":"The Cleric","floor":13,"gold_loss":35}],"is_beta":false,"boss_relics":[],"items_purged_floors":[],"is_endless":false,"potions_floor_spawned":[1,5,7,12,14],"killed_by":"Slime Boss","ascension_level":19}