{"gold_per_floor":[114,129,145,163,163,192,208,236,236,236],"floor_reached":10,"playtime":709,"items_purged":[],"score":108,"play_id":"ac10ebfd-7ec3-4d85-8485-7530246e902b","local_time":"20190524043154","is_ascension_mode":true,"campfire_choices":[],"neow_cost":"TEN_PERCENT_HP_LOSS","seed_source_timestamp":410589896082557,"circlet_count":0,"master_deck":["Strike_B","Strike_B","Strike_B","Strike_B","Defend_B","Defend_B","Defend_B","Defend_B","Zap","Dualcast","Ball Lightning","Self Repair","Sunder","Genetic Algorithm","Buffer"],"special_seed":0,"relics":["Cracked Core","Gambling Chip","Mummified Hand","Ancient Tea Set","Meat on the Bone"],"potions_floor_usage":[7],"damage_taken":[{"damage":6.0,"enemies":"Cultist","floor":1.0,"turns":3.0},{"damage":0.0,"enemies":"2 Louse","floor":2.0,"turns":3.0},{"damage":1.0,"enemies":"Jaw Worm","floor":3.0,"turns":4.0},{"damage":13.0,"enemies":"Blue Slaver","floor":4.0,"turns":3.0},{"damage":40.0,"enemies":"3 Sentries","floor":6.0,"turns":7.0},{"damage":2,"enemies":"2 Fungi Beasts","floor":7,"turns":2},{"damage":28,"enemies":"Gremlin Nob","floor":8,"turns":4},{"damage":15,"enemies":"Lagavulin","floor":10,"turns":3}],"seed_played":"5170510097352187047","potions_obtained":[{"floor":2.0,"key":"SkillPotion"},{"floor":6.0,"key":"Dexterity Potion"},{"floor":7,"key":"SneckoOil"}],"is_trial":false,"path_per_floor":["M","M","M","M","T","E","M","E","T","E"],"character_chosen":"DEFECT","items_purchased":[],"campfire_rested":0,"item_purchase_floors":[],"current_hp_per_floor":[62,62,68,62,62,29,34,13,13,0],"gold":236,"neow_bonus":"ONE_RARE_RELIC","is_prod":false,"is_daily":false,"chose_seed":false,"campfire_upgraded":0,"win_rate":0,"timestamp":1558652514,"path_taken":["M","M","M","M","?","E","M","E","T","E"],"build_version":"2019-01-23","purchased_purges":0,"victory":false,"max_hp_per_floor":[68,68,68,68,68,68,68,68,68,68],"card_choices":[{"not_picked":["Leap","Redo"],"picked":"Ball Lightning","floor":1.0},{"not_picked":["Go for the Eyes","Ball Lightning"],"picked":"Self Repair","floor":2.0},{"not_picked":["Hologram","Beam Cell","Steam"],"picked":"SKIP","floor":3.0},{"not_picked":["Stack","Aggregate","Force Field"],"picked":"SKIP","floor":4.0},{"not_picked":["Streamline","Barrage"],"picked":"Sunder","floor":6.0},{"not_picked":["Conserve Battery","Sunder"],"picked":"Genetic Algorithm","floor":7},{"not_picked":["Coolheaded","Conserve Battery"],"picked":"Buffer","floor":8}],"player_experience":692845,"relics_obtained":[{"floor":6.0,"key":"Mummified Hand"},{"floor":8,"key":"Ancient Tea Set"},{"floor":9,"key":"Meat on the Bone"}],"event_choices":[],"is_beta":false,"boss_relics":[],"items_purged_floors":[],"is_endless":false,"potions_floor_spawned":[2,6,7],"killed_by":"Lagavulin","ascension_level":7}