{"gold_per_floor":[112,77,95,20,20,48,68,68,68,95,112,147,161,216,216,287,287,302,302,314,330,196,221,11,22,49,60,76,76,76,94,94,94],"floor_reached":33,"playtime":2029,"items_purged":["Strike_B"],"score":698,"play_id":"16170b02-4005-4370-84db-4f0c109a275c","local_time":"20190113141536","is_ascension_mode":true,"campfire_choices":[{"data":"Zap","floor":8.0,"key":"SMITH"},{"data":"Reinforced Body","floor":15.0,"key":"SMITH"},{"floor":29,"key":"REST"},{"floor":32,"key":"REST"}],"neow_cost":"TEN_PERCENT_HP_LOSS","seed_source_timestamp":308169715350406,"circlet_count":0,"master_deck":["AscendersBane","Strike_B","Defend_B","Defend_B","Defend_B","Defend_B","Zap+1","Dualcast","Ball Lightning","Reinforced Body+1","Rebound+1","Ball Lightning+1","Cold Snap+1","Multi-Cast","Core Surge+1","Coolheaded"],"special_seed":0,"relics":["Cracked Core","Calipers","Molten Egg 2","Art of War","Ancient Tea Set","Bag of Marbles","Tiny Chest","Busted Crown","Orichalcum","Chemical X"],"potions_floor_usage":[20,23,23,33,33],"damage_taken":[{"damage":2.0,"enemies":"Jaw Worm","floor":1.0,"turns":3.0},{"damage":0.0,"enemies":"Small Slimes","floor":3.0,"turns":2.0},{"damage":0.0,"enemies":"Gremlin Nob","floor":6.0,"turns":3.0},{"damage":0.0,"enemies":"Cultist","floor":7.0,"turns":3.0},{"damage":19.0,"enemies":"3 Sentries","floor":10.0,"turns":7.0},{"damage":1.0,"enemies":"2 Fungi Beasts","floor":11.0,"turns":3.0},{"damage":10.0,"enemies":"Lagavulin","floor":12.0,"turns":7.0},{"damage":0.0,"enemies":"3 Louse","floor":13.0,"turns":2.0},{"damage":0.0,"enemies":"Gremlin Nob","floor":14.0,"turns":3.0},{"damage":17.0,"enemies":"Slime Boss","floor":16.0,"turns":7.0},{"damage":12.0,"enemies":"2 Thieves","floor":18.0,"turns":4.0},{"damage":14,"enemies":"Shell Parasite","floor":20,"turns":4},{"damage":0,"enemies":"3 Cultists","floor":21,"turns":4},{"damage":18,"enemies":"Slavers","floor":23,"turns":4},{"damage":0,"enemies":"Centurion and Healer","floor":25,"turns":6},{"damage":5,"enemies":"Sentry and Sphere","floor":27,"turns":5},{"damage":0,"enemies":"Snake Plant","floor":28,"turns":4},{"damage":19,"enemies":"3 Cultists","floor":31,"turns":5},{"damage":40,"enemies":"Champ","floor":33,"turns":12}],"seed_played":"-6986049168001546304","potions_obtained":[{"floor":3.0,"key":"PowerPotion"},{"floor":6.0,"key":"LiquidBronze"},{"floor":7.0,"key":"Dexterity Potion"},{"floor":12.0,"key":"Swift Potion"},{"floor":21,"key":"Ancient Potion"},{"floor":28,"key":"FearPotion"},{"floor":31,"key":"Swift Potion"}],"is_trial":false,"path_per_floor":["M","?","M","?","?","E","M","R","T","E","M","E","M","E","R","B",null,"M","?","M","M","$","E","$","M","T","M","M","R","?","M","R","B"],"character_chosen":"DEFECT","items_purchased":["Coolheaded","Chemical X"],"campfire_rested":2,"item_purchase_floors":[22,24],"current_hp_per_floor":[62,62,62,62,67,67,67,67,67,48,47,37,37,37,37,20,57,45,45,31,31,31,13,13,13,13,8,8,28,28,9,29,0],"gold":94,"neow_bonus":"ONE_RARE_RELIC","is_prod":false,"is_daily":false,"chose_seed":false,"campfire_upgraded":2,"win_rate":0,"timestamp":1547385336,"path_taken":["M","?","M","?","?","E","M","R","T","E","M","E","M","E","R","BOSS","M","?","M","M","$","E","$","M","T","?","M","R","?","M","R","BOSS"],"build_version":"2019-01-10","purchased_purges":1,"victory":false,"max_hp_per_floor":[64,64,64,64,69,69,69,69,69,69,69,69,69,69,69,69,69,69,69,69,69,69,69,69,69,69,69,69,69,69,69,69,69],"card_choices":[{"not_picked":["Cold Snap","Force Field"],"picked":"Ball Lightning","floor":1.0},{"not_picked":["Gash","Go for the Eyes"],"picked":"Reinforced Body","floor":3.0},{"not_picked":["White Noise","Heatsinks","Aggregate"],"picked":"SKIP","floor":6.0},{"not_picked":["Hologram","Coolheaded"],"picked":"Rebound+1","floor":7.0},{"not_picked":["Double Energy","Beam Cell+1","Hologram"],"picked":"SKIP","floor":10.0},{"not_picked":["Go for the Eyes+1","Barrage+1"],"picked":"Ball Lightning+1","floor":11.0},{"not_picked":["Steam","Rebound+1","Beam Cell+1"],"picked":"SKIP","floor":12.0},{"not_picked":["Double Energy","Tempest"],"picked":"Cold Snap+1","floor":13.0},{"not_picked":["Beam Cell+1","Steam"],"picked":"Multi-Cast","floor":14.0},{"not_picked":["Machine Learning","Thunder Strike+1"],"picked":"Core Surge+1","floor":16.0},{"not_picked":["Fusion"],"picked":"SKIP","floor":18.0},{"not_picked":["Hologram"],"picked":"SKIP","floor":20},{"not_picked":["Beam Cell+1"],"picked":"SKIP","floor":21},{"not_picked":["Stack"],"picked":"SKIP","floor":23},{"not_picked":["Beam Cell+1"],"picked":"SKIP","floor":25},{"not_picked":["Leap"],"picked":"SKIP","floor":27},{"not_picked":["Beam Cell+1"],"picked":"SKIP","floor":28},{"not_picked":["Auto Shields"],"picked":"SKIP","floor":31}],"player_experience":1547539,"relics_obtained":[{"floor":6.0,"key":"Molten Egg 2"},{"floor":9.0,"key":"Art of War"},{"floor":10.0,"key":"Ancient Tea Set"},{"floor":12.0,"key":"Bag of Marbles"},{"floor":14.0,"key":"Tiny Chest"},{"floor":23,"key":"Orichalcum"}],"event_choices":[{"damage_healed":0.0,"max_hp_gain":0.0,"max_hp_loss":0.0,"gold_gain":0.0,"event_name":"World of Goop","player_choice":"Left Gold","floor":2.0,"gold_loss":35.0,"damage_taken":0.0},{"cards_removed":["Strike_B"],"damage_healed":0.0,"max_hp_gain":0.0,"max_hp_loss":0.0,"gold_gain":0.0,"event_name":"The Cleric","player_choice":"Card Removal","floor":4.0,"gold_loss":75.0,"damage_taken":0.0},{"damage_healed":0.0,"max_hp_gain":5.0,"max_hp_loss":0.0,"gold_gain":0.0,"event_name":"Big Fish","player_choice":"Donut","floor":5.0,"gold_loss":0.0,"damage_taken":0.0},{"cards_removed":["Strike_B"],"damage_healed":0.0,"max_hp_gain":0.0,"max_hp_loss":0.0,"gold_gain":0.0,"event_name":"Bonfire Elementals","player_choice":"Offered Basic","floor":19.0,"gold_loss":0.0,"damage_taken":0.0},{"damage_healed":0,"gold_gain":0,"player_choice":"Ignored","damage_taken":0,"max_hp_gain":0,"max_hp_loss":0,"event_name":"Vampires","floor":30,"gold_loss":0}],"is_beta":false,"boss_relics":[{"not_picked":["Eternal Feather","Cursed Key"],"picked":"Busted Crown"}],"items_purged_floors":[22],"is_endless":false,"potions_floor_spawned":[3,6,7,12,16,18,21,28,31],"killed_by":"Champ","ascension_level":20}