{"gold_per_floor":[116,133,133,133,133,173,186,186,186,201,237,237,237],"floor_reached":13,"playtime":303,"items_purged":[],"score":224,"play_id":"0ef5686f-9ac7-4b6f-899f-8aff3bd7c36c","local_time":"20190422182045","is_ascension_mode":true,"campfire_choices":[{"data":"Dualcast","floor":8,"key":"SMITH"}],"neow_cost":"NONE","seed_source_timestamp":22229429038087,"circlet_count":0,"master_deck":["AscendersBane","Strike_B","Strike_B","Strike_B","Strike_B","Defend_B","Defend_B+1","Defend_B+1","Defend_B","Zap","Dualcast+1","Capacitor","BootSequence","Regret","Chill","Coolheaded","Glacier","Rip and Tear"],"relics":["Cracked Core","NeowsBlessing","Ancient Tea Set","Golden Idol","Dodecahedron","Gremlin Horn","Bag of Preparation"],"potions_floor_usage":[11],"damage_taken":[{"damage":0,"enemies":"2 Louse","floor":1,"turns":1},{"damage":0,"enemies":"Small Slimes","floor":2,"turns":1},{"damage":0,"enemies":"Gremlin Nob","floor":6,"turns":1},{"damage":1,"enemies":"Jaw Worm","floor":7,"turns":3},{"damage":5,"enemies":"3 Louse","floor":10,"turns":4},{"damage":9,"enemies":"Lagavulin","floor":11,"turns":9},{"damage":0,"enemies":"Exordium Wildlife","floor":13,"turns":1}],"seed_played":"-4052037261920908413","potions_obtained":[{"floor":6,"key":"AttackPotion"},{"floor":7,"key":"FocusPotion"}],"is_trial":false,"path_per_floor":["M","M","?","?","?","E","M","R","T","M","E","?","M"],"character_chosen":"DEFECT","items_purchased":[],"campfire_rested":0,"item_purchase_floors":[],"current_hp_per_floor":[64,64,64,40,40,40,39,39,39,34,25,4,4],"gold":237,"neow_bonus":"THREE_ENEMY_KILL","is_prod":false,"is_daily":false,"chose_seed":false,"campfire_upgraded":1,"win_rate":0,"timestamp":1555982445,"path_taken":["M","M","?","?","?","E","M","R","T","M","E","?","M"],"build_version":"2019-01-23","purchased_purges":0,"victory":false,"max_hp_per_floor":[71,71,71,71,71,71,71,71,71,71,71,71,71],"card_choices":[{"not_picked":["Beam Cell","Redo"],"picked":"Capacitor","floor":1},{"not_picked":["Streamline","Cold Snap"],"picked":"BootSequence","floor":2},{"not_picked":["Barrage","Hologram"],"picked":"Chill","floor":6},{"not_picked":["Redo","Go for the Eyes"],"picked":"Coolheaded","floor":7},{"not_picked":["Compile Driver","Meteor Strike"],"picked":"Glacier","floor":10},{"not_picked":["Genetic Algorithm","Rebound"],"picked":"Rip and Tear","floor":11}],"player_experience":744344,"relics_obtained":[{"floor":6,"key":"Dodecahedron"},{"floor":9,"key":"Gremlin Horn"},{"floor":11,"key":"Bag of Preparation"}],"event_choices":[{"damage_healed":0,"gold_gain":0,"player_choice":"Box","damage_taken":0,"relics_obtained":["Ancient Tea Set"],"max_hp_gain":0,"max_hp_loss":0,"event_name":"Big Fish","floor":3,"gold_loss":0,"cards_obtained":["Regret"]},{"damage_healed":0,"gold_gain":0,"player_choice":"Take Damage","damage_taken":24,"relics_obtained":["Golden Idol"],"max_hp_gain":0,"max_hp_loss":0,"event_name":"Golden Idol","floor":4,"gold_loss":0},{"damage_healed":0,"gold_gain":0,"player_choice":"Ignored","damage_taken":0,"max_hp_gain":0,"max_hp_loss":0,"event_name":"Liars Game","floor":5,"gold_loss":0},{"damage_healed":0,"gold_gain":0,"player_choice":"Entered Light","damage_taken":21,"max_hp_gain":0,"max_hp_loss":0,"event_name":"Shining Light","floor":12,"gold_loss":0,"cards_upgraded":["Defend_B","Defend_B"]}],"is_beta":false,"boss_relics":[],"items_purged_floors":[],"is_endless":false,"potions_floor_spawned":[6,7,10],"killed_by":"Exordium Wildlife","ascension_level":18}