{"gold_per_floor":[168,186,203,203,218,218,244,262,333,31,60,60,93,107,107,182,182,193,193,193,213,232,232,259,259,259,272,272,291,291,125,125,203,203,213,213,213,223,241,274,289,8,8,28,39,13,33,44,44,44],"floor_reached":50,"playtime":2630,"items_purged":[],"score":1211,"play_id":"f988f974-57f0-4858-94b0-cddde2905c12","local_time":"20181002075256","is_ascension_mode":true,"campfire_choices":[{"data":"A Thousand Cuts","floor":6.0,"key":"SMITH"},{"data":"Cloak And Dagger","floor":12.0,"key":"SMITH"},{"data":"Cloak And Dagger","floor":15.0,"key":"SMITH"},{"data":"Terror","floor":23.0,"key":"SMITH"},{"data":"Acrobatics","floor":25.0,"key":"SMITH"},{"data":"Ghostly","floor":28.0,"key":"SMITH"},{"data":"Cloak And Dagger","floor":30.0,"key":"SMITH"},{"data":"Ghostly","floor":32.0,"key":"SMITH"},{"floor":49.0,"key":"REST"}],"neow_cost":"NONE","seed_source_timestamp":0,"circlet_count":0,"master_deck":["Defend_G","Defend_G","Defend_G","Defend_G","Defend_G","Survivor","Neutralize+1","AscendersBane","Masterful Stab","Escape Plan","Cloak And Dagger+1","A Thousand Cuts+1","Backstab","Terror+1","Deflect","Cloak And Dagger+1","Panache","Escape Plan","Backstab","Corpse Explosion","Dash","Corpse Explosion","Leg Sweep","Ghostly+1","Ghostly+1","Ghostly","Ghostly","Ghostly","Bite","Bite","Bite","Bite","Bite","Backstab","Acrobatics+1","Prepared+1","Cloak And Dagger+1","Adrenaline","A Thousand Cuts+1","Prepared+1","Blade Dance+1","Backflip","Ghostly+1","Escape Plan","Adrenaline","Quick Slash"],"special_seed":0,"relics":["Tiny House","StoneCalendar","Bottled Flame","Ginger","Bag of Marbles","Cursed Key","Lantern","Fusion Hammer","Smiling Mask","DollysMirror"],"potions_floor_usage":[50],"damage_taken":[{"damage":1.0,"enemies":"Small Slimes","floor":1.0,"turns":5.0},{"damage":0.0,"enemies":"2 Louse","floor":2.0,"turns":3.0},{"damage":0.0,"enemies":"Cultist","floor":3.0,"turns":4.0},{"damage":10.0,"enemies":"Exordium Thugs","floor":5.0,"turns":6.0},{"damage":6.0,"enemies":"Gremlin Nob","floor":7.0,"turns":3.0},{"damage":4.0,"enemies":"3 Louse","floor":8.0,"turns":2.0},{"damage":5.0,"enemies":"3 Sentries","floor":11.0,"turns":6.0},{"damage":19.0,"enemies":"Gremlin Nob","floor":13.0,"turns":4.0},{"damage":0.0,"enemies":"Blue Slaver","floor":14.0,"turns":1.0},{"damage":13.0,"enemies":"Hexaghost","floor":16.0,"turns":7.0},{"damage":7.0,"enemies":"3 Byrds","floor":18.0,"turns":2.0},{"damage":6.0,"enemies":"2 Thieves","floor":21.0,"turns":4.0},{"damage":2.0,"enemies":"Snecko","floor":22.0,"turns":4.0},{"damage":17.0,"enemies":"Gremlin Leader","floor":24.0,"turns":7.0},{"damage":3.0,"enemies":"Centurion and Healer","floor":27.0,"turns":7.0},{"damage":0.0,"enemies":"Sentry and Sphere","floor":29.0,"turns":4.0},{"damage":17.0,"enemies":"Collector","floor":33.0,"turns":8.0},{"damage":0.0,"enemies":"3 Shapes","floor":35.0,"turns":4.0},{"damage":6.0,"enemies":"Orb Walker","floor":38.0,"turns":3.0},{"damage":3.0,"enemies":"4 Shapes","floor":39.0,"turns":5.0},{"damage":0.0,"enemies":"Nemesis","floor":40.0,"turns":7.0},{"damage":9.0,"enemies":"Spire Growth","floor":41.0,"turns":5.0},{"damage":0.0,"enemies":"Maw","floor":44.0,"turns":7.0},{"damage":3.0,"enemies":"3 Darklings","floor":45.0,"turns":5.0},{"damage":2.0,"enemies":"Transient","floor":47.0,"turns":6.0},{"damage":7.0,"enemies":"Sphere and 2 Shapes","floor":48.0,"turns":4.0},{"damage":26,"enemies":"Awakened One","floor":50,"turns":3}],"seed_played":"-4720339660874295596","potions_obtained":[{"floor":0.0,"key":"FearPotion"},{"floor":1.0,"key":"Regen Potion"},{"floor":8.0,"key":"SpeedPotion"},{"floor":14.0,"key":"Ancient Potion"},{"floor":18.0,"key":"Fire Potion"},{"floor":21.0,"key":"AttackPotion"},{"floor":24.0,"key":"Swift Potion"},{"floor":33.0,"key":"FearPotion"},{"floor":40.0,"key":"Block Potion"}],"is_trial":false,"path_per_floor":["M","M","M","?","M","R","E","M","T","$","E","R","E","M","R","B",null,"M","?","?","M","M","R","E","R","T","M","R","M","R","$","R","B",null,"M","?","?","M","M","E","M","$","T","M","M","$","M","M","R"],"character_chosen":"THE_SILENT","items_purchased":["Panache","Escape Plan","Adrenaline","Backflip","DollysMirror","Quick Slash"],"campfire_rested":1,"item_purchase_floors":[10,10,31,42,42,46],"current_hp_per_floor":[63,63,63,63,67,67,61,57,57,57,52,52,33,33,33,20,58,51,35,24,22,24,24,15,15,15,24,24,24,24,24,24,17,22,24,24,24,20,21,24,19,19,19,24,24,24,24,21,24,0],"gold":44,"neow_bonus":"BOSS_RELIC","is_prod":false,"is_daily":false,"chose_seed":false,"campfire_upgraded":8,"win_rate":0,"timestamp":1538459576,"path_taken":["M","M","M","?","M","R","E","M","T","?","E","R","E","M","R","BOSS","M","?","?","?","M","R","E","R","T","M","R","M","R","$","R","BOSS","M","?","?","M","M","E","?","?","T","M","M","?","M","?","R","BOSS"],"build_version":"2018-09-27","purchased_purges":0,"victory":false,"max_hp_per_floor":[71,71,71,71,71,71,71,71,71,71,71,71,71,71,71,71,71,71,35,24,24,24,24,24,24,24,24,24,24,24,24,24,24,24,24,24,24,24,24,24,24,24,24,24,24,24,24,24,24,24],"card_choices":[{"not_picked":["Setup","Reflex"],"picked":"Masterful Stab","floor":0.0},{"not_picked":["Poisoned Stab","Predator"],"picked":"Escape Plan","floor":1.0},{"not_picked":["Bane","Prepared"],"picked":"Cloak And Dagger","floor":2.0},{"not_picked":["Flying Knee","Cloak And Dagger"],"picked":"A Thousand Cuts","floor":3.0},{"not_picked":["Deflect","PiercingWail"],"picked":"Terror","floor":5.0},{"not_picked":["Acrobatics","Tools of the Trade"],"picked":"Deflect","floor":7.0},{"not_picked":["Caltrops","Terror"],"picked":"Cloak And Dagger","floor":8.0},{"not_picked":["Underhanded Strike","Dagger Throw"],"picked":"Backstab","floor":11.0},{"not_picked":["Backflip","Bullet Time"],"picked":"Corpse Explosion","floor":13.0},{"not_picked":["Outmaneuver","Skewer"],"picked":"Dash","floor":14.0},{"not_picked":["Phantasmal Killer","Storm of Steel"],"picked":"Corpse Explosion","floor":16.0},{"not_picked":["Dodge and Roll+1","Outmaneuver+1"],"picked":"Leg Sweep","floor":18.0},{"not_picked":["PiercingWail+1","Choke"],"picked":"Backstab","floor":21.0},{"not_picked":["Underhanded Strike","Bane","Dodge and Roll"],"picked":"SKIP","floor":22.0},{"not_picked":["Outmaneuver","Prepared+1"],"picked":"Acrobatics","floor":24.0},{"not_picked":["Outmaneuver+1","Deflect"],"picked":"Prepared+1","floor":27.0},{"not_picked":["Slice+1","Bane"],"picked":"Cloak And Dagger","floor":29.0},{"not_picked":["Adrenaline","Corpse Explosion"],"picked":"A Thousand Cuts","floor":33.0},{"not_picked":["Dagger Throw","Concentrate"],"picked":"Prepared+1","floor":35.0},{"not_picked":["Leg Sweep","Accuracy+1","Dodge and Roll"],"picked":"SKIP","floor":38.0},{"not_picked":["Catalyst","Deflect+1","PiercingWail+1"],"picked":"SKIP","floor":39.0},{"not_picked":["Bane","Sucker Punch"],"picked":"Blade Dance+1","floor":40.0},{"not_picked":["Caltrops+1","Predator","Dagger Throw"],"picked":"SKIP","floor":41.0},{"not_picked":["Finisher","Masterful Stab"],"picked":"Escape Plan","floor":44.0},{"not_picked":["Blur","Deadly Poison+1"],"picked":"Adrenaline","floor":45.0},{"not_picked":["Skewer","Tactician","Catalyst+1"],"picked":"SKIP","floor":47.0},{"not_picked":["Deflect","Underhanded Strike+1","Deadly Poison"],"picked":"SKIP","floor":48.0}],"player_experience":986106,"relics_obtained":[{"floor":7.0,"key":"StoneCalendar"},{"floor":9.0,"key":"Bottled Flame"},{"floor":11.0,"key":"Ginger"},{"floor":13.0,"key":"Bag of Marbles"},{"floor":24.0,"key":"Lantern"},{"floor":40.0,"key":"Smiling Mask"}],"event_choices":[{"event_name":"Living Wall","player_choice":"Change","floor":4.0,"damage_taken":0.0},{"event_name":"Ghosts","player_choice":"Became a Ghost","floor":19.0,"damage_taken":0.0},{"event_name":"Vampires","player_choice":"Became a vampire","floor":20.0,"damage_taken":0.0},{"event_name":"Upgrade Shrine","player_choice":"Upgraded","floor":36.0,"damage_taken":0.0},{"event_name":"Tomb of Lord Red Mask","player_choice":"Ignored","floor":37.0,"damage_taken":0.0}],"is_beta":true,"boss_relics":[{"not_picked":["Astrolabe","WristBlade"],"picked":"Cursed Key"},{"not_picked":["Velvet Choker","Empty Cage"],"picked":"Fusion Hammer"}],"items_purged_floors":[],"is_endless":false,"potions_floor_spawned":[1,2,8,14,18,21,24,33,38,40,41,44,48],"killed_by":"Awakened One","ascension_level":20}