{"gold_per_floor":[112,128,147,31,106,106,136,136,136,136,51,64,64,83,83,160,160,176,195,205,205],"floor_reached":21,"playtime":1906,"items_purged":["Strike_B"],"score":362,"play_id":"2a0901ad-c6f9-41e0-bba2-81f9db8d5b05","local_time":"20190305201012","is_ascension_mode":true,"campfire_choices":[{"data":"Zap","floor":6,"key":"SMITH"},{"floor":8,"key":"REST"},{"data":"Biased Cognition","floor":13,"key":"SMITH"},{"data":"Chaos","floor":15,"key":"SMITH"}],"neow_cost":"NONE","seed_source_timestamp":1202878294172941,"circlet_count":0,"master_deck":["AscendersBane","Strike_B","Strike_B","Strike_B","Defend_B","Defend_B","Defend_B","Defend_B","Zap+1","Dualcast","Biased Cognition+1","Coolheaded","Ball Lightning","Capacitor","Chaos+1","Glacier","Melter","Genetic Algorithm","Defragment","Biased Cognition","Conserve Battery+1","Recycle"],"relics":["Cracked Core","Singing Bowl","Juzu Bracelet","Girya","Runic Pyramid"],"potions_floor_usage":[7,16,20],"damage_taken":[{"damage":0,"enemies":"2 Louse","floor":1,"turns":2},{"damage":0,"enemies":"Small Slimes","floor":2,"turns":2},{"damage":6,"enemies":"Jaw Worm","floor":3,"turns":2},{"damage":27,"enemies":"Gremlin Nob","floor":7,"turns":4},{"damage":1,"enemies":"Looter","floor":12,"turns":3},{"damage":0,"enemies":"Large Slime","floor":14,"turns":5},{"damage":19,"enemies":"The Guardian","floor":16,"turns":11},{"damage":0,"enemies":"Spheric Guardian","floor":18,"turns":3},{"damage":0,"enemies":"Chosen","floor":19,"turns":5},{"damage":29,"enemies":"Shelled Parasite and Fungi","floor":20,"turns":5},{"damage":46,"enemies":"3 Cultists","floor":21,"turns":5}],"seed_played":"-4483031893790469469","potions_obtained":[{"floor":3,"key":"Poison Potion"},{"floor":7,"key":"SkillPotion"},{"floor":16,"key":"Energy Potion"},{"floor":19,"key":"Block Potion"},{"floor":20,"key":"Strength Potion"}],"is_trial":false,"path_per_floor":["M","M","M","$","?","R","E","R","T","?","$","M","R","M","R","B",null,"M","M","M","M"],"character_chosen":"DEFECT","items_purchased":["Chaos","Melter"],"campfire_rested":1,"item_purchase_floors":[4,11],"current_hp_per_floor":[64,64,58,58,47,47,20,41,41,41,41,40,40,40,40,21,59,59,59,32,0],"gold":205,"neow_bonus":"ONE_RANDOM_RARE_CARD","is_prod":false,"is_daily":false,"chose_seed":false,"campfire_upgraded":3,"win_rate":0,"timestamp":1551813012,"path_taken":["M","M","M","$","?","R","E","R","T","?","$","M","R","M","R","BOSS","M","M","M","M"],"build_version":"2019-01-23","purchased_purges":1,"victory":false,"max_hp_per_floor":[71,71,71,71,71,71,71,71,71,71,71,71,71,71,71,71,71,71,71,73,73],"card_choices":[{"not_picked":["Sweeping Beam","Auto Shields"],"picked":"Coolheaded","floor":1},{"not_picked":["Hologram","Scrape"],"picked":"Ball Lightning","floor":2},{"not_picked":["Redo","Go for the Eyes"],"picked":"Capacitor","floor":3},{"not_picked":["Chill","Gash"],"picked":"Glacier","floor":7},{"not_picked":["Beam Cell","Darkness"],"picked":"Genetic Algorithm","floor":12},{"not_picked":["Rebound","Steam"],"picked":"Defragment","floor":14},{"not_picked":["Rainbow","Machine Learning"],"picked":"Biased Cognition","floor":16},{"not_picked":["Gash","Rebound"],"picked":"Conserve Battery+1","floor":18},{"not_picked":["Storm","Scrape"],"picked":"Recycle","floor":19},{"not_picked":["Melter","Scrape","Beam Cell"],"picked":"Singing Bowl","floor":20}],"player_experience":1892927,"relics_obtained":[{"floor":7,"key":"Singing Bowl"},{"floor":9,"key":"Juzu Bracelet"}],"event_choices":[{"damage_healed":0,"gold_gain":75,"player_choice":"Gather Gold","damage_taken":11,"max_hp_gain":0,"max_hp_loss":0,"event_name":"World of Goop","floor":5,"gold_loss":0},{"damage_healed":0,"gold_gain":0,"player_choice":"Searched \u00271\u0027 times","damage_taken":0,"relics_obtained":["Girya"],"max_hp_gain":0,"max_hp_loss":0,"event_name":"Dead Adventurer","floor":10,"gold_loss":0}],"is_beta":false,"boss_relics":[{"not_picked":["FrozenCore","Velvet Choker"],"picked":"Runic Pyramid"}],"items_purged_floors":[4],"is_endless":false,"potions_floor_spawned":[3,7,16,19,20],"killed_by":"3 Cultists","ascension_level":20}