{"gold_per_floor":[167,14,14,26,52,52,77,77,100,131,153,165,204,236,248,338,350,381,393,405,55,35,61,61,94,94,109,127,25,41,67,67,146,146,160,173,190,65,79,79,97,123,123,0,29,29,29],"floor_reached":47,"playtime":3236,"items_purged":["Strike_B","Fusion","Gash"],"score":1206,"play_id":"48c2d9dc-76af-4b78-ba49-9089bf221cc1","local_time":"20190502230225","is_ascension_mode":true,"campfire_choices":[{"data":"Dualcast","floor":6.0,"key":"SMITH"},{"floor":8.0,"key":"REST"},{"data":"White Noise","floor":12.0,"key":"SMITH"},{"floor":15.0,"key":"REST"},{"floor":24.0,"key":"REST"},{"data":"Seek","floor":32.0,"key":"SMITH"},{"floor":40,"key":"REST"}],"neow_cost":"NONE","seed_source_timestamp":1991130477760707,"circlet_count":0,"master_deck":["AscendersBane","Zap+1","Dualcast+1","Rebound","Melter","Hologram+1","White Noise+1","Meteor Strike","Glacier","Electrodynamics","Redo","Meteor Strike","Seek+1","Melter","Cold Snap","Darkness","Compile Driver+1","Necronomicurse","Ball Lightning","PanicButton","Static Discharge+1","Fission","Hologram+1","Tempest+1","Creative AI"],"special_seed":0,"relics":["Tiny House","Regal Pillow","Ice Cream","MawBank","Lantern","Pandora\u0027s Box","Necronomicon","Pantograph","Strawberry","Sundial","Happy Flower","PreservedInsect","White Beast Statue","Bag of Preparation","Red Mask","Gremlin Horn"],"potions_floor_usage":[41,42,45,45],"damage_taken":[{"damage":2.0,"enemies":"2 Louse","floor":1.0,"turns":4.0},{"damage":0.0,"enemies":"Jaw Worm","floor":4.0,"turns":3.0},{"damage":33.0,"enemies":"Lagavulin","floor":7.0,"turns":8.0},{"damage":0.0,"enemies":"Cultist","floor":10.0,"turns":3.0},{"damage":0.0,"enemies":"Blue Slaver","floor":11.0,"turns":4.0},{"damage":24.0,"enemies":"Gremlin Nob","floor":13.0,"turns":4.0},{"damage":3.0,"enemies":"Large Slime","floor":14.0,"turns":5.0},{"damage":0.0,"enemies":"Slime Boss","floor":16.0,"turns":6.0},{"damage":9.0,"enemies":"Chosen","floor":18.0,"turns":4.0},{"damage":8.0,"enemies":"Slavers","floor":23.0,"turns":2.0},{"damage":7.0,"enemies":"Gremlin Leader","floor":25.0,"turns":4.0},{"damage":0.0,"enemies":"Spheric Guardian","floor":27.0,"turns":1.0},{"damage":0.0,"enemies":"Snecko","floor":28.0,"turns":4.0},{"damage":2.0,"enemies":"Snake Plant","floor":30.0,"turns":3.0},{"damage":3.0,"enemies":"Slavers","floor":31.0,"turns":2.0},{"damage":30.0,"enemies":"Automaton","floor":33.0,"turns":7.0},{"damage":25.0,"enemies":"3 Darklings","floor":35.0,"turns":4.0},{"damage":0.0,"enemies":"3 Shapes","floor":36.0,"turns":6.0},{"damage":7.0,"enemies":"Transient","floor":37.0,"turns":6.0},{"damage":15,"enemies":"Maw","floor":39,"turns":6},{"damage":4,"enemies":"Sphere and 2 Shapes","floor":41,"turns":3},{"damage":45,"enemies":"Nemesis","floor":42,"turns":3},{"damage":20,"enemies":"Reptomancer","floor":45,"turns":4},{"damage":11,"enemies":"Spire Growth","floor":47,"turns":2}],"seed_played":"5997576934880919686","potions_obtained":[{"floor":0.0,"key":"Energy Potion"},{"floor":7.0,"key":"PowerPotion"},{"floor":10.0,"key":"Weak Potion"},{"floor":13.0,"key":"PowerPotion"},{"floor":14.0,"key":"Strength Potion"},{"floor":16.0,"key":"SpeedPotion"},{"floor":22.0,"key":"Block Potion"},{"floor":25.0,"key":"SpeedPotion"},{"floor":28.0,"key":"Swift Potion"},{"floor":30.0,"key":"GamblersBrew"},{"floor":35.0,"key":"EssenceOfSteel"},{"floor":36.0,"key":"Weak Potion"},{"floor":37.0,"key":"SpeedPotion"},{"floor":39,"key":"Fire Potion"},{"floor":41,"key":"FearPotion"},{"floor":42,"key":"Regen Potion"},{"floor":45,"key":"Ancient Potion"}],"is_trial":false,"path_per_floor":["M","$","?","M","T","R","E","R","T","M","M","R","E","M","R","B",null,"M","?","?","$","?","E","R","E","T","M","M","$","M","E","R","B",null,"M","M","M","$","M","R","M","E","T","?","E","?","M"],"character_chosen":"DEFECT","items_purchased":["Melter","Pantograph","PanicButton"],"campfire_rested":4,"item_purchase_floors":[2,21,29],"current_hp_per_floor":[67,67,44,44,44,44,11,48,48,48,48,48,24,21,58,58,72,63,63,42,42,42,41,80,73,73,73,73,73,71,68,68,53,76,51,51,44,44,29,68,64,19,19,19,11,11,0],"gold":29,"neow_bonus":"BOSS_RELIC","is_prod":false,"is_daily":false,"chose_seed":false,"campfire_upgraded":3,"win_rate":0,"timestamp":1556830945,"path_taken":["M","$","?","M","?","R","E","R","T","?","M","R","E","M","R","BOSS","M","?","?","?","?","E","R","E","T","?","M","$","?","E","R","BOSS","M","M","M","$","M","R","M","E","T","?","E","?","?"],"build_version":"2019-01-23","purchased_purges":3,"victory":false,"max_hp_per_floor":[76,76,76,76,76,76,76,76,76,76,76,76,76,76,76,76,76,76,76,76,76,76,83,83,83,83,83,83,83,83,83,83,83,83,83,83,83,83,83,83,83,83,83,83,83,83,83],"card_choices":[{"not_picked":["Conserve Battery","Turbo"],"picked":"Gash","floor":0.0},{"not_picked":["Compile Driver","Loop"],"picked":"Rebound","floor":1.0},{"not_picked":["Redo","Recycle","Sweeping Beam"],"picked":"SKIP","floor":4.0},{"not_picked":["Barrage","Steam Power"],"picked":"Hologram","floor":7.0},{"not_picked":["Rebound","Scrape","Redo"],"picked":"SKIP","floor":10.0},{"not_picked":["Rebound","Barrage"],"picked":"White Noise","floor":11.0},{"not_picked":["Rebound","Rainbow"],"picked":"Meteor Strike","floor":13.0},{"not_picked":["Capacitor","Gash"],"picked":"Glacier","floor":14.0},{"not_picked":["Buffer","Seek"],"picked":"Electrodynamics","floor":16.0},{"not_picked":["Genetic Algorithm","Double Energy"],"picked":"Compile Driver+1","floor":18.0},{"not_picked":["Conserve Battery","Go for the Eyes","Lockon"],"picked":"SKIP","floor":23.0},{"not_picked":["Gash","Cold Snap","Go for the Eyes"],"picked":"SKIP","floor":25.0},{"not_picked":["Conserve Battery+1","Gash","Leap"],"picked":"SKIP","floor":27.0},{"not_picked":["Stack+1","Redo"],"picked":"Ball Lightning","floor":28.0},{"not_picked":["Redo","Turbo+1","Sweeping Beam"],"picked":"SKIP","floor":30.0},{"not_picked":["Beam Cell","Stack+1"],"picked":"Static Discharge+1","floor":31.0},{"not_picked":["Reboot","Core Surge"],"picked":"Fission","floor":33.0},{"not_picked":["Melter","Beam Cell","Redo"],"picked":"SKIP","floor":35.0},{"not_picked":["Steam Power","Go for the Eyes"],"picked":"Hologram+1","floor":36.0},{"not_picked":["Coolheaded","Barrage"],"picked":"Tempest+1","floor":37.0},{"not_picked":["Loop+1","Scrape+1","Glacier"],"picked":"SKIP","floor":39},{"not_picked":["Rebound","Ball Lightning","Chaos"],"picked":"SKIP","floor":41},{"not_picked":["Auto Shields+1","Lockon","Darkness+1"],"picked":"SKIP","floor":42},{"not_picked":["Scrape","Tempest"],"picked":"Creative AI","floor":45}],"player_experience":2625931,"relics_obtained":[{"floor":5.0,"key":"Regal Pillow"},{"floor":7.0,"key":"Ice Cream"},{"floor":9.0,"key":"MawBank"},{"floor":13.0,"key":"Lantern"},{"floor":20.0,"key":"Necronomicon"},{"floor":23.0,"key":"Strawberry"},{"floor":25.0,"key":"Sundial"},{"floor":26.0,"key":"Happy Flower"},{"floor":31.0,"key":"PreservedInsect"},{"floor":42,"key":"Bag of Preparation"},{"floor":45,"key":"Gremlin Horn"}],"event_choices":[{"damage_healed":0.0,"max_hp_gain":0.0,"max_hp_loss":0.0,"gold_gain":0.0,"event_name":"Shining Light","player_choice":"Entered Light","floor":3.0,"gold_loss":0.0,"damage_taken":23.0,"cards_upgraded":["Defend_B","Zap"]},{"damage_healed":0.0,"max_hp_gain":0.0,"max_hp_loss":0.0,"gold_gain":0.0,"event_name":"Vampires","player_choice":"Ignored","floor":19.0,"gold_loss":0.0,"damage_taken":0.0},{"damage_healed":0.0,"max_hp_gain":0.0,"max_hp_loss":0.0,"gold_gain":0.0,"event_name":"Cursed Tome","player_choice":"Obtained Book","floor":20.0,"gold_loss":0.0,"damage_taken":21.0},{"damage_healed":0.0,"max_hp_gain":0.0,"max_hp_loss":0.0,"gold_gain":0.0,"event_name":"The Woman in Blue","player_choice":"Bought 1 Potion","floor":22.0,"gold_loss":0.0,"damage_taken":0.0},{"damage_healed":0,"gold_gain":0,"player_choice":"Paid","damage_taken":0,"relics_obtained":["Red Mask"],"max_hp_gain":0,"max_hp_loss":0,"event_name":"Tomb of Lord Red Mask","floor":44,"gold_loss":123},{"damage_healed":0,"gold_gain":0,"player_choice":"Upgraded","damage_taken":0,"max_hp_gain":0,"max_hp_loss":0,"event_name":"Upgrade Shrine","floor":46,"gold_loss":0,"cards_upgraded":["Hologram"]}],"is_beta":false,"boss_relics":[{"not_picked":["Sozu","Black Star"],"picked":"Pandora\u0027s Box"},{"not_picked":["Velvet Choker","Nuclear Battery"],"picked":"White Beast Statue"}],"items_purged_floors":[2,21,38],"is_endless":false,"potions_floor_spawned":[7,10,13,14,16,25,28,30,35,36,37,39,41,42,45],"killed_by":"Spire Growth","ascension_level":20}