{"gold_per_floor":[109,56,1,1,15,44,58,73,121,174,184,217,217,249,249,325,325,344,269,269,57,57,86,86,101,101,26,83,100,48,68,68,147,147,166,166,166,166,181,181,208,208,208,208,222,241,259,292,292,292,292,292,292,30,56,56],"floor_reached":56,"playtime":5211,"items_purged":["Defend_B"],"score":1990,"play_id":"c9214684-d5c9-4033-a800-5024af3dbd1f","local_time":"20190103001125","is_ascension_mode":true,"campfire_choices":[{"data":"Zap","floor":13,"key":"SMITH"},{"floor":15,"key":"REST"},{"floor":24,"key":"REST"},{"floor":32,"key":"REST"},{"data":"Coolheaded","floor":40,"key":"SMITH"},{"data":"Multi-Cast","floor":42,"key":"SMITH"},{"floor":49,"key":"RECALL"},{"data":"Echo Form","floor":53,"key":"SMITH"}],"neow_cost":"NONE","seed_source_timestamp":134113651854404,"circlet_count":0,"master_deck":["AscendersBane","Defend_B+1","Defend_B","Zap+1","Dualcast","Ball Lightning","Coolheaded+1","Ball Lightning","BootSequence","Capacitor","Chill","Ball Lightning","Chaos","Biased Cognition","Cold Snap","Capacitor","Biased Cognition","Core Surge","Biased Cognition","Skim","Coolheaded+1","Echo Form+1","Defragment+1","Go for the Eyes+1","Multi-Cast+1","Steam+1","Force Field","Fusion+1","Panache","Loop+1"],"special_seed":0,"relics":["Cracked Core","NeowsBlessing","DataDisk","Mercury Hourglass","War Paint","Lantern","Ancient Tea Set","Art of War","Empty Cage","Bag of Preparation","Shuriken","Molten Egg 2","Tiny Chest","Eternal Feather","Bottled Flame","Cables","Strawberry","Pocketwatch"],"potions_floor_usage":[12,14,16,23,28,33,47,51,55,56],"damage_taken":[{"damage":0.0,"enemies":"Small Slimes","floor":1.0,"turns":1.0},{"damage":0.0,"enemies":"Cultist","floor":3.0,"turns":1.0},{"damage":0,"enemies":"Cultist","floor":5,"turns":1},{"damage":19,"enemies":"Lagavulin","floor":6,"turns":6},{"damage":0,"enemies":"2 Louse","floor":7,"turns":2},{"damage":0,"enemies":"Exordium Wildlife","floor":8,"turns":2},{"damage":0,"enemies":"Red Slaver","floor":11,"turns":2},{"damage":8,"enemies":"Gremlin Nob","floor":12,"turns":3},{"damage":19,"enemies":"Lagavulin","floor":14,"turns":4},{"damage":13,"enemies":"Hexaghost","floor":16,"turns":7},{"damage":3,"enemies":"Spheric Guardian","floor":18,"turns":3},{"damage":26,"enemies":"Slavers","floor":23,"turns":4},{"damage":0,"enemies":"2 Thieves","floor":25,"turns":2},{"damage":2,"enemies":"Book of Stabbing","floor":28,"turns":4},{"damage":14,"enemies":"Snake Plant","floor":29,"turns":2},{"damage":0,"enemies":"Centurion and Healer","floor":31,"turns":4},{"damage":2,"enemies":"Automaton","floor":33,"turns":7},{"damage":8,"enemies":"Orb Walker","floor":35,"turns":3},{"damage":1,"enemies":"3 Darklings","floor":39,"turns":5},{"damage":7,"enemies":"Nemesis","floor":41,"turns":7},{"damage":0,"enemies":"4 Shapes","floor":45,"turns":4},{"damage":15,"enemies":"Maw","floor":46,"turns":5},{"damage":13,"enemies":"Jaw Worm Horde","floor":47,"turns":3},{"damage":0,"enemies":"Giant Head","floor":48,"turns":7},{"damage":16,"enemies":"Donu and Deca","floor":50,"turns":10},{"damage":12,"enemies":"Time Eater","floor":51,"turns":21},{"damage":46,"enemies":"Shield and Spear","floor":55,"turns":7},{"damage":30,"enemies":"The Heart","floor":56,"turns":2}],"seed_played":"-9076642033891397300","potions_obtained":[{"floor":6,"key":"Ancient Potion"},{"floor":11,"key":"Ancient Potion"},{"floor":12,"key":"GamblersBrew"},{"floor":14,"key":"Energy Potion"},{"floor":18,"key":"PowerPotion"},{"floor":25,"key":"AttackPotion"},{"floor":33,"key":"PowerPotion"},{"floor":35,"key":"Dexterity Potion"},{"floor":45,"key":"Energy Potion"},{"floor":55,"key":"Block Potion"}],"is_trial":false,"path_per_floor":["M","?","M","$","?","M","E","M","M","T","T","M","E","R","E","R","B",null,"M","?","?","$","?","E","R","M","T","$","E","M","$","M","R","B",null,"M","$","?","T","M","R","E","R","T","?","M","M","M","E","R","B","B",null,"R","$","E","B"],"character_chosen":"DEFECT","items_purchased":["Coolheaded","Bag of Preparation","Capacitor","Coolheaded","Panache","SkillPotion"],"campfire_rested":3,"item_purchase_floors":[3,21,21,30,54,54],"current_hp_per_floor":[64,64,64,64,64,45,45,45,45,45,45,37,37,18,39,26,60,57,57,57,57,57,31,52,52,52,52,50,36,36,36,57,55,67,59,59,59,59,58,70,63,71,71,67,67,52,39,46,61,45,33,64,74,74,28,0],"gold":56,"neow_bonus":"THREE_ENEMY_KILL","is_prod":false,"is_daily":false,"chose_seed":false,"campfire_upgraded":4,"win_rate":0,"timestamp":1546470685,"path_taken":["M","?","?","?","M","E","M","M","T","?","?","E","R","E","R","BOSS","M","?","?","$","?","E","R","?","T","?","E","M","$","?","R","BOSS","M","$","?","?","M","R","E","R","T","?","M","M","M","E","R","BOSS","BOSS","R","$","E","BOSS"],"build_version":"2018-12-20","purchased_purges":1,"victory":false,"max_hp_per_floor":[71,71,71,71,71,71,71,71,71,71,71,71,71,71,71,71,71,71,71,71,71,71,71,71,71,71,71,71,71,71,71,71,71,71,71,71,71,71,71,71,71,71,71,67,67,67,67,74,74,74,74,74,74,74,74,74],"card_choices":[{"not_picked":["Rebound","Fusion"],"picked":"Ball Lightning","floor":1.0},{"not_picked":["FTL","Stack"],"picked":"Ball Lightning","floor":5},{"not_picked":["Compile Driver","Redo"],"picked":"Rainbow","floor":6},{"not_picked":["Cold Snap","Skim"],"picked":"BootSequence","floor":7},{"not_picked":["Beam Cell","Scrape"],"picked":"Capacitor","floor":8},{"not_picked":["FTL","Go for the Eyes"],"picked":"Chill","floor":11},{"not_picked":["Steam","Compile Driver"],"picked":"Ball Lightning","floor":12},{"not_picked":["Auto Shields","Stack"],"picked":"Chaos","floor":14},{"not_picked":["Buffer","Fission"],"picked":"Biased Cognition","floor":16},{"not_picked":["Blizzard","Stack+1"],"picked":"Cold Snap","floor":18},{"not_picked":["Steam","Turbo","Leap"],"picked":"SKIP","floor":23},{"not_picked":["Loop","Turbo"],"picked":"Biased Cognition","floor":25},{"not_picked":["Rip and Tear+1","Aggregate","Blizzard+1"],"picked":"SKIP","floor":28},{"not_picked":["Ball Lightning+1","Chaos"],"picked":"Skim","floor":29},{"not_picked":["Steam","Rebound+1","Ball Lightning+1"],"picked":"SKIP","floor":31},{"not_picked":["Rainbow","Seek"],"picked":"Echo Form","floor":33},{"not_picked":["Redo","Stack+1"],"picked":"Defragment+1","floor":35},{"not_picked":["Conserve Battery","All For One+1"],"picked":"Go for the Eyes+1","floor":39},{"not_picked":["Melter+1","Gash+1"],"picked":"Multi-Cast","floor":41},{"not_picked":["Turbo","Conserve Battery"],"picked":"Steam+1","floor":45},{"not_picked":["Rebound+1","Go for the Eyes+1"],"picked":"Force Field","floor":46},{"not_picked":["Stack","Streamline+1","Steam Power"],"picked":"SKIP","floor":47},{"not_picked":["Rebound+1","Gash+1"],"picked":"Fusion+1","floor":48},{"not_picked":["Steam Power","Rip and Tear+1"],"picked":"Loop+1","floor":55}],"player_experience":1515453,"relics_obtained":[{"floor":6,"key":"Mercury Hourglass"},{"floor":9,"key":"War Paint"},{"floor":10,"key":"Lantern"},{"floor":12,"key":"Ancient Tea Set"},{"floor":14,"key":"Art of War"},{"floor":23,"key":"Shuriken"},{"floor":26,"key":"Molten Egg 2"},{"floor":28,"key":"Tiny Chest"},{"floor":38,"key":"Bottled Flame"},{"floor":41,"key":"Cables"},{"floor":48,"key":"Strawberry"},{"floor":55,"key":"Pocketwatch"}],"event_choices":[{"damage_healed":0.0,"max_hp_gain":0.0,"max_hp_loss":0.0,"gold_gain":0.0,"event_name":"WeMeetAgain","player_choice":"Paid Gold","floor":2.0,"gold_loss":53.0,"damage_taken":0.0,"relics_obtained":["DataDisk"]},{"damage_healed":0,"gold_gain":0,"player_choice":"Leave","damage_taken":0,"max_hp_gain":0,"max_hp_loss":0,"event_name":"The Cleric","floor":4,"gold_loss":0},{"cards_removed":["Strike_B"],"damage_healed":0,"gold_gain":0,"player_choice":"Gave Gold","damage_taken":0,"max_hp_gain":0,"max_hp_loss":0,"event_name":"Beggar","floor":19,"gold_loss":75},{"damage_healed":0,"gold_gain":0,"player_choice":"Ignored","damage_taken":0,"max_hp_gain":0,"max_hp_loss":0,"event_name":"Cursed Tome","floor":20,"gold_loss":0},{"damage_healed":0,"gold_gain":0,"cards_transformed":["Strike_B","Defend_B"],"player_choice":"Became Test Subject","damage_taken":0,"max_hp_gain":0,"max_hp_loss":0,"event_name":"Drug Dealer","floor":22,"gold_loss":0,"cards_obtained":["Biased Cognition","Core Surge"]},{"cards_removed":["Rainbow"],"damage_healed":0,"gold_gain":0,"player_choice":"Removed Skill","damage_taken":0,"max_hp_gain":0,"max_hp_loss":0,"event_name":"Falling","floor":37,"gold_loss":0},{"damage_healed":0,"gold_gain":0,"player_choice":"Max HP","damage_taken":0,"max_hp_gain":0,"max_hp_loss":4,"event_name":"Winding Halls","floor":44,"gold_loss":0}],"is_beta":false,"boss_relics":[{"not_picked":["Velvet Choker","Fusion Hammer"],"picked":"Empty Cage"},{"not_picked":["Orrery","Snecko Eye"],"picked":"Eternal Feather"}],"items_purged_floors":[27],"is_endless":false,"potions_floor_spawned":[3,6,11,12,14,18,25,33,35,45,55],"killed_by":"The Heart","ascension_level":20}