{"gold_per_floor":[119,190,140,140,153,184,184,197,222,26,26,54,83,108,108,204,204,223,242,332,29,29,42,67,67,67,82,116,146,159,172,172,277,277,292,305,328,328,328,354,354,354],"floor_reached":42,"playtime":8829,"items_purged":["Defend_G"],"score":690,"play_id":"40b693f9-c28f-4ddc-be2d-6761844522d2","local_time":"20190520204613","is_ascension_mode":true,"campfire_choices":[{"data":"Blur","floor":7.0,"key":"SMITH"},{"data":"After Image","floor":15.0,"key":"SMITH"},{"data":"After Image","floor":25.0,"key":"SMITH"},{"floor":32.0,"key":"REST"},{"data":"Skewer","floor":41.0,"key":"SMITH"}],"neow_cost":"NONE","seed_source_timestamp":132403829580494,"circlet_count":0,"master_deck":["Defend_G","Defend_G","Defend_G","Defend_G","Strike_G+1","Strike_G+1","Strike_G","Survivor","Neutralize+1","Blur+1","Flying Knee","After Image+1","Predator","Skewer+1","Terror","After Image+1","PiercingWail","Cloak And Dagger","Malaise","Normality","Bandage Up"],"special_seed":0,"relics":["Runic Dome","Meat on the Bone","Art of War","Smiling Mask","Bag of Marbles","Thread and Needle","Odd Mushroom","Potion Belt","Busted Crown","Dead Branch","Whetstone","Gremlin Horn","Regal Pillow","Tiny Chest","Cursed Key","Pen Nib","Bottled Lightning"],"potions_floor_usage":[42],"damage_taken":[{"damage":0.0,"enemies":"Cultist","floor":1.0,"turns":4.0},{"damage":0.0,"enemies":"2 Louse","floor":5.0,"turns":5.0},{"damage":39.0,"enemies":"Lagavulin","floor":6.0,"turns":14.0},{"damage":0.0,"enemies":"Jaw Worm","floor":8.0,"turns":6.0},{"damage":5.0,"enemies":"3 Sentries","floor":12.0,"turns":12.0},{"damage":5.0,"enemies":"The Mushroom Lair","floor":13.0,"turns":5.0},{"damage":4.0,"enemies":"Gremlin Nob","floor":14.0,"turns":3.0},{"damage":6.0,"enemies":"Hexaghost","floor":16.0,"turns":8.0},{"damage":0.0,"enemies":"Shell Parasite","floor":18.0,"turns":4.0},{"damage":0.0,"enemies":"3 Byrds","floor":19.0,"turns":6.0},{"damage":13.0,"enemies":"Snake Plant","floor":23.0,"turns":5.0},{"damage":3.0,"enemies":"Book of Stabbing","floor":24.0,"turns":5.0},{"damage":3.0,"enemies":"Centurion and Healer","floor":27.0,"turns":5.0},{"damage":0.0,"enemies":"Gremlin Leader","floor":28.0,"turns":7.0},{"damage":0.0,"enemies":"Chosen and Byrds","floor":30.0,"turns":6.0},{"damage":0.0,"enemies":"Sentry and Sphere","floor":31.0,"turns":6.0},{"damage":8.0,"enemies":"Automaton","floor":33.0,"turns":15.0},{"damage":0.0,"enemies":"3 Darklings","floor":35.0,"turns":10.0},{"damage":0.0,"enemies":"Orb Walker","floor":36.0,"turns":4.0},{"damage":0.0,"enemies":"Nemesis","floor":40.0,"turns":5.0},{"damage":83,"enemies":"Giant Head","floor":42,"turns":9}],"seed_played":"-8052562577560919014","potions_obtained":[{"floor":6.0,"key":"GhostInAJar"},{"floor":8.0,"key":"FearPotion"},{"floor":12.0,"key":"FearPotion"},{"floor":13.0,"key":"Dexterity Potion"},{"floor":19.0,"key":"Regen Potion"},{"floor":28.0,"key":"Swift Potion"},{"floor":30.0,"key":"SteroidPotion"},{"floor":33.0,"key":"FairyPotion"},{"floor":36.0,"key":"GamblersBrew"},{"floor":40.0,"key":"Block Potion"}],"is_trial":false,"path_per_floor":["M","T","?","?","M","E","R","M","T","$","?","E","?","E","R","B",null,"M","M","?","$","?","M","E","R","T","M","E","?","M","M","R","B",null,"M","M","T","?","?","E","R","E"],"character_chosen":"THE_SILENT","items_purchased":["Bag of Marbles","Dead Branch"],"campfire_rested":1,"item_purchase_floors":[10,21],"current_hp_per_floor":[70,70,70,70,70,43,43,43,43,43,43,38,45,41,41,47,64,64,64,50,50,43,44,41,41,41,38,38,38,38,38,70,62,68,68,68,68,66,66,66,66,0],"gold":354,"neow_bonus":"BOSS_RELIC","is_prod":false,"is_daily":false,"chose_seed":false,"campfire_upgraded":4,"win_rate":0,"timestamp":1558365373,"path_taken":["M","?","?","?","?","E","R","M","T","?","?","E","?","E","R","BOSS","M","M","?","?","?","?","E","R","T","M","E","?","M","M","R","BOSS","M","M","?","?","?","E","R","E"],"build_version":"2019-01-23","purchased_purges":1,"victory":false,"max_hp_per_floor":[70,70,70,70,70,70,70,70,70,70,70,70,70,70,70,70,70,70,70,70,70,70,70,70,70,70,70,70,70,70,70,70,70,70,70,70,70,66,66,66,66,66],"card_choices":[{"not_picked":["Slice","Heel Hook"],"picked":"Blur","floor":1.0},{"not_picked":["Finisher","Sucker Punch","Prepared"],"picked":"SKIP","floor":5.0},{"not_picked":["Reflex","Concentrate","Acrobatics"],"picked":"SKIP","floor":6.0},{"not_picked":["Reflex","Concentrate","Acrobatics"],"picked":"SKIP","floor":6.0},{"not_picked":["Acrobatics","Blade Dance"],"picked":"Flying Knee","floor":8.0},{"not_picked":["Concentrate","Blade Dance"],"picked":"Predator","floor":12.0},{"not_picked":["Blade Dance","Deflect"],"picked":"Skewer","floor":13.0},{"not_picked":["Dagger Throw","Endless Agony"],"picked":"Terror","floor":14.0},{"not_picked":["Night Terror","Glass Knife"],"picked":"After Image","floor":16.0},{"not_picked":[],"picked":"PiercingWail","floor":18.0},{"not_picked":["Accuracy"],"picked":"SKIP","floor":19.0},{"not_picked":["Calculated Gamble+1"],"picked":"SKIP","floor":23.0},{"not_picked":["Poisoned Stab"],"picked":"SKIP","floor":24.0},{"not_picked":["Poisoned Stab"],"picked":"SKIP","floor":27.0},{"not_picked":[],"picked":"Cloak And Dagger","floor":28.0},{"not_picked":["Concentrate"],"picked":"SKIP","floor":30.0},{"not_picked":["Sucker Punch"],"picked":"SKIP","floor":31.0},{"not_picked":[],"picked":"Malaise","floor":33.0},{"not_picked":["Quick Slash"],"picked":"SKIP","floor":35.0},{"not_picked":["Outmaneuver+1"],"picked":"SKIP","floor":36.0},{"not_picked":[],"picked":"Bandage Up","floor":39.0},{"not_picked":["Dodge and Roll+1"],"picked":"SKIP","floor":40.0}],"player_experience":555968,"relics_obtained":[{"floor":2.0,"key":"Meat on the Bone"},{"floor":6.0,"key":"Art of War"},{"floor":9.0,"key":"Smiling Mask"},{"floor":12.0,"key":"Thread and Needle"},{"floor":13.0,"key":"Odd Mushroom"},{"floor":14.0,"key":"Potion Belt"},{"floor":24.0,"key":"Whetstone"},{"floor":26.0,"key":"Gremlin Horn"},{"floor":28.0,"key":"Regal Pillow"},{"floor":37.0,"key":"Pen Nib"},{"floor":40.0,"key":"Bottled Lightning"}],"event_choices":[{"cards_removed":["Strike_G"],"damage_healed":0.0,"max_hp_gain":0.0,"max_hp_loss":0.0,"gold_gain":0.0,"event_name":"The Cleric","player_choice":"Card Removal","floor":3.0,"gold_loss":50.0,"damage_taken":0.0},{"damage_healed":0.0,"max_hp_gain":0.0,"max_hp_loss":0.0,"gold_gain":0.0,"event_name":"Upgrade Shrine","player_choice":"Upgraded","floor":4.0,"gold_loss":0.0,"damage_taken":0.0,"cards_upgraded":["Neutralize"]},{"damage_healed":0.0,"max_hp_gain":0.0,"max_hp_loss":0.0,"gold_gain":0.0,"cards_transformed":["Strike_G"],"event_name":"Living Wall","player_choice":"Change","floor":11.0,"gold_loss":0.0,"damage_taken":0.0,"cards_obtained":["After Image"]},{"damage_healed":0.0,"max_hp_gain":0.0,"max_hp_loss":0.0,"gold_gain":0.0,"event_name":"Mushrooms","player_choice":"Fought Mushrooms","floor":13.0,"gold_loss":0.0,"damage_taken":0.0},{"damage_healed":0.0,"max_hp_gain":0.0,"max_hp_loss":0.0,"gold_gain":90.0,"event_name":"Knowing Skull","player_choice":"GOLD ","floor":20.0,"potions_obtained":[],"gold_loss":0.0,"damage_taken":14.0,"cards_obtained":[]},{"damage_healed":0.0,"max_hp_gain":0.0,"max_hp_loss":0.0,"gold_gain":0.0,"event_name":"Wheel of Change","player_choice":"Damaged","floor":22.0,"gold_loss":0.0,"damage_taken":7.0},{"damage_healed":0.0,"max_hp_gain":0.0,"max_hp_loss":0.0,"gold_gain":0.0,"event_name":"WeMeetAgain","player_choice":"Gave Potion","floor":29.0,"gold_loss":0.0,"damage_taken":0.0,"relics_obtained":["Tiny Chest"]},{"damage_healed":0.0,"max_hp_gain":0.0,"max_hp_loss":4.0,"gold_gain":0.0,"event_name":"Winding Halls","player_choice":"Max HP","floor":38.0,"gold_loss":0.0,"damage_taken":0.0},{"damage_healed":0.0,"max_hp_gain":0.0,"max_hp_loss":0.0,"gold_gain":0.0,"event_name":"SensoryStone","player_choice":"Memory 1","floor":39.0,"gold_loss":0.0,"damage_taken":0.0}],"is_beta":false,"boss_relics":[{"not_picked":["White Beast Statue","Runic Pyramid"],"picked":"Busted Crown"},{"not_picked":["Snecko Eye","Black Star"],"picked":"Cursed Key"}],"items_purged_floors":[10],"is_endless":false,"potions_floor_spawned":[6,8,12,13,19,28,30,33,36,40],"killed_by":"Giant Head","ascension_level":5}