{"gold_per_floor":[365,37,55,55,73,107,107,26,73,88,121,139,214,233,233,233],"floor_reached":16,"playtime":1094,"items_purged":[],"score":224,"play_id":"fa0958f9-289d-45fc-a676-82cb89c9fc34","local_time":"20190125180749","is_ascension_mode":true,"campfire_choices":[{"floor":7,"key":"REST"},{"data":"Hologram","floor":15,"key":"SMITH"}],"neow_cost":"TEN_PERCENT_HP_LOSS","seed_source_timestamp":77571130712479,"circlet_count":0,"master_deck":["AscendersBane","Strike_B","Strike_B","Strike_B","Strike_B","Defend_B","Defend_B","Defend_B","Defend_B","Zap","Dualcast","Defragment","Coolheaded","Gash","Hologram+1","Seek","Glacier","Defragment","Ball Lightning","Genetic Algorithm","Sweeping Beam+1","Go for the Eyes+1"],"relics":["Cracked Core","Chemical X","Lantern","Oddly Smooth Stone","Molten Egg 2"],"potions_floor_usage":[16,16],"damage_taken":[{"damage":1,"enemies":"Cultist","floor":1,"turns":3},{"damage":4,"enemies":"2 Louse","floor":3,"turns":3},{"damage":2,"enemies":"Jaw Worm","floor":5,"turns":3},{"damage":35,"enemies":"3 Sentries","floor":6,"turns":10},{"damage":4,"enemies":"Exordium Wildlife","floor":10,"turns":6},{"damage":5,"enemies":"Lagavulin","floor":11,"turns":9},{"damage":0,"enemies":"Looter","floor":12,"turns":2},{"damage":0,"enemies":"Blue Slaver","floor":14,"turns":4},{"damage":44,"enemies":"Hexaghost","floor":16,"turns":11}],"seed_played":"-3108005174194492771","potions_obtained":[{"floor":1,"key":"FearPotion"},{"floor":10,"key":"Regen Potion"}],"is_trial":false,"path_per_floor":["M","$","M","?","M","E","R","$","T","M","E","M","?","M","R","B"],"character_chosen":"DEFECT","items_purchased":["Chemical X","Coolheaded","Gash","Defragment"],"campfire_rested":1,"item_purchase_floors":[2,2,2,8],"current_hp_per_floor":[63,63,59,64,62,27,47,47,47,43,38,38,27,27,27,0],"gold":233,"neow_bonus":"TWO_FIFTY_GOLD","is_prod":false,"is_daily":false,"chose_seed":false,"campfire_upgraded":1,"win_rate":0,"timestamp":1548436069,"path_taken":["M","$","M","?","M","E","R","$","T","M","E","M","?","?","R","BOSS"],"build_version":"2019-01-23","purchased_purges":0,"victory":false,"max_hp_per_floor":[64,64,64,69,69,69,69,69,69,69,69,69,69,69,69,69],"card_choices":[{"not_picked":["Compile Driver","Stack"],"picked":"Defragment","floor":1},{"not_picked":["Stack","Doom and Gloom"],"picked":"Hologram","floor":3},{"not_picked":["Tempest","Gash"],"picked":"Seek","floor":5},{"not_picked":["Capacitor","Compile Driver"],"picked":"Glacier","floor":6},{"not_picked":["Compile Driver","Turbo"],"picked":"Ball Lightning","floor":10},{"not_picked":["Double Energy","Loop"],"picked":"Genetic Algorithm","floor":11},{"not_picked":["Cold Snap+1","Stack"],"picked":"Sweeping Beam+1","floor":12},{"not_picked":["Barrage+1","White Noise"],"picked":"Go for the Eyes+1","floor":14}],"player_experience":1588796,"relics_obtained":[{"floor":6,"key":"Lantern"},{"floor":9,"key":"Oddly Smooth Stone"},{"floor":11,"key":"Molten Egg 2"}],"event_choices":[{"damage_healed":0,"gold_gain":0,"player_choice":"Donut","damage_taken":0,"max_hp_gain":5,"max_hp_loss":0,"event_name":"Big Fish","floor":4,"gold_loss":0},{"damage_healed":0,"gold_gain":75,"player_choice":"Gather Gold","damage_taken":11,"max_hp_gain":0,"max_hp_loss":0,"event_name":"World of Goop","floor":13,"gold_loss":0}],"is_beta":false,"boss_relics":[],"items_purged_floors":[],"is_endless":false,"potions_floor_spawned":[1,10,11,14],"killed_by":"Hexaghost","ascension_level":20}