{"gold_per_floor":[112,126,126,91,166,194,194,238,308,333,371,391,391,391,391,481,481,504,519,355,380,115,149,149],"floor_reached":24,"playtime":1156,"items_purged":["Injury"],"score":492,"play_id":"64cd7c4b-bace-4835-8d4e-896446a57683","local_time":"20190426164046","is_ascension_mode":true,"campfire_choices":[{"data":"Doppelganger","floor":13.0,"key":"SMITH"},{"data":"A Thousand Cuts","floor":15.0,"key":"SMITH"}],"neow_cost":"NONE","seed_source_timestamp":16382592494736,"circlet_count":0,"master_deck":["AscendersBane","Defend_G","Defend_G","Defend_G","Defend_G","Defend_G","Strike_G","Strike_G","Strike_G","Strike_G+1","Strike_G+1","Survivor","Neutralize","Slice","Cloak And Dagger","Backstab","Doppelganger+1","Acrobatics","Slice","Well Laid Plans","Bane","A Thousand Cuts+1","Neutralize","Terror","Die Die Die","Cloak And Dagger","Predator","Dash","Infinite Blades","Distraction"],"special_seed":0,"relics":["Ring of the Snake","NeowsBlessing","PreservedInsect","Golden Idol","Strawberry","Letter Opener","Gremlin Horn","Snecko Eye","Meat on the Bone","Juzu Bracelet"],"potions_floor_usage":[24],"damage_taken":[{"damage":0.0,"enemies":"Small Slimes","floor":1.0,"turns":1.0},{"damage":0.0,"enemies":"Jaw Worm","floor":2.0,"turns":1.0},{"damage":0.0,"enemies":"Gremlin Nob","floor":6.0,"turns":1.0},{"damage":10.0,"enemies":"3 Sentries","floor":8.0,"turns":8.0},{"damage":3.0,"enemies":"2 Louse","floor":10.0,"turns":3.0},{"damage":6.0,"enemies":"Lagavulin","floor":11.0,"turns":6.0},{"damage":0.0,"enemies":"Gremlin Gang","floor":12.0,"turns":4.0},{"damage":15.0,"enemies":"Hexaghost","floor":16.0,"turns":11.0},{"damage":2.0,"enemies":"3 Byrds","floor":18.0,"turns":2.0},{"damage":18.0,"enemies":"Shell Parasite","floor":19.0,"turns":3.0},{"damage":9.0,"enemies":"Sentry and Sphere","floor":21.0,"turns":4.0},{"damage":11.0,"enemies":"Book of Stabbing","floor":23.0,"turns":4.0},{"damage":33,"enemies":"Shelled Parasite and Fungi","floor":24,"turns":5}],"seed_played":"2727847055949884659","potions_obtained":[{"floor":6.0,"key":"Dexterity Potion"},{"floor":8.0,"key":"Fire Potion"},{"floor":11.0,"key":"Poison Potion"},{"floor":16.0,"key":"Explosive Potion"},{"floor":21.0,"key":"EssenceOfSteel"},{"floor":23.0,"key":"Swift Potion"}],"is_trial":false,"path_per_floor":["M","M","?","?","?","E","?","E","T","M","E","M","R","?","R","B",null,"M","M","$","M","$","E","M"],"character_chosen":"THE_SILENT","items_purchased":["Dash","Meat on the Bone"],"campfire_rested":0,"item_purchase_floors":[20,22],"current_hp_per_floor":[59,59,39,55,44,44,44,41,41,38,32,32,32,32,32,17,59,57,39,39,30,30,31,0],"gold":149,"neow_bonus":"THREE_ENEMY_KILL","is_prod":false,"is_daily":false,"chose_seed":false,"campfire_upgraded":2,"win_rate":0,"timestamp":1556322046,"path_taken":["M","M","?","?","?","E","?","E","T","M","E","M","R","?","R","BOSS","M","?","$","M","?","E","M"],"build_version":"2019-01-23","purchased_purges":1,"victory":false,"max_hp_per_floor":[66,66,66,66,66,66,66,73,73,73,73,73,73,73,73,73,73,73,73,73,73,73,73,73],"card_choices":[{"not_picked":["Eviscerate","Quick Slash"],"picked":"Slice","floor":1.0},{"not_picked":["Bane","Storm of Steel"],"picked":"Cloak And Dagger","floor":2.0},{"not_picked":["Cloak And Dagger","Underhanded Strike"],"picked":"Backstab","floor":6.0},{"not_picked":["Blade Dance","Dodge and Roll"],"picked":"Doppelganger","floor":8.0},{"not_picked":["Underhanded Strike","PiercingWail"],"picked":"Acrobatics","floor":10.0},{"not_picked":["Prepared","Masterful Stab"],"picked":"Slice","floor":11.0},{"not_picked":["Prepared","Dash"],"picked":"Well Laid Plans","floor":12.0},{"not_picked":["Wraith Form v2","Glass Knife"],"picked":"Die Die Die","floor":16.0},{"not_picked":["Outmaneuver","Blade Dance"],"picked":"Cloak And Dagger","floor":18.0},{"not_picked":["Terror","Deadly Poison"],"picked":"Predator","floor":19.0},{"not_picked":["Tactician","Wraith Form v2"],"picked":"Infinite Blades","floor":21.0},{"not_picked":["Infinite Blades","Outmaneuver"],"picked":"Distraction","floor":23.0}],"player_experience":755025,"relics_obtained":[{"floor":6.0,"key":"PreservedInsect"},{"floor":8.0,"key":"Strawberry"},{"floor":9.0,"key":"Letter Opener"},{"floor":11.0,"key":"Gremlin Horn"},{"floor":23.0,"key":"Juzu Bracelet"}],"event_choices":[{"damage_healed":0.0,"max_hp_gain":0.0,"max_hp_loss":0.0,"gold_gain":0.0,"event_name":"Shining Light","player_choice":"Entered Light","floor":3.0,"gold_loss":0.0,"damage_taken":20.0,"cards_upgraded":["Strike_G","Strike_G"]},{"damage_healed":16.0,"max_hp_gain":0.0,"max_hp_loss":0.0,"gold_gain":0.0,"event_name":"The Cleric","player_choice":"Healed","floor":4.0,"gold_loss":35.0,"damage_taken":0.0},{"damage_healed":0.0,"max_hp_gain":0.0,"max_hp_loss":0.0,"gold_gain":75.0,"event_name":"World of Goop","player_choice":"Gather Gold","floor":5.0,"gold_loss":0.0,"damage_taken":11.0},{"damage_healed":0.0,"max_hp_gain":0.0,"max_hp_loss":0.0,"gold_gain":0.0,"event_name":"Golden Idol","player_choice":"Take Wound","floor":7.0,"gold_loss":0.0,"damage_taken":0.0,"relics_obtained":["Golden Idol"],"cards_obtained":["Injury"]},{"damage_healed":0.0,"max_hp_gain":0.0,"max_hp_loss":0.0,"gold_gain":0.0,"event_name":"Match and Keep!","player_choice":"4 cards matched","floor":14.0,"gold_loss":0.0,"damage_taken":0.0,"cards_obtained":["Bane","A Thousand Cuts","Neutralize","Terror"]}],"is_beta":false,"boss_relics":[{"not_picked":["Orrery","Tiny House"],"picked":"Snecko Eye"}],"items_purged_floors":[20],"is_endless":false,"potions_floor_spawned":[6,8,11,16,21,23],"killed_by":"Shelled Parasite and Fungi","ascension_level":18}