{"gold_per_floor":[117,128,128,144,294,335,1,1,25,25,66,103,115,165,177,282,294,319,331,343,374,356,368,0,35,35,48,67,67,67,87,87,176,176,196,220,233,233,61,61,61],"floor_reached":41,"playtime":2453,"items_purged":["Doubt"],"score":858,"play_id":"4c005312-849b-44a4-925a-1267c0af17c7","local_time":"20190326212521","is_ascension_mode":true,"campfire_choices":[{"floor":8.0,"key":"REST"},{"floor":10.0,"key":"REST"},{"data":"Disarm","floor":13.0,"key":"SMITH"},{"data":"Shrug It Off","floor":15.0,"key":"SMITH"},{"floor":23,"key":"RECALL"},{"floor":29,"key":"REST"},{"floor":32,"key":"REST"},{"floor":40,"key":"REST"}],"neow_cost":"NONE","seed_source_timestamp":172695666250123,"circlet_count":0,"master_deck":["AscendersBane","Strike_R+1","Strike_R+1","Strike_R+1","Strike_R+1","Strike_R+1","Defend_R+1","Defend_R+1","Defend_R+1","Defend_R+1","Bash","Anger+1","Uppercut+1","Shrug It Off+1","Disarm+1","Evolve","Bludgeon","Armaments+1","Spot Weakness","Intimidate","Shrug It Off+1","Dark Embrace+1","Disarm+1","Limit Break","Power Through+1"],"special_seed":0,"relics":["Burning Blood","Golden Idol","Whetstone","Bag of Preparation","Happy Flower","MawBank","Red Skull","Fusion Hammer","Anchor","Medical Kit","Vajra","Frozen Egg 2","Velvet Choker","War Paint"],"potions_floor_usage":[21,28,41,41],"damage_taken":[{"damage":9.0,"enemies":"2 Louse","floor":1.0,"turns":3.0},{"damage":9.0,"enemies":"Small Slimes","floor":2.0,"turns":5.0},{"damage":7.0,"enemies":"Jaw Worm","floor":4.0,"turns":2.0},{"damage":30.0,"enemies":"Gremlin Nob","floor":6.0,"turns":4.0},{"damage":21.0,"enemies":"Lagavulin","floor":11.0,"turns":6.0},{"damage":12.0,"enemies":"3 Louse","floor":12.0,"turns":4.0},{"damage":12.0,"enemies":"3 Sentries","floor":14.0,"turns":7.0},{"damage":2.0,"enemies":"Hexaghost","floor":16.0,"turns":7.0},{"damage":16.0,"enemies":"Shell Parasite","floor":18.0,"turns":3.0},{"damage":1,"enemies":"3 Byrds","floor":21,"turns":2},{"damage":22,"enemies":"Book of Stabbing","floor":25,"turns":6},{"damage":5,"enemies":"Centurion and Healer","floor":27,"turns":4},{"damage":1,"enemies":"Snake Plant","floor":28,"turns":4},{"damage":30,"enemies":"3 Cultists","floor":31,"turns":6},{"damage":59,"enemies":"Automaton","floor":33,"turns":10},{"damage":2,"enemies":"Orb Walker","floor":35,"turns":3},{"damage":0,"enemies":"3 Shapes","floor":36,"turns":3},{"damage":13,"enemies":"Jaw Worm Horde","floor":37,"turns":6},{"damage":89,"enemies":"Reptomancer","floor":41,"turns":3}],"seed_played":"6787397690137608784","potions_obtained":[{"floor":0.0,"key":"LiquidBronze"},{"floor":0.0,"key":"SkillPotion"},{"floor":6.0,"key":"LiquidBronze"},{"floor":21,"key":"Swift Potion"},{"floor":22,"key":"Block Potion"},{"floor":27,"key":"Strength Potion"},{"floor":31,"key":"Dexterity Potion"}],"is_trial":false,"path_per_floor":["M","M","?","M","?","E","$","R","T","R","E","M","R","E","R","B",null,"M","?","?","M","?","R","$","E","T","M","M","R","$","M","R","B",null,"M","M","M","?","$","R","E"],"character_chosen":"IRONCLAD","items_purchased":["Bag of Preparation","Disarm","Anchor","Medical Kit","War Paint"],"campfire_rested":5,"item_purchase_floors":[7,7,24,24,39],"current_hp_per_floor":[65,62,36,35,35,11,11,33,33,55,40,34,34,28,28,32,64,54,54,54,59,59,59,59,43,43,44,49,71,71,47,69,16,60,64,70,63,63,63,75,0],"gold":61,"neow_bonus":"THREE_SMALL_POTIONS","is_prod":false,"is_daily":false,"chose_seed":false,"campfire_upgraded":2,"win_rate":0,"timestamp":1553631921,"path_taken":["M","M","?","M","?","E","$","R","T","R","E","M","R","E","R","BOSS","M","?","?","M","?","R","$","E","T","?","M","R","$","M","R","BOSS","M","M","M","?","$","R","E"],"build_version":"2019-01-23","purchased_purges":1,"victory":false,"max_hp_per_floor":[75,75,75,75,75,75,75,75,75,75,75,75,75,75,75,75,75,75,75,75,75,75,75,75,75,75,75,75,75,75,75,75,75,75,75,75,75,75,75,75,75],"card_choices":[{"not_picked":["Sentinel","Clash"],"picked":"Rampage","floor":1.0},{"not_picked":["Cleave","Wild Strike"],"picked":"Anger","floor":2.0},{"not_picked":["Shrug It Off","Thunderclap"],"picked":"Uppercut","floor":4.0},{"not_picked":["Combust","Burning Pact"],"picked":"Shrug It Off","floor":6.0},{"not_picked":["Headbutt","Dark Embrace","Dual Wield"],"picked":"SKIP","floor":11.0},{"not_picked":["Hemokinesis","Rupture"],"picked":"Evolve","floor":12.0},{"not_picked":["Anger","Body Slam","Rupture"],"picked":"SKIP","floor":14.0},{"not_picked":["Barricade","Berserk"],"picked":"Bludgeon","floor":16.0},{"not_picked":["Headbutt","Warcry"],"picked":"Armaments+1","floor":18.0},{"not_picked":["Bloodletting","True Grit"],"picked":"Intimidate","floor":21},{"not_picked":["Bludgeon","Dropkick","Carnage"],"picked":"SKIP","floor":25},{"not_picked":["Perfected Strike","Anger","Heavy Blade"],"picked":"SKIP","floor":27},{"not_picked":["Entrench","Evolve+1"],"picked":"Shrug It Off+1","floor":28},{"not_picked":["Clash","Anger","Hemokinesis"],"picked":"SKIP","floor":31},{"not_picked":["Double Tap","Fiend Fire"],"picked":"Dark Embrace+1","floor":33},{"not_picked":["Clothesline","Corruption+1"],"picked":"Disarm","floor":35},{"not_picked":["Shrug It Off+1","Armaments"],"picked":"Limit Break","floor":36},{"not_picked":["Blood for Blood","Anger"],"picked":"Power Through","floor":37}],"player_experience":2211539,"relics_obtained":[{"floor":6.0,"key":"Whetstone"},{"floor":9.0,"key":"Happy Flower"},{"floor":11.0,"key":"MawBank"},{"floor":14.0,"key":"Red Skull"},{"floor":25,"key":"Vajra"},{"floor":26,"key":"Frozen Egg 2"}],"event_choices":[{"damage_healed":0.0,"max_hp_gain":0.0,"max_hp_loss":0.0,"gold_gain":0.0,"event_name":"Golden Idol","player_choice":"Take Damage","floor":3.0,"gold_loss":0.0,"damage_taken":26.0,"relics_obtained":["Golden Idol"]},{"damage_healed":0.0,"max_hp_gain":0.0,"max_hp_loss":0.0,"gold_gain":150.0,"event_name":"Liars Game","player_choice":"AGREE","floor":5.0,"gold_loss":0.0,"damage_taken":0.0,"cards_obtained":["Doubt"]},{"damage_healed":0.0,"max_hp_gain":0.0,"max_hp_loss":0.0,"gold_gain":0.0,"event_name":"Back to Basics","player_choice":"Simplicity","floor":19.0,"gold_loss":0.0,"damage_taken":0.0,"cards_upgraded":["Strike_R","Strike_R","Strike_R","Strike_R","Strike_R","Defend_R","Defend_R","Defend_R","Defend_R"]},{"damage_healed":0.0,"max_hp_gain":0.0,"max_hp_loss":0.0,"gold_gain":0.0,"event_name":"The Library","player_choice":"Read","floor":20.0,"gold_loss":0.0,"damage_taken":0.0,"cards_obtained":["Spot Weakness"]},{"damage_healed":0,"gold_gain":0,"player_choice":"Bought 2 Potions","damage_taken":0,"max_hp_gain":0,"max_hp_loss":0,"event_name":"The Woman in Blue","floor":22,"gold_loss":0},{"cards_removed":["Rampage"],"damage_healed":0,"gold_gain":0,"player_choice":"Removed Attack","damage_taken":0,"max_hp_gain":0,"max_hp_loss":0,"event_name":"Falling","floor":38,"gold_loss":0}],"is_beta":false,"boss_relics":[{"not_picked":["Black Blood","White Beast Statue"],"picked":"Fusion Hammer"},{"not_picked":["Philosopher\u0027s Stone","Calling Bell"],"picked":"Velvet Choker"}],"items_purged_floors":[7],"is_endless":false,"potions_floor_spawned":[1,2,6,21,27,31,35],"killed_by":"Reptomancer","ascension_level":20}