{"gold_per_floor":[110,128,138,156,169,169,181,181,181,225,237,249,261,317,329,413,425,455,467,321,421,158,158,158,177,230,244,244,244,262,262,262,262],"floor_reached":33,"playtime":2024,"items_purged":["Envenom","Underhanded Strike"],"score":510,"play_id":"012f7ec2-a9d1-4f73-b8fc-5159bf459936","local_time":"20181214010259","is_ascension_mode":true,"campfire_choices":[{"data":"Bouncing Flask","floor":6.0,"key":"SMITH"},{"data":"Wraith Form v2","floor":11.0,"key":"SMITH"},{"data":"Neutralize","floor":13.0,"key":"SMITH"},{"floor":15.0,"key":"RECALL"},{"floor":23.0,"key":"REST"},{"data":"Noxious Fumes","floor":24.0,"key":"SMITH"},{"data":"Sucker Punch","floor":28.0,"key":"SMITH"},{"data":"Leg Sweep","floor":29.0,"key":"SMITH"},{"floor":32.0,"key":"REST"}],"neow_cost":"NONE","seed_source_timestamp":30582373981924,"circlet_count":0,"master_deck":["AscendersBane","Survivor","Neutralize+1","Bouncing Flask+1","Backstab","Deadly Poison+1","Backstab","PiercingWail","Wraith Form v2+1","Escape Plan","Adrenaline","Leg Sweep","Die Die Die","Noxious Fumes+1","Crippling Poison","Unload","Poisoned Stab","Sucker Punch+1","Finisher","Leg Sweep+1","Leg Sweep"],"special_seed":0,"relics":["Runic Dome","MawBank","Strawberry","War Paint","Pandora\u0027s Box","WingedGreaves","Ninja Scroll","Snake Skull","Blood Vial"],"potions_floor_usage":[],"damage_taken":[{"damage":0.0,"enemies":"2 Louse","floor":1.0,"turns":3.0},{"damage":0.0,"enemies":"Jaw Worm","floor":2.0,"turns":3.0},{"damage":0.0,"enemies":"Cultist","floor":3.0,"turns":3.0},{"damage":1.0,"enemies":"Looter","floor":4.0,"turns":3.0},{"damage":0.0,"enemies":"2 Fungi Beasts","floor":5.0,"turns":3.0},{"damage":7.0,"enemies":"Exordium Wildlife","floor":7.0,"turns":4.0},{"damage":14.0,"enemies":"3 Sentries","floor":10.0,"turns":9.0},{"damage":1.0,"enemies":"Gremlin Nob","floor":14.0,"turns":5.0},{"damage":16.0,"enemies":"Hexaghost","floor":16.0,"turns":10.0},{"damage":18.0,"enemies":"3 Byrds","floor":18.0,"turns":4.0},{"damage":16.0,"enemies":"Colosseum Slavers","floor":21.0,"turns":3.0},{"damage":25.0,"enemies":"Colosseum Nobs","floor":21.0,"turns":5.0},{"damage":8.0,"enemies":"Shell Parasite","floor":25.0,"turns":3.0},{"damage":0.0,"enemies":"Centurion and Healer","floor":27.0,"turns":4.0},{"damage":1.0,"enemies":"Snecko","floor":30.0,"turns":4.0},{"damage":57,"enemies":"Collector","floor":33,"turns":5}],"seed_played":"7830342950025644042","potions_obtained":[{"floor":1.0,"key":"EntropicBrew"},{"floor":2.0,"key":"Energy Potion"},{"floor":7.0,"key":"Block Potion"},{"floor":10.0,"key":"Energy Potion"},{"floor":18.0,"key":"Block Potion"},{"floor":25.0,"key":"SpeedPotion"},{"floor":30.0,"key":"Dexterity Potion"}],"is_trial":false,"path_per_floor":["M","M","M","M","M","R","M","?","T","E","R","$","R","E","E","R","B",null,"M","?","$","?","$","R","R","M","T","M","R","R","M","$","R","B"],"character_chosen":"THE_SILENT","items_purchased":["Leg Sweep","Snake Skull"],"campfire_rested":2,"item_purchase_floors":[20,22],"current_hp_per_floor":[59,59,59,58,58,58,51,56,56,49,49,49,49,48,48,32,67,49,49,49,8,8,31,31,23,23,25,25,25,26,26,49,0],"gold":262,"neow_bonus":"BOSS_RELIC","is_prod":false,"is_daily":false,"chose_seed":false,"campfire_upgraded":6,"win_rate":0,"timestamp":1544745779,"path_taken":["M","M","M","M","M","R","M","?","T","E","R","$","R","E","R","BOSS","M","?","$","?","$","R","R","M","T","M","R","R","?","$","R","BOSS"],"build_version":"2018-12-13","purchased_purges":2,"victory":false,"max_hp_per_floor":[66,66,66,66,66,66,66,71,71,78,78,78,78,78,78,78,78,78,78,78,78,78,78,78,78,78,78,78,78,78,78,78,78],"card_choices":[{"not_picked":["Sucker Punch","Bane"],"picked":"Bouncing Flask","floor":1.0},{"not_picked":["Distraction","Flechettes"],"picked":"Backstab","floor":2.0},{"not_picked":["Predator","Slice"],"picked":"Deadly Poison","floor":3.0},{"not_picked":["Expertise","Acrobatics"],"picked":"Backstab","floor":4.0},{"not_picked":["Prepared","Heel Hook"],"picked":"PiercingWail","floor":5.0},{"not_picked":["Skewer","Sucker Punch"],"picked":"Wraith Form v2","floor":7.0},{"not_picked":["Dagger Throw","Poisoned Stab","Distraction"],"picked":"SKIP","floor":10.0},{"not_picked":["Blur","Blade Dance"],"picked":"Escape Plan","floor":14.0},{"not_picked":["Venomology","Glass Knife"],"picked":"Adrenaline","floor":16.0},{"not_picked":["Skewer","Sucker Punch","Infinite Blades"],"picked":"SKIP","floor":18.0},{"not_picked":["Prepared","Sucker Punch","Terror"],"picked":"SKIP","floor":25.0},{"not_picked":["Bane","Expertise","Sucker Punch"],"picked":"SKIP","floor":27.0},{"not_picked":["Slice","Prepared"],"picked":"Leg Sweep","floor":30.0}],"player_experience":1140284,"relics_obtained":[{"floor":9.0,"key":"MawBank"},{"floor":10.0,"key":"Strawberry"},{"floor":14.0,"key":"War Paint"},{"floor":21.0,"key":"WingedGreaves"},{"floor":21.0,"key":"Ninja Scroll"},{"floor":26.0,"key":"Blood Vial"}],"event_choices":[{"damage_healed":0.0,"max_hp_gain":5.0,"max_hp_loss":0.0,"gold_gain":0.0,"event_name":"Big Fish","player_choice":"Donut","floor":8.0,"gold_loss":0.0,"damage_taken":0.0},{"damage_healed":0.0,"max_hp_gain":0.0,"max_hp_loss":0.0,"gold_gain":0.0,"cards_transformed":["Tactician","Phantasmal Killer"],"event_name":"Drug Dealer","player_choice":"Became Test Subject","floor":19.0,"gold_loss":0.0,"damage_taken":0.0,"cards_obtained":["Finisher","Underhanded Strike"]},{"damage_healed":0.0,"max_hp_gain":0.0,"max_hp_loss":0.0,"gold_gain":0.0,"event_name":"Colosseum","player_choice":"Fight","floor":21.0,"gold_loss":0.0,"damage_taken":0.0},{"damage_healed":0.0,"max_hp_gain":0.0,"max_hp_loss":0.0,"gold_gain":0.0,"event_name":"Colosseum","player_choice":"Fought Nobs","floor":21.0,"gold_loss":0.0,"damage_taken":0.0}],"is_beta":true,"boss_relics":[{"not_picked":["White Beast Statue","Velvet Choker"],"picked":"Pandora\u0027s Box"}],"items_purged_floors":[20,22],"is_endless":false,"potions_floor_spawned":[1,2,7,10,14,18,25,30],"killed_by":"Collector","ascension_level":20}