{"gold_per_floor":[118,118,130,40,40,73,86,111,111,142,152,152,169,196,196,273,273,286,60,60,73,73,101,112,140,210,228,255,281,281,307,307,384,384,404,77,130,100,117,117,147,147,147,161,161,196,196,209,209,209,209,209,209,49,49],"floor_reached":55,"playtime":9825,"items_purged":["Strike_G+1"],"score":2117,"play_id":"7ba1e618-ae11-4406-b923-fe6d338643fb","local_time":"20190330201753","is_ascension_mode":true,"campfire_choices":[{"floor":12.0,"key":"REST"},{"data":"1","floor":15.0,"key":"LIFT"},{"data":"2","floor":30.0,"key":"LIFT"},{"floor":32.0,"key":"REST"},{"floor":40.0,"key":"REST"},{"data":"3","floor":42.0,"key":"LIFT"},{"floor":45.0,"key":"REST"},{"floor":47.0,"key":"RECALL"},{"floor":49.0,"key":"REST"},{"floor":53,"key":"REST"}],"neow_cost":"NONE","seed_source_timestamp":502810169535856,"circlet_count":0,"master_deck":["AscendersBane","Defend_G+1","Defend_G+1","Defend_G+1","Defend_G+1","Defend_G+1","Strike_G+1","Strike_G+1","Strike_G+1","Survivor","Neutralize+1","Predator+1","Corpse Explosion","A Thousand Cuts","Terror","Well Laid Plans","Burst","PiercingWail","Malaise","Acrobatics","Deadly Poison+1","PiercingWail","Adrenaline","Catalyst","Bouncing Flask","Cloak And Dagger+1","Malaise","Dodge and Roll+1","Footwork+1","Caltrops+1","Backflip","Adrenaline","Outmaneuver+1","Skewer+1","PiercingWail","Envenom+1"],"special_seed":0,"relics":["Ring of the Snake","NeowsBlessing","Girya","Bird Faced Urn","Incense Burner","Happy Flower","Whetstone","Velvet Choker","ClockworkSouvenir","Du-Vu Doll","Frozen Egg 2","Letter Opener","Red Mask","Bronze Scales","PreservedInsect","Fusion Hammer","Medical Kit","Ice Cream","Dream Catcher","Sundial"],"potions_floor_usage":[51],"damage_taken":[{"damage":0.0,"enemies":"Cultist","floor":1.0,"turns":1.0},{"damage":0.0,"enemies":"Small Slimes","floor":3.0,"turns":1.0},{"damage":0.0,"enemies":"Gremlin Nob","floor":6.0,"turns":1.0},{"damage":13.0,"enemies":"Jaw Worm","floor":7.0,"turns":4.0},{"damage":12.0,"enemies":"Lagavulin","floor":8.0,"turns":6.0},{"damage":17.0,"enemies":"3 Sentries","floor":10.0,"turns":4.0},{"damage":1.0,"enemies":"2 Fungi Beasts","floor":11.0,"turns":2.0},{"damage":0.0,"enemies":"Looter","floor":13.0,"turns":4.0},{"damage":11.0,"enemies":"Hexaghost","floor":16.0,"turns":10.0},{"damage":9.0,"enemies":"2 Thieves","floor":18.0,"turns":4.0},{"damage":1.0,"enemies":"3 Byrds","floor":21.0,"turns":2.0},{"damage":23.0,"enemies":"Slavers","floor":23.0,"turns":4.0},{"damage":0.0,"enemies":"3 Cultists","floor":24.0,"turns":2.0},{"damage":16.0,"enemies":"Book of Stabbing","floor":25.0,"turns":7.0},{"damage":0.0,"enemies":"Snecko","floor":27.0,"turns":4.0},{"damage":0.0,"enemies":"Masked Bandits","floor":28.0,"turns":2.0},{"damage":5.0,"enemies":"Slavers","floor":29.0,"turns":4.0},{"damage":22.0,"enemies":"Gremlin Leader","floor":31.0,"turns":6.0},{"damage":31.0,"enemies":"Automaton","floor":33.0,"turns":8.0},{"damage":1.0,"enemies":"Orb Walker","floor":35.0,"turns":3.0},{"damage":29.0,"enemies":"2 Orb Walkers","floor":37.0,"turns":3.0},{"damage":0.0,"enemies":"3 Shapes","floor":39.0,"turns":1.0},{"damage":3.0,"enemies":"Nemesis","floor":41.0,"turns":6.0},{"damage":28.0,"enemies":"Jaw Worm Horde","floor":44.0,"turns":4.0},{"damage":0.0,"enemies":"Giant Head","floor":46.0,"turns":9.0},{"damage":0.0,"enemies":"Transient","floor":48.0,"turns":6.0},{"damage":35.0,"enemies":"Awakened One","floor":50.0,"turns":16.0},{"damage":37,"enemies":"Time Eater","floor":51,"turns":11},{"damage":86,"enemies":"Shield and Spear","floor":55,"turns":5}],"seed_played":"2961284487587603648","potions_obtained":[{"floor":7.0,"key":"GamblersBrew"},{"floor":10.0,"key":"EssenceOfSteel"},{"floor":13.0,"key":"PowerPotion"},{"floor":21.0,"key":"Block Potion"},{"floor":23.0,"key":"Block Potion"},{"floor":25.0,"key":"Poison Potion"},{"floor":27.0,"key":"PowerPotion"},{"floor":33.0,"key":"SteroidPotion"},{"floor":38.0,"key":"Explosive Potion"},{"floor":39.0,"key":"FearPotion"},{"floor":41.0,"key":"LiquidBronze"}],"is_trial":false,"path_per_floor":["M","?","M","$","?","E","M","E","T","E","M","R","M","T","R","B",null,"M","$","?","M","?","E","M","E","T","M","?","E","R","E","R","B",null,"M","$","?","?","M","R","E","R","T","M","R","E","R","M","R","B","B",null,"R","$","E"],"character_chosen":"THE_SILENT","items_purchased":["Corpse Explosion","ClockworkSouvenir","Footwork+1","Medical Kit","Envenom+1"],"campfire_rested":6,"item_purchase_floors":[4,19,36,36,54],"current_hp_per_floor":[59,52,52,52,52,52,39,27,27,12,13,32,34,34,34,29,57,50,50,50,51,51,32,34,22,22,26,30,29,29,13,32,5,51,54,54,27,27,31,50,53,53,53,27,46,54,54,62,66,33,4,51,66,66,0],"gold":49,"neow_bonus":"THREE_ENEMY_KILL","is_prod":false,"is_daily":false,"chose_seed":false,"campfire_upgraded":0,"win_rate":0,"timestamp":1553973473,"path_taken":["M","?","M","$","?","E","M","E","T","E","M","R","M","?","R","BOSS","M","$","?","M","?","E","M","E","T","M","?","E","R","E","R","BOSS","M","$","?","?","M","R","E","R","T","?","R","E","R","M","R","BOSS","BOSS","R","$","E"],"build_version":"2019-01-23","purchased_purges":1,"victory":false,"max_hp_per_floor":[66,66,66,66,66,66,66,66,66,66,66,66,66,66,66,66,66,66,66,66,66,66,66,66,66,66,66,66,66,66,66,66,66,66,66,66,66,66,66,66,66,66,66,66,66,66,66,66,66,66,66,66,66,66,66],"card_choices":[{"not_picked":["Dagger Spray","Quick Slash"],"picked":"Predator","floor":1.0},{"not_picked":["Blade Dance","Riddle With Holes","Deflect"],"picked":"SKIP","floor":3.0},{"not_picked":["Blade Dance","Riddle With Holes","Deflect"],"picked":"SKIP","floor":3.0},{"not_picked":["Calculated Gamble","Sucker Punch"],"picked":"A Thousand Cuts","floor":6.0},{"not_picked":["Blade Dance","Flying Knee"],"picked":"Terror","floor":7.0},{"not_picked":["Masterful Stab","Bane"],"picked":"Well Laid Plans","floor":8.0},{"not_picked":["Blur","Phantasmal Killer"],"picked":"Burst","floor":10.0},{"not_picked":["Flying Knee","Slice"],"picked":"PiercingWail","floor":11.0},{"not_picked":["Blade Dance","Underhanded Strike","Heel Hook"],"picked":"SKIP","floor":13.0},{"not_picked":["Doppelganger","Corpse Explosion"],"picked":"Malaise","floor":16.0},{"not_picked":["Deflect","Outmaneuver"],"picked":"Acrobatics","floor":18.0},{"not_picked":["Riddle With Holes","Flying Knee"],"picked":"Deadly Poison+1","floor":21.0},{"not_picked":["Escape Plan","Outmaneuver"],"picked":"PiercingWail","floor":23.0},{"not_picked":["Dagger Spray","Dodge and Roll"],"picked":"Adrenaline","floor":24.0},{"not_picked":["Predator","Backflip"],"picked":"Catalyst","floor":25.0},{"not_picked":["Backflip","Prepared"],"picked":"Bouncing Flask","floor":27.0},{"not_picked":["Poisoned Stab","Outmaneuver"],"picked":"Cloak And Dagger+1","floor":29.0},{"not_picked":["Deflect","Dagger Throw","Acrobatics"],"picked":"SKIP","floor":31.0},{"not_picked":["Grand Finale","Unload"],"picked":"Malaise","floor":33.0},{"not_picked":["Outmaneuver","Slice+1"],"picked":"Dodge and Roll+1","floor":35.0},{"not_picked":["Outmaneuver","Terror","Bouncing Flask"],"picked":"SKIP","floor":39.0},{"not_picked":["Prepared","Bane+1"],"picked":"Caltrops+1","floor":41.0},{"not_picked":["Backstab+1","Flying Knee","Distraction+1"],"picked":"SKIP","floor":44.0},{"not_picked":["Dagger Throw","Poisoned Stab"],"picked":"Backflip","floor":45.0},{"not_picked":["Riddle With Holes","Dagger Spray"],"picked":"Adrenaline","floor":46.0},{"not_picked":["Backflip","Flying Knee"],"picked":"Outmaneuver+1","floor":48.0},{"not_picked":["Flechettes","Blade Dance"],"picked":"Skewer+1","floor":49.0},{"not_picked":["Poisoned Stab","Slice"],"picked":"PiercingWail","floor":53}],"player_experience":2297635,"relics_obtained":[{"floor":6.0,"key":"Girya"},{"floor":8.0,"key":"Bird Faced Urn"},{"floor":9.0,"key":"Incense Burner"},{"floor":10.0,"key":"Happy Flower"},{"floor":14.0,"key":"Whetstone"},{"floor":23.0,"key":"Du-Vu Doll"},{"floor":25.0,"key":"Frozen Egg 2"},{"floor":26.0,"key":"Letter Opener"},{"floor":28.0,"key":"Red Mask"},{"floor":29.0,"key":"Bronze Scales"},{"floor":31.0,"key":"PreservedInsect"},{"floor":37.0,"key":"Ice Cream"},{"floor":41.0,"key":"Dream Catcher"},{"floor":46.0,"key":"Sundial"}],"event_choices":[{"cards_removed":["Strike_G"],"damage_healed":0.0,"max_hp_gain":0.0,"max_hp_loss":0.0,"gold_gain":0.0,"event_name":"Golden Wing","player_choice":"Card Removal","floor":2.0,"gold_loss":0.0,"damage_taken":7.0},{"damage_healed":0.0,"max_hp_gain":0.0,"max_hp_loss":0.0,"gold_gain":0.0,"event_name":"Living Wall","player_choice":"Grow","floor":5.0,"gold_loss":0.0,"damage_taken":0.0,"cards_upgraded":["Neutralize"]},{"damage_healed":0.0,"max_hp_gain":0.0,"max_hp_loss":0.0,"gold_gain":0.0,"event_name":"Back to Basics","player_choice":"Simplicity","floor":22.0,"gold_loss":0.0,"damage_taken":0.0,"cards_upgraded":["Defend_G","Defend_G","Defend_G","Defend_G","Defend_G","Strike_G","Strike_G","Strike_G"]},{"damage_healed":0.0,"max_hp_gain":0.0,"max_hp_loss":0.0,"gold_gain":0.0,"event_name":"Masked Bandits","player_choice":"Fought Bandits","floor":28.0,"gold_loss":0.0,"damage_taken":0.0},{"damage_healed":0.0,"max_hp_gain":0.0,"max_hp_loss":0.0,"gold_gain":0.0,"event_name":"Mysterious Sphere","player_choice":"Fight","floor":37.0,"gold_loss":0.0,"damage_taken":0.0},{"damage_healed":0.0,"max_hp_gain":0.0,"max_hp_loss":0.0,"gold_gain":0.0,"event_name":"The Woman in Blue","player_choice":"Bought 2 Potions","floor":38.0,"gold_loss":0.0,"damage_taken":0.0}],"is_beta":false,"boss_relics":[{"not_picked":["Snecko Eye","White Beast Statue"],"picked":"Velvet Choker"},{"not_picked":["Pandora\u0027s Box","Orrery"],"picked":"Fusion Hammer"}],"items_purged_floors":[36],"is_endless":false,"potions_floor_spawned":[7,10,13,21,23,25,27,33,39,41],"killed_by":"Shield and Spear","ascension_level":20}