{"gold_per_floor":[363,379,99,112,112,112,144,156,156,181,199,199,230,297,297,297],"floor_reached":16,"playtime":981,"items_purged":["Strike_B"],"score":244,"play_id":"6da44c79-6e10-4381-aedb-718e2b2f0959","local_time":"20190105222432","is_ascension_mode":true,"campfire_choices":[{"data":"Zap","floor":6,"key":"SMITH"},{"data":"Coolheaded","floor":12,"key":"SMITH"},{"floor":15,"key":"REST"}],"neow_cost":"TEN_PERCENT_HP_LOSS","seed_source_timestamp":391296609744226,"circlet_count":0,"master_deck":["AscendersBane","Strike_B","Strike_B","Strike_B","Defend_B","Defend_B","Defend_B","Defend_B","Zap+1","Dualcast","BootSequence","Streamline","Loop","Core Surge","Coolheaded+1","Seek","Capacitor","Conserve Battery","Ball Lightning"],"relics":["Cracked Core","DataDisk","SsserpentHead","Regal Pillow","Strawberry","Dodecahedron","WingedGreaves"],"potions_floor_usage":[8,13,16],"damage_taken":[{"damage":0,"enemies":"2 Louse","floor":1,"turns":2},{"damage":1,"enemies":"Cultist","floor":2,"turns":3},{"damage":0,"enemies":"Jaw Worm","floor":4,"turns":3},{"damage":5,"enemies":"Lagavulin","floor":7,"turns":7},{"damage":0,"enemies":"Looter","floor":8,"turns":2},{"damage":17,"enemies":"3 Sentries","floor":10,"turns":6},{"damage":0,"enemies":"Exordium Wildlife","floor":11,"turns":4},{"damage":46,"enemies":"Gremlin Nob","floor":13,"turns":5},{"damage":0,"enemies":"2 Fungi Beasts","floor":14,"turns":3},{"damage":42,"enemies":"Slime Boss","floor":16,"turns":8}],"seed_played":"8376569161818404336","potions_obtained":[{"floor":1,"key":"SteroidPotion"},{"floor":11,"key":"SpeedPotion"},{"floor":14,"key":"Explosive Potion"}],"is_trial":false,"path_per_floor":["M","M","$","M","?","R","E","M","T","E","M","R","E","M","R","B"],"character_chosen":"DEFECT","items_purchased":["DataDisk","Loop"],"campfire_rested":1,"item_purchase_floors":[3,3],"current_hp_per_floor":[64,63,63,63,63,63,58,58,65,48,48,48,2,2,38,0],"gold":297,"neow_bonus":"TWO_FIFTY_GOLD","is_prod":false,"is_daily":false,"chose_seed":false,"campfire_upgraded":2,"win_rate":0,"timestamp":1546723472,"path_taken":["M","M","$","M","?","R","E","M","T","E","M","R","E","?","R","BOSS"],"build_version":"2019-01-03v4","purchased_purges":1,"victory":false,"max_hp_per_floor":[64,64,64,64,64,64,64,64,71,71,71,71,71,71,71,71],"card_choices":[{"not_picked":["Compile Driver","Stack"],"picked":"BootSequence","floor":1},{"not_picked":["Static Discharge","Redo"],"picked":"Streamline","floor":2},{"not_picked":["Beam Cell","Compile Driver"],"picked":"Core Surge","floor":4},{"not_picked":["Barrage","White Noise"],"picked":"Coolheaded","floor":7},{"not_picked":["Auto Shields","Scrape","Loop"],"picked":"SKIP","floor":8},{"not_picked":["BootSequence","Stack"],"picked":"Seek","floor":10},{"not_picked":["Force Field","Aggregate"],"picked":"Capacitor","floor":11},{"not_picked":["Steam","Self Repair"],"picked":"Conserve Battery","floor":13},{"not_picked":["Go for the Eyes","Coolheaded"],"picked":"Ball Lightning","floor":14}],"player_experience":1524159,"relics_obtained":[{"floor":7,"key":"Regal Pillow"},{"floor":9,"key":"Strawberry"},{"floor":10,"key":"Dodecahedron"},{"floor":13,"key":"WingedGreaves"}],"event_choices":[{"damage_healed":0,"gold_gain":0,"player_choice":"Trade","damage_taken":0,"relics_obtained":["SsserpentHead"],"max_hp_gain":0,"max_hp_loss":0,"event_name":"FaceTrader","floor":5,"gold_loss":0}],"is_beta":false,"boss_relics":[],"items_purged_floors":[3],"is_endless":false,"potions_floor_spawned":[1,11,14],"killed_by":"Slime Boss","ascension_level":20}