{"gold_per_floor":[119,133,208,227,238,238,270,270,296,324,344,374,384,384,384,460,460,478,350,350,27,46,81,81,92,92,92,103,103,130,143,143,143],"floor_reached":33,"playtime":3940,"items_purged":["Strike_B"],"score":739,"play_id":"077c4eb6-0a1f-443b-92a3-8fc364c2b10c","local_time":"20190228203434","is_ascension_mode":true,"campfire_choices":[{"data":"Zap","floor":6,"key":"SMITH"},{"floor":8,"key":"REST"},{"data":"Conserve Battery","floor":15,"key":"SMITH"},{"floor":24,"key":"REST"},{"data":"Defragment","floor":27,"key":"SMITH"},{"data":"Coolheaded","floor":32,"key":"SMITH"}],"neow_cost":"NONE","seed_source_timestamp":770306907174667,"circlet_count":0,"master_deck":["AscendersBane","Strike_B+1","Defend_B+1","Defend_B","Defend_B","Zap+1","Dualcast+1","Ball Lightning","Ball Lightning","Steam","Undo+1","Cold Snap","All For One","Conserve Battery+1","Gash+1","Gash+1","Core Surge","Undo+1","Hello World+1","Meteor Strike+1","Ball Lightning","Ghostly","Ghostly","Ghostly","Gash","Capacitor","Coolheaded+1","Recycle+1","Ball Lightning+1","Defragment+1","Hologram","Coolheaded"],"relics":["Cracked Core","Ancient Tea Set","Happy Flower","PreservedInsect","Bag of Preparation","Mango","Astrolabe","Strawberry","War Paint","Whetstone","Calipers"],"potions_floor_usage":[10,16,18,18,23],"damage_taken":[{"damage":2,"enemies":"Jaw Worm","floor":1,"turns":3},{"damage":0,"enemies":"2 Louse","floor":2,"turns":2},{"damage":0,"enemies":"Cultist","floor":4,"turns":2},{"damage":8,"enemies":"Lots of Slimes","floor":5,"turns":5},{"damage":6,"enemies":"Lagavulin","floor":7,"turns":7},{"damage":0,"enemies":"3 Sentries","floor":10,"turns":5},{"damage":6,"enemies":"3 Louse","floor":11,"turns":3},{"damage":13,"enemies":"Lagavulin","floor":12,"turns":5},{"damage":0,"enemies":"Red Slaver","floor":13,"turns":2},{"damage":9,"enemies":"Hexaghost","floor":16,"turns":9},{"damage":0,"enemies":"3 Byrds","floor":18,"turns":3},{"damage":5,"enemies":"Shell Parasite","floor":22,"turns":5},{"damage":28,"enemies":"Slavers","floor":23,"turns":5},{"damage":0,"enemies":"Centurion and Healer","floor":25,"turns":5},{"damage":4,"enemies":"3 Cultists","floor":28,"turns":5},{"damage":0,"enemies":"Gremlin Leader","floor":30,"turns":6},{"damage":0,"enemies":"Sentry and Sphere","floor":31,"turns":4},{"damage":39,"enemies":"Collector","floor":33,"turns":8}],"seed_played":"-788223744078917433","potions_obtained":[{"floor":4,"key":"Swift Potion"},{"floor":5,"key":"SkillPotion"},{"floor":11,"key":"Energy Potion"},{"floor":16,"key":"Swift Potion"},{"floor":18,"key":"Weak Potion"},{"floor":25,"key":"SneckoOil"}],"is_trial":false,"path_per_floor":["M","M","?","M","M","R","E","R","T","E","M","E","M","?","R","B",null,"M","$","?","$","M","E","R","M","T","R","M","?","E","M","R","B"],"character_chosen":"DEFECT","items_purchased":["Ball Lightning","Strawberry","Gash","Capacitor","Coolheaded"],"campfire_rested":2,"item_purchase_floors":[19,21,21,21,21],"current_hp_per_floor":[62,62,51,51,43,43,37,58,58,58,52,53,53,27,27,18,68,68,68,42,49,44,16,30,30,30,30,26,26,26,26,26,0],"gold":143,"neow_bonus":"RANDOM_COMMON_RELIC","is_prod":false,"is_daily":false,"chose_seed":false,"campfire_upgraded":4,"win_rate":0,"timestamp":1551382474,"path_taken":["M","M","?","M","M","R","E","R","T","E","M","E","M","?","R","BOSS","M","$","?","$","M","E","R","M","T","R","M","?","E","M","R","BOSS"],"build_version":"2019-01-23","purchased_purges":1,"victory":false,"max_hp_per_floor":[71,71,71,71,71,71,71,71,71,71,71,85,85,85,85,85,85,85,85,42,49,49,49,49,49,49,49,49,49,49,49,49,49],"card_choices":[{"not_picked":["Blizzard","Turbo"],"picked":"Ball Lightning","floor":1},{"not_picked":["Turbo","Lockon"],"picked":"Ball Lightning","floor":2},{"not_picked":["Reprogram","Consume"],"picked":"Steam","floor":4},{"not_picked":["Blizzard","Compile Driver"],"picked":"Undo","floor":5},{"not_picked":["Hologram","Recycle"],"picked":"Cold Snap","floor":7},{"not_picked":["Hologram","Streamline"],"picked":"All For One","floor":10},{"not_picked":["Aggregate","Darkness"],"picked":"Conserve Battery","floor":11},{"not_picked":["Ball Lightning","Leap"],"picked":"Gash","floor":12},{"not_picked":["Static Discharge","Chaos"],"picked":"Gash","floor":13},{"not_picked":["Thunder Strike","Machine Learning"],"picked":"Core Surge","floor":16},{"not_picked":["Hello World+1","Barrage","Conserve Battery"],"picked":"SKIP","floor":18},{"not_picked":["Redo","FTL+1"],"picked":"Recycle+1","floor":22},{"not_picked":["Coolheaded","Redo"],"picked":"Ball Lightning+1","floor":23},{"not_picked":["Stack","Cold Snap"],"picked":"Defragment","floor":25},{"not_picked":["Melter","Gash"],"picked":"Hologram","floor":28},{"not_picked":["Amplify","Darkness","Cold Snap"],"picked":"SKIP","floor":30},{"not_picked":["Capacitor","Redo"],"picked":"Coolheaded","floor":31}],"player_experience":1756391,"relics_obtained":[{"floor":7,"key":"Happy Flower"},{"floor":9,"key":"PreservedInsect"},{"floor":10,"key":"Bag of Preparation"},{"floor":12,"key":"Mango"},{"floor":23,"key":"War Paint"},{"floor":26,"key":"Whetstone"},{"floor":30,"key":"Calipers"}],"event_choices":[{"damage_healed":0,"gold_gain":75,"player_choice":"Gather Gold","damage_taken":11,"max_hp_gain":0,"max_hp_loss":0,"event_name":"World of Goop","floor":3,"gold_loss":0},{"damage_healed":0,"gold_gain":0,"player_choice":"Entered Light","damage_taken":26,"max_hp_gain":0,"max_hp_loss":0,"event_name":"Shining Light","floor":14,"gold_loss":0,"cards_upgraded":["Dualcast","Strike_B"]},{"damage_healed":0,"gold_gain":0,"player_choice":"Became a Ghost","damage_taken":0,"max_hp_gain":0,"max_hp_loss":43,"event_name":"Ghosts","floor":20,"gold_loss":0,"cards_obtained":["Ghostly","Ghostly","Ghostly"]},{"damage_healed":0,"gold_gain":0,"player_choice":"Ignored","damage_taken":0,"max_hp_gain":0,"max_hp_loss":0,"event_name":"Cursed Tome","floor":29,"gold_loss":0}],"is_beta":false,"boss_relics":[{"not_picked":["Philosopher\u0027s Stone","Orrery"],"picked":"Astrolabe"}],"items_purged_floors":[19],"is_endless":false,"potions_floor_spawned":[4,5,11,16,18,25],"killed_by":"Collector","ascension_level":20}