{"gold_per_floor":[115,132,151,163,174,174,199,199,199,199,226,226,226,226,226,298,298,318,318,318,318,333,333,352,352,352,370,45,64,77,97,97,170,170,184,196,196,215,38,64,84,84,137,137,151,151,151,170,170,170,170],"floor_reached":52,"playtime":3888,"items_purged":["Strike_G+1","Strike_G+1"],"score":1692,"play_id":"da25cce6-07f2-4679-bf8d-7eeb23f68a3d","local_time":"20181113171401","is_ascension_mode":true,"campfire_choices":[{"data":"Neutralize","floor":6.0,"key":"SMITH"},{"data":"Burst","floor":8.0,"key":"SMITH"},{"data":"Sucker Punch","floor":13.0,"key":"SMITH"},{"data":"Cloak And Dagger","floor":15.0,"key":"SMITH"},{"data":"Night Terror","floor":23.0,"key":"SMITH"},{"floor":25.0,"key":"REST"},{"data":"Accuracy","floor":32.0,"key":"SMITH"},{"floor":42.0,"key":"REST"},{"floor":44.0,"key":"REST"},{"floor":47.0,"key":"REST"},{"data":"Finisher","floor":49.0,"key":"SMITH"}],"neow_cost":"TEN_PERCENT_HP_LOSS","seed_source_timestamp":103092312213718,"circlet_count":0,"master_deck":["AscendersBane","Defend_G+1","Defend_G+1","Defend_G+1","Defend_G+1","Defend_G+1","Strike_G+1","Strike_G+1","Strike_G+1","Survivor","Neutralize+1","Burst+1","Sucker Punch+1","Cloak And Dagger+1","Flying Knee","Backstab","Accuracy+1","Heel Hook","Night Terror+1","Escape Plan","Well Laid Plans","Blade Dance+1","Leg Sweep","Infinite Blades","Cloak And Dagger","Terror","Finisher+1","After Image","Venomology","Leg Sweep","Noxious Fumes","Night Terror","PiercingWail+1"],"special_seed":0,"relics":["Ring of the Snake","Pen Nib","Letter Opener","Smiling Mask","Torii","Philosopher\u0027s Stone","Nloth\u0027s Gift","The Courier","Kunai","Busted Crown","Mercury Hourglass","Tiny Chest","Art of War"],"potions_floor_usage":[51],"damage_taken":[{"damage":0.0,"enemies":"2 Louse","floor":1.0,"turns":6.0},{"damage":0.0,"enemies":"Small Slimes","floor":2.0,"turns":4.0},{"damage":6.0,"enemies":"Cultist","floor":3.0,"turns":5.0},{"damage":0.0,"enemies":"Blue Slaver","floor":4.0,"turns":6.0},{"damage":0.0,"enemies":"Looter","floor":5.0,"turns":4.0},{"damage":13.0,"enemies":"Gremlin Nob","floor":7.0,"turns":4.0},{"damage":13.0,"enemies":"Lagavulin","floor":11.0,"turns":9.0},{"damage":26.0,"enemies":"Hexaghost","floor":16.0,"turns":13.0},{"damage":3.0,"enemies":"3 Byrds","floor":18.0,"turns":5.0},{"damage":1.0,"enemies":"Shell Parasite","floor":22.0,"turns":2.0},{"damage":15.0,"enemies":"Shelled Parasite and Fungi","floor":24.0,"turns":4.0},{"damage":0.0,"enemies":"3 Cultists","floor":27.0,"turns":3.0},{"damage":0.0,"enemies":"Snecko","floor":29.0,"turns":5.0},{"damage":12.0,"enemies":"Snake Plant","floor":30.0,"turns":5.0},{"damage":0.0,"enemies":"3 Cultists","floor":31.0,"turns":4.0},{"damage":17.0,"enemies":"Champ","floor":33.0,"turns":8.0},{"damage":0.0,"enemies":"3 Darklings","floor":35.0,"turns":5.0},{"damage":2.0,"enemies":"3 Shapes","floor":36.0,"turns":6.0},{"damage":16.0,"enemies":"Maw","floor":38.0,"turns":8.0},{"damage":33.0,"enemies":"Nemesis","floor":40.0,"turns":11.0},{"damage":10.0,"enemies":"Jaw Worm Horde","floor":41.0,"turns":4.0},{"damage":6.0,"enemies":"Writhing Mass","floor":45.0,"turns":7.0},{"damage":0.0,"enemies":"Sphere and 2 Shapes","floor":48.0,"turns":7.0},{"damage":37.0,"enemies":"Time Eater","floor":50.0,"turns":12.0},{"damage":29,"enemies":"Awakened One","floor":51,"turns":23}],"seed_played":"-7286168028126877209","potions_obtained":[{"floor":2.0,"key":"SpeedPotion"},{"floor":4.0,"key":"SneckoOil"},{"floor":11.0,"key":"AttackPotion"},{"floor":18.0,"key":"AttackPotion"},{"floor":29.0,"key":"EntropicBrew"},{"floor":31.0,"key":"SteroidPotion"},{"floor":35.0,"key":"Explosive Potion"},{"floor":48.0,"key":"GhostInAJar"}],"is_trial":false,"path_per_floor":["M","M","M","M","M","R","E","R","T","?","E","?","R","?","R","B",null,"M","?","?","?","M","R","M","R","T","M","$","M","M","M","R","B",null,"M","M","?","M","$","E","M","R","T","R","M","T","R","M","R","B","B",null],"character_chosen":"THE_SILENT","items_purchased":["Kunai","Infinite Blades","Leg Sweep","Noxious Fumes"],"campfire_rested":4,"item_purchase_floors":[28,28,39,39],"current_hp_per_floor":[59,59,53,53,53,53,40,40,40,35,22,22,22,32,32,6,54,51,51,31,31,30,30,15,37,37,37,37,37,25,25,25,8,58,58,56,56,54,54,21,11,32,32,53,47,47,68,68,68,31,2],"gold":170,"neow_bonus":"THREE_RARE_CARDS","is_prod":false,"is_daily":false,"chose_seed":false,"campfire_upgraded":7,"win_rate":0,"timestamp":1542125641,"path_taken":["M","M","M","M","M","R","E","R","T","?","E","?","R","?","R","BOSS","M","?","?","?","M","R","M","R","T","M","$","M","M","M","R","BOSS","M","?","?","M","$","E","M","R","T","R","M","?","R","?","R","BOSS","BOSS"],"build_version":"2018-11-12","purchased_purges":2,"victory":true,"max_hp_per_floor":[60,60,60,60,60,60,60,60,60,60,60,60,60,70,70,70,70,70,70,75,75,75,75,75,75,75,75,75,75,75,75,75,75,75,75,75,71,71,71,71,71,71,71,71,71,71,71,71,71,71,71],"card_choices":[{"not_picked":["Envenom","Adrenaline"],"picked":"Burst","floor":0.0},{"not_picked":["Prepared","Flying Knee"],"picked":"Sucker Punch","floor":1.0},{"not_picked":["Quick Slash","Choke","Acrobatics"],"picked":"SKIP","floor":2.0},{"not_picked":["A Thousand Cuts","Calculated Gamble"],"picked":"Cloak And Dagger","floor":3.0},{"not_picked":["PiercingWail","Bane"],"picked":"Flying Knee","floor":4.0},{"not_picked":["PiercingWail","Sucker Punch"],"picked":"Backstab","floor":5.0},{"not_picked":["Deadly Poison","Underhanded Strike"],"picked":"Accuracy","floor":7.0},{"not_picked":["Blur","Doppelganger"],"picked":"Heel Hook","floor":11.0},{"not_picked":["Grand Finale","Burst"],"picked":"Night Terror","floor":16.0},{"not_picked":["Calculated Gamble","Acrobatics"],"picked":"Escape Plan","floor":18.0},{"not_picked":["Flying Knee","Poisoned Stab"],"picked":"Well Laid Plans","floor":22.0},{"not_picked":["Dagger Throw","Masterful Stab"],"picked":"Blade Dance+1","floor":24.0},{"not_picked":["Dodge and Roll","Deflect"],"picked":"Leg Sweep","floor":27.0},{"not_picked":["Poisoned Stab+1","Night Terror"],"picked":"Cloak And Dagger","floor":29.0},{"not_picked":["Bane","Flying Knee"],"picked":"Terror","floor":30.0},{"not_picked":["Escape Plan","Skewer+1"],"picked":"Finisher","floor":31.0},{"not_picked":["Venomology","Grand Finale"],"picked":"After Image","floor":33.0},{"not_picked":["Tactician"],"picked":"SKIP","floor":35.0},{"not_picked":[],"picked":"Venomology","floor":36.0},{"not_picked":["Flying Knee+1"],"picked":"SKIP","floor":38.0},{"not_picked":[],"picked":"Night Terror","floor":40.0},{"not_picked":["Deadly Poison"],"picked":"SKIP","floor":41.0},{"not_picked":["Underhanded Strike"],"picked":"SKIP","floor":45.0},{"not_picked":[],"picked":"PiercingWail+1","floor":48.0}],"player_experience":1048227,"relics_obtained":[{"floor":7.0,"key":"Pen Nib"},{"floor":9.0,"key":"Letter Opener"},{"floor":11.0,"key":"Torii"},{"floor":14.0,"key":"Pear"},{"floor":26.0,"key":"The Courier"},{"floor":40.0,"key":"Mercury Hourglass"},{"floor":43.0,"key":"Tiny Chest"},{"floor":46.0,"key":"Art of War"}],"event_choices":[{"damage_healed":0.0,"max_hp_gain":0.0,"max_hp_loss":0.0,"gold_gain":0.0,"event_name":"Scrap Ooze","player_choice":"Success","floor":10.0,"gold_loss":0.0,"damage_taken":5.0,"relics_obtained":["Smiling Mask"]},{"damage_healed":0.0,"max_hp_gain":0.0,"max_hp_loss":0.0,"gold_gain":0.0,"event_name":"Liars Game","player_choice":"Ignored","floor":12.0,"gold_loss":0.0,"damage_taken":0.0},{"damage_healed":0.0,"max_hp_gain":0.0,"max_hp_loss":0.0,"gold_gain":0.0,"event_name":"Wheel of Change","player_choice":"Relic","floor":14.0,"gold_loss":0.0,"damage_taken":0.0},{"damage_healed":0.0,"max_hp_gain":0.0,"max_hp_loss":0.0,"gold_gain":0.0,"event_name":"Back to Basics","player_choice":"Simplicity","floor":19.0,"gold_loss":0.0,"damage_taken":0.0,"cards_upgraded":["Defend_G","Defend_G","Defend_G","Defend_G","Defend_G","Strike_G","Strike_G","Strike_G","Strike_G","Strike_G"]},{"damage_healed":0.0,"max_hp_gain":5.0,"max_hp_loss":0.0,"gold_gain":0.0,"event_name":"Forgotten Altar","player_choice":"Shed Blood","floor":20.0,"gold_loss":0.0,"damage_taken":25.0},{"damage_healed":0.0,"max_hp_gain":0.0,"max_hp_loss":0.0,"gold_gain":0.0,"event_name":"N\u0027loth","player_choice":"Traded Relic","floor":21.0,"relics_lost":["Pear"],"gold_loss":0.0,"damage_taken":0.0,"relics_obtained":["Nloth\u0027s Gift"]},{"damage_healed":0.0,"max_hp_gain":0.0,"max_hp_loss":4.0,"gold_gain":0.0,"event_name":"Winding Halls","player_choice":"Max HP","floor":37.0,"gold_loss":0.0,"damage_taken":0.0}],"is_beta":true,"boss_relics":[{"not_picked":["Snecko Eye","Orrery"],"picked":"Philosopher\u0027s Stone"},{"not_picked":["Eternal Feather","Velvet Choker"],"picked":"Busted Crown"}],"items_purged_floors":[28,39],"is_endless":false,"potions_floor_spawned":[2,4,11,18,29,31,35,48],"ascension_level":20}