{"gold_per_floor":[113,127,127,127,52,52,96,44,69,93,117,135,35,35,35,35],"floor_reached":16,"playtime":1366,"items_purged":["Strike_R","Strike_R"],"score":100,"play_id":"f58c9343-447f-4d1a-9590-071648c5f9f8","local_time":"20190105164552","is_ascension_mode":false,"campfire_choices":[{"data":"Bash","floor":6,"key":"SMITH"},{"data":"Infernal Blade","floor":15,"key":"SMITH"}],"neow_cost":"NONE","seed_source_timestamp":420135820765200,"circlet_count":0,"master_deck":["Strike_R","Strike_R","Strike_R+1","Defend_R","Defend_R","Defend_R","Defend_R","Bash+1","Headbutt+1","Battle Trance","Armaments+1","Infernal Blade+1","Dropkick","Anger"],"relics":["Burning Blood","Golden Idol","Dream Catcher","Pen Nib"],"potions_floor_usage":[16,16],"damage_taken":[{"damage":6,"enemies":"Cultist","floor":1,"turns":5},{"damage":2,"enemies":"2 Louse","floor":2,"turns":3},{"damage":33,"enemies":"3 Sentries","floor":7,"turns":10},{"damage":11,"enemies":"Jaw Worm","floor":10,"turns":4},{"damage":9,"enemies":"Exordium Thugs","floor":11,"turns":4},{"damage":0,"enemies":"Red Slaver","floor":12,"turns":4},{"damage":26,"enemies":"The Guardian","floor":16,"turns":8}],"seed_played":"150503911052076304","potions_obtained":[{"floor":10,"key":"Fire Potion"},{"floor":12,"key":"SteroidPotion"}],"is_trial":false,"path_per_floor":["M","M","?","?","$","R","E","$","T","M","M","M","$","?","R","B"],"character_chosen":"IRONCLAD","items_purchased":["Armaments"],"campfire_rested":0,"item_purchase_floors":[8],"current_hp_per_floor":[88,88,66,48,48,48,21,21,21,16,13,19,19,19,19,0],"gold":35,"neow_bonus":"TEN_PERCENT_HP_BONUS","is_prod":false,"is_daily":false,"chose_seed":false,"campfire_upgraded":2,"win_rate":0.0,"timestamp":1546703152,"path_taken":["M","M","?","?","?","R","E","$","T","M","M","?","?","?","R","BOSS"],"build_version":"2019-01-03v4","purchased_purges":2,"victory":false,"max_hp_per_floor":[88,88,88,88,88,88,88,88,88,88,88,88,88,88,88,88],"card_choices":[{"not_picked":["Clash","Blood for Blood"],"picked":"Headbutt","floor":1},{"not_picked":["Perfected Strike","Sword Boomerang","Clash"],"picked":"SKIP","floor":2},{"not_picked":["Pummel","Power Through"],"picked":"Battle Trance","floor":7},{"not_picked":["Reckless Charge","Second Wind"],"picked":"Infernal Blade","floor":10},{"not_picked":["Infernal Blade","Iron Wave"],"picked":"Dropkick","floor":11},{"not_picked":["Sever Soul","Twin Strike"],"picked":"Anger","floor":12}],"player_experience":0,"relics_obtained":[{"floor":7,"key":"Dream Catcher"},{"floor":9,"key":"Pen Nib"}],"event_choices":[{"damage_healed":0,"gold_gain":0,"player_choice":"Take Damage","damage_taken":22,"relics_obtained":["Golden Idol"],"max_hp_gain":0,"max_hp_loss":0,"event_name":"Golden Idol","floor":3,"gold_loss":0},{"damage_healed":0,"gold_gain":0,"player_choice":"Entered Light","damage_taken":18,"max_hp_gain":0,"max_hp_loss":0,"event_name":"Shining Light","floor":4,"gold_loss":0,"cards_upgraded":["Headbutt","Strike_R"]},{"damage_healed":0,"gold_gain":0,"player_choice":"Forge","damage_taken":0,"max_hp_gain":0,"max_hp_loss":0,"event_name":"Accursed Blacksmith","floor":14,"gold_loss":0,"cards_upgraded":["Armaments"]}],"is_beta":false,"boss_relics":[],"items_purged_floors":[5,13],"is_endless":false,"potions_floor_spawned":[10,12],"killed_by":"The Guardian","ascension_level":0}