{"gold_per_floor":[109,129,129,154,173,212,212,231,254,332,373,373,409,424,424,519,519,544,150,164,83,83,83,83],"floor_reached":24,"playtime":1518,"items_purged":["Shame"],"score":432,"play_id":"02b2529e-45d5-4133-ae37-d4d4c3f58bca","local_time":"20190128221349","is_ascension_mode":true,"campfire_choices":[{"floor":7,"key":"REST"},{"data":"Creative AI","floor":12,"key":"SMITH"},{"data":"Static Discharge","floor":15,"key":"SMITH"},{"floor":23,"key":"REST"}],"neow_cost":"NONE","seed_source_timestamp":351109137363892,"circlet_count":0,"master_deck":["AscendersBane","Strike_B","Strike_B","Strike_B","Strike_B","Defend_B","Defend_B","Defend_B","Defend_B","Zap","Dualcast","Reboot","Static Discharge+1","Ball Lightning","Rip and Tear","Cold Snap","Conserve Battery","Go for the Eyes","Creative AI+1","BootSequence","Chill","Steam","Seek","Skim","Apotheosis","Defragment","Turbo","Hologram+1","Self Repair"],"relics":["Cracked Core","Golden Idol","Emotion Chip","Omamori","PreservedInsect","Juzu Bracelet","Shuriken","Calling Bell","Ancient Tea Set","Mummified Hand","Unceasing Top","GremlinMask"],"potions_floor_usage":[6,10,11,16,16,24,24],"damage_taken":[{"damage":2,"enemies":"2 Louse","floor":1,"turns":4},{"damage":6,"enemies":"Small Slimes","floor":2,"turns":3},{"damage":0,"enemies":"Cultist","floor":4,"turns":3},{"damage":0,"enemies":"Large Slime","floor":5,"turns":3},{"damage":27,"enemies":"3 Sentries","floor":6,"turns":6},{"damage":6,"enemies":"Looter","floor":8,"turns":3},{"damage":10,"enemies":"3 Sentries","floor":10,"turns":6},{"damage":8,"enemies":"Gremlin Nob","floor":11,"turns":3},{"damage":6,"enemies":"3 Sentries","floor":13,"turns":4},{"damage":2,"enemies":"Red Slaver","floor":14,"turns":2},{"damage":23,"enemies":"Slime Boss","floor":16,"turns":8},{"damage":12,"enemies":"Chosen","floor":18,"turns":4},{"damage":2,"enemies":"2 Thieves","floor":20,"turns":4},{"damage":65,"enemies":"Gremlin Leader","floor":24,"turns":5}],"seed_played":"3341177182317335638","potions_obtained":[{"floor":4,"key":"EssenceOfSteel"},{"floor":5,"key":"FearPotion"},{"floor":8,"key":"SkillPotion"},{"floor":10,"key":"Regen Potion"},{"floor":14,"key":"EssenceOfSteel"},{"floor":16,"key":"Swift Potion"},{"floor":20,"key":"Block Potion"}],"is_trial":false,"path_per_floor":["M","M","?","M","M","E","R","M","T","?","E","R","E","M","R","B",null,"M","$","M","$","?","R","E"],"character_chosen":"DEFECT","items_purchased":["Apotheosis","Defragment","Turbo","Self Repair"],"campfire_rested":2,"item_purchase_floors":[19,19,19,21],"current_hp_per_floor":[62,56,56,56,56,29,48,42,42,32,33,33,27,25,25,2,49,37,37,35,35,35,54,0],"gold":83,"neow_bonus":"ONE_RANDOM_RARE_CARD","is_prod":false,"is_daily":false,"chose_seed":false,"campfire_upgraded":2,"win_rate":0,"timestamp":1548710029,"path_taken":["M","M","?","M","M","E","R","M","T","?","E","R","E","M","R","BOSS","M","$","M","$","?","R","E"],"build_version":"2019-01-23","purchased_purges":1,"victory":false,"max_hp_per_floor":[71,71,64,64,64,64,64,64,64,64,64,64,64,64,64,64,64,64,64,64,64,64,64,64],"card_choices":[{"not_picked":["Compile Driver","Reprogram"],"picked":"Static Discharge","floor":1},{"not_picked":["Redo","Sweeping Beam"],"picked":"Ball Lightning","floor":2},{"not_picked":["Doom and Gloom","Compile Driver"],"picked":"Rip and Tear","floor":4},{"not_picked":["Gash","Leap"],"picked":"Cold Snap","floor":5},{"not_picked":["Gash","Capacitor"],"picked":"Conserve Battery","floor":6},{"not_picked":["Blizzard","Conserve Battery"],"picked":"Go for the Eyes","floor":8},{"not_picked":["Beam Cell","Storm"],"picked":"Creative AI","floor":10},{"not_picked":["Stack","Reprogram"],"picked":"BootSequence","floor":11},{"not_picked":["Redo","Go for the Eyes"],"picked":"Chill","floor":13},{"not_picked":["Leap","Compile Driver"],"picked":"Steam","floor":14},{"not_picked":["Buffer","Echo Form"],"picked":"Seek","floor":16},{"not_picked":["Fusion","Stack"],"picked":"Skim","floor":18},{"not_picked":["Gash","Doom and Gloom"],"picked":"Hologram+1","floor":20}],"player_experience":1598779,"relics_obtained":[{"floor":6,"key":"Emotion Chip"},{"floor":9,"key":"Omamori"},{"floor":10,"key":"PreservedInsect"},{"floor":11,"key":"Juzu Bracelet"},{"floor":13,"key":"Shuriken"},{"floor":17,"key":"Ancient Tea Set"},{"floor":17,"key":"Mummified Hand"},{"floor":17,"key":"Unceasing Top"}],"event_choices":[{"damage_healed":0,"gold_gain":0,"player_choice":"Lose Max HP","damage_taken":0,"relics_obtained":["Golden Idol"],"max_hp_gain":0,"max_hp_loss":7,"event_name":"Golden Idol","floor":3,"gold_loss":0},{"damage_healed":0,"gold_gain":0,"player_choice":"Searched \u00271\u0027 times","damage_taken":0,"max_hp_gain":0,"max_hp_loss":0,"event_name":"Dead Adventurer","floor":10,"gold_loss":0},{"damage_healed":0,"gold_gain":0,"player_choice":"Trade","damage_taken":0,"relics_obtained":["GremlinMask"],"max_hp_gain":0,"max_hp_loss":0,"event_name":"FaceTrader","floor":22,"gold_loss":0}],"is_beta":false,"boss_relics":[{"not_picked":["Snecko Eye","Tiny House"],"picked":"Calling Bell"}],"items_purged_floors":[19],"is_endless":false,"potions_floor_spawned":[4,5,8,10,14,16,20],"killed_by":"Gremlin Leader","ascension_level":20}