{"gold_per_floor":[119,131,131,131,50,83,83,118,118,148,148,165,240,268,268,345,345,360,374,374,374,108,138,57,57],"floor_reached":25,"playtime":1165,"items_purged":[],"score":565,"play_id":"eee7dc22-aaa7-4d57-b9b5-55504bfe0dc9","local_time":"20190303133940","is_ascension_mode":true,"campfire_choices":[{"data":"Shockwave","floor":7,"key":"SMITH"},{"floor":11,"key":"REST"},{"data":"Whirlwind","floor":15,"key":"SMITH"}],"neow_cost":"NONE","seed_source_timestamp":1007387106797390,"circlet_count":0,"master_deck":["AscendersBane","Defend_R","Defend_R","Defend_R","Defend_R","Bash","Shockwave+1","Sword Boomerang+1","Hemokinesis","Ghostly Armor","Corruption","Headbutt","Whirlwind+1","Flex","Spot Weakness","Immolate","Flex","Feel No Pain","Bite","Bite","Bite","Bite","Bite","True Grit","Thunderclap","Feel No Pain"],"relics":["Burning Blood","NeowsBlessing","Torii","Dream Catcher","Pantograph","Shovel","Mark of Pain","Medical Kit","Bag of Preparation"],"potions_floor_usage":[16,18,23],"damage_taken":[{"damage":0,"enemies":"Cultist","floor":1,"turns":1},{"damage":0,"enemies":"Jaw Worm","floor":2,"turns":1},{"damage":0,"enemies":"3 Sentries","floor":6,"turns":1},{"damage":25,"enemies":"Gremlin Nob","floor":8,"turns":4},{"damage":30,"enemies":"3 Sentries","floor":10,"turns":10},{"damage":0,"enemies":"Small Slimes","floor":12,"turns":3},{"damage":36,"enemies":"Gremlin Nob","floor":14,"turns":4},{"damage":12,"enemies":"Hexaghost","floor":16,"turns":6},{"damage":1,"enemies":"2 Thieves","floor":18,"turns":2},{"damage":1,"enemies":"Chosen","floor":19,"turns":5},{"damage":57,"enemies":"Slavers","floor":23,"turns":5},{"damage":59,"enemies":"Gremlin Leader","floor":25,"turns":4}],"seed_played":"4813562104944500331","potions_obtained":[{"floor":2,"key":"Regen Potion"},{"floor":6,"key":"LiquidBronze"},{"floor":16,"key":"Block Potion"}],"is_trial":false,"path_per_floor":["M","M","?","?","$","E","R","E","T","E","R","M","?","E","R","B",null,"M","M","?","?","$","E","$","E"],"character_chosen":"IRONCLAD","items_purchased":["Hemokinesis","Medical Kit","True Grit","Feel No Pain"],"campfire_rested":1,"item_purchase_floors":[5,22,22,24],"current_hp_per_floor":[74,75,68,68,68,74,74,55,55,31,53,61,50,22,22,43,67,74,75,75,75,75,42,42,0],"gold":57,"neow_bonus":"THREE_ENEMY_KILL","is_prod":false,"is_daily":false,"chose_seed":false,"campfire_upgraded":2,"win_rate":0,"timestamp":1551616780,"path_taken":["M","?","?","?","$","E","R","E","T","E","R","M","?","E","R","BOSS","M","M","?","?","$","E","?","E"],"build_version":"2019-01-23","purchased_purges":0,"victory":false,"max_hp_per_floor":[75,75,75,75,75,75,75,75,75,75,75,75,75,75,75,75,75,75,75,75,75,75,75,75,75],"card_choices":[{"not_picked":["Clash","Pommel Strike"],"picked":"Shockwave","floor":1},{"not_picked":["Dual Wield","Warcry"],"picked":"Sword Boomerang","floor":2},{"not_picked":["Sword Boomerang","Warcry"],"picked":"Ghostly Armor","floor":6},{"not_picked":["Havoc","Flex"],"picked":"Corruption","floor":8},{"not_picked":["Entrench","Rage"],"picked":"Headbutt","floor":10},{"not_picked":["Thunderclap","Pommel Strike"],"picked":"Whirlwind","floor":11},{"not_picked":["Havoc","Thunderclap"],"picked":"Flex","floor":12},{"not_picked":["Entrench","Second Wind"],"picked":"Spot Weakness","floor":14},{"not_picked":["Juggernaut","Dark Embrace"],"picked":"Immolate","floor":16},{"not_picked":["Clothesline","Cleave"],"picked":"Flex","floor":18},{"not_picked":["Heavy Blade","Warcry","Anger"],"picked":"SKIP","floor":19},{"not_picked":["Sentinel","Rage"],"picked":"Thunderclap","floor":23}],"player_experience":1873454,"relics_obtained":[{"floor":6,"key":"Torii"},{"floor":8,"key":"Dream Catcher"},{"floor":9,"key":"Pantograph"},{"floor":10,"key":"Blood Vial"},{"floor":14,"key":"Shovel"},{"floor":23,"key":"Bag of Preparation"}],"event_choices":[{"cards_removed":["Strike_R"],"damage_healed":0,"gold_gain":0,"player_choice":"Card Removal","damage_taken":7,"max_hp_gain":0,"max_hp_loss":0,"event_name":"Golden Wing","floor":3,"gold_loss":0},{"damage_healed":0,"gold_gain":0,"player_choice":"Grow","damage_taken":0,"max_hp_gain":0,"max_hp_loss":0,"event_name":"Living Wall","floor":4,"gold_loss":0,"cards_upgraded":["Sword Boomerang"]},{"damage_healed":0,"gold_gain":75,"player_choice":"Gather Gold","damage_taken":11,"max_hp_gain":0,"max_hp_loss":0,"event_name":"World of Goop","floor":13,"gold_loss":0},{"damage_healed":0,"gold_gain":0,"player_choice":"Read","damage_taken":0,"max_hp_gain":0,"max_hp_loss":0,"event_name":"The Library","floor":20,"gold_loss":0,"cards_obtained":["Feel No Pain"]},{"damage_healed":0,"gold_gain":0,"player_choice":"Became a vampire (Vial)","damage_taken":0,"max_hp_gain":0,"max_hp_loss":0,"event_name":"Vampires","floor":21,"relics_lost":["Blood Vial"],"gold_loss":0,"cards_obtained":["Bite","Bite","Bite","Bite","Bite"]}],"is_beta":false,"boss_relics":[{"not_picked":["Pandora\u0027s Box","Black Blood"],"picked":"Mark of Pain"}],"items_purged_floors":[],"is_endless":false,"potions_floor_spawned":[2,6,16],"killed_by":"Gremlin Leader","ascension_level":20}