{"gold_per_floor":[110,110,1,21,31,59,82,82,82,109,109,129,129],"floor_reached":13,"playtime":661,"items_purged":[],"score":186,"play_id":"c1cc0d40-9fa2-4b5a-9636-c13fb585bc4d","local_time":"20190116221033","is_ascension_mode":true,"campfire_choices":[{"floor":8,"key":"REST"}],"neow_cost":"NONE","seed_source_timestamp":597299055667486,"circlet_count":0,"master_deck":["AscendersBane","Strike_B","Strike_B","Strike_B","Strike_B","Defend_B","Defend_B","Defend_B","Zap","Dualcast","Ball Lightning","Defragment","Hologram","Conserve Battery","Reboot","Conserve Battery","Steam Power","Defragment"],"special_seed":0,"relics":["Velvet Choker","Matryoshka","Ancient Tea Set","Odd Mushroom","Art of War","Centennial Puzzle","Bronze Scales"],"potions_floor_usage":[7,10,13],"damage_taken":[{"damage":7,"enemies":"Small Slimes","floor":1,"turns":4},{"damage":0,"enemies":"2 Louse","floor":4,"turns":2},{"damage":0,"enemies":"Cultist","floor":5,"turns":3},{"damage":20,"enemies":"3 Sentries","floor":6,"turns":8},{"damage":10,"enemies":"The Mushroom Lair","floor":7,"turns":4},{"damage":23,"enemies":"Gremlin Nob","floor":10,"turns":4},{"damage":8,"enemies":"Blue Slaver","floor":12,"turns":3},{"damage":13,"enemies":"Lagavulin","floor":13,"turns":5}],"seed_played":"-2673019959095606671","potions_obtained":[{"floor":5,"key":"GamblersBrew"},{"floor":6,"key":"Ancient Potion"},{"floor":7,"key":"Block Potion"},{"floor":10,"key":"SkillPotion"}],"is_trial":false,"path_per_floor":["M","?","$","M","M","E","?","R","T","E","?","M","E"],"character_chosen":"DEFECT","items_purchased":["Defragment","Hologram"],"campfire_rested":1,"item_purchase_floors":[3,3],"current_hp_per_floor":[57,46,46,46,46,26,16,37,37,14,14,6,0],"gold":129,"neow_bonus":"BOSS_RELIC","is_prod":false,"is_daily":false,"chose_seed":false,"campfire_upgraded":0,"win_rate":0,"timestamp":1547673033,"path_taken":["M","?","$","M","M","E","?","R","T","E","?","?","E"],"build_version":"2019-01-10","purchased_purges":0,"victory":false,"max_hp_per_floor":[71,71,71,71,71,71,71,71,71,71,71,71,71],"card_choices":[{"not_picked":["White Noise","Hello World"],"picked":"Ball Lightning","floor":1},{"not_picked":["Barrage","Leap"],"picked":"Conserve Battery","floor":4},{"not_picked":["Double Energy","Leap","White Noise"],"picked":"SKIP","floor":5},{"not_picked":["Double Energy","Conserve Battery"],"picked":"Reboot","floor":6},{"not_picked":["Stack","Redo"],"picked":"Conserve Battery","floor":7},{"not_picked":["Heatsinks","Skim","Redo"],"picked":"SKIP","floor":10},{"not_picked":["Coolheaded","Barrage"],"picked":"Defragment","floor":12}],"player_experience":1559178,"relics_obtained":[{"floor":6,"key":"Ancient Tea Set"},{"floor":7,"key":"Odd Mushroom"},{"floor":9,"key":"Art of War"},{"floor":9,"key":"Centennial Puzzle"},{"floor":10,"key":"Bronze Scales"}],"event_choices":[{"damage_healed":0,"gold_gain":0,"player_choice":"Success","damage_taken":11,"relics_obtained":["Matryoshka"],"max_hp_gain":0,"max_hp_loss":0,"event_name":"Scrap Ooze","floor":2,"gold_loss":0},{"damage_healed":0,"gold_gain":0,"player_choice":"Fought Mushrooms","damage_taken":0,"max_hp_gain":0,"max_hp_loss":0,"event_name":"Mushrooms","floor":7,"gold_loss":0},{"damage_healed":0,"gold_gain":0,"cards_transformed":["Defend_B"],"player_choice":"Transformed","damage_taken":0,"max_hp_gain":0,"max_hp_loss":0,"event_name":"Transmorgrifier","floor":11,"gold_loss":0,"cards_obtained":["Steam Power"]}],"is_beta":false,"boss_relics":[],"items_purged_floors":[],"is_endless":false,"potions_floor_spawned":[5,6,7,10,12],"killed_by":"Lagavulin","ascension_level":20}