{"gold_per_floor":[115,69,69,89,99,131,149,159,209,209,209,54,70,40,40,145,145,164,174,5,17,17,17,35,35,35,35,35],"floor_reached":28,"playtime":2300,"items_purged":["Strike_G","Strike_G"],"score":242,"play_id":"2407fd1e-3ad5-4f1a-b147-f740397239d7","local_time":"20190524190657","is_ascension_mode":true,"campfire_choices":[{"data":"Concentrate","floor":11.0,"key":"SMITH"},{"floor":15.0,"key":"REST"},{"floor":23.0,"key":"REST"},{"floor":27,"key":"REST"}],"neow_cost":"NONE","seed_source_timestamp":0,"circlet_count":0,"master_deck":["Defend_G","Defend_G","Strike_G","Survivor","Neutralize","Malaise+1","Blur","Flying Knee","Flying Knee","PiercingWail","Heel Hook","Concentrate+1","Doppelganger","Skewer","Adrenaline","Catalyst+1","Flechettes+1","Endless Agony+1","Concentrate","Deadly Poison","Shame","Riddle With Holes","PiercingWail"],"special_seed":0,"relics":["Ring of the Snake","Happy Flower","Strawberry","Astrolabe","Question Card","Lantern"],"potions_floor_usage":[28,28,28],"damage_taken":[{"damage":3.0,"enemies":"Cultist","floor":1.0,"turns":5.0},{"damage":1.0,"enemies":"2 Louse","floor":4.0,"turns":4.0},{"damage":4.0,"enemies":"Jaw Worm","floor":5.0,"turns":5.0},{"damage":26.0,"enemies":"3 Sentries","floor":6.0,"turns":13.0},{"damage":17.0,"enemies":"3 Louse","floor":7.0,"turns":3.0},{"damage":0.0,"enemies":"Blue Slaver","floor":8.0,"turns":5.0},{"damage":5.0,"enemies":"Gremlin Gang","floor":13.0,"turns":5.0},{"damage":3.0,"enemies":"Looter","floor":14.0,"turns":4.0},{"damage":32.0,"enemies":"The Guardian","floor":16.0,"turns":17.0},{"damage":48.0,"enemies":"Spheric Guardian","floor":18.0,"turns":7.0},{"damage":7.0,"enemies":"Chosen","floor":19.0,"turns":6.0},{"damage":15.0,"enemies":"Centurion and Healer","floor":21.0,"turns":4.0},{"damage":6.0,"enemies":"Shelled Parasite and Fungi","floor":24.0,"turns":6.0},{"damage":48,"enemies":"Gremlin Leader","floor":28,"turns":10}],"seed_played":"-42169892636453369","potions_obtained":[{"floor":4.0,"key":"Block Potion"},{"floor":7.0,"key":"GamblersBrew"},{"floor":16.0,"key":"PowerPotion"},{"floor":19.0,"key":"Poison Potion"},{"floor":21.0,"key":"SpeedPotion"},{"floor":24.0,"key":"Explosive Potion"}],"is_trial":false,"path_per_floor":["M","$","?","M","M","E","M","M","T","?","R","$","M","M","R","B",null,"M","M","$","M","?","R","M","?","T","R","E"],"character_chosen":"THE_SILENT","items_purchased":["Flying Knee","Skewer","Concentrate"],"campfire_rested":3,"item_purchase_floors":[2,12,20],"current_hp_per_floor":[67,67,67,66,62,36,19,19,26,51,51,51,46,43,66,34,77,29,22,22,7,7,30,24,24,24,47,0],"gold":35,"neow_bonus":"ONE_RANDOM_RARE_CARD","is_prod":false,"is_daily":false,"chose_seed":false,"campfire_upgraded":1,"win_rate":0,"timestamp":1558739217,"path_taken":["M","?","?","M","M","E","?","M","T","?","R","$","M","M","R","BOSS","M","M","$","M","?","R","M","?","T","R","E"],"build_version":"2019-01-23","purchased_purges":2,"victory":false,"max_hp_per_floor":[70,70,70,70,70,70,70,70,77,77,77,77,77,77,77,77,77,77,77,77,77,77,77,77,77,77,77,77],"card_choices":[{"not_picked":["Sucker Punch","Dagger Throw"],"picked":"Blur","floor":1.0},{"not_picked":["Slice","Dagger Spray"],"picked":"Flying Knee","floor":4.0},{"not_picked":["Backstab","Acrobatics"],"picked":"PiercingWail","floor":5.0},{"not_picked":["Terror","Setup"],"picked":"Heel Hook","floor":6.0},{"not_picked":["Riddle With Holes","Predator"],"picked":"Concentrate","floor":7.0},{"not_picked":["Deadly Poison","Outmaneuver"],"picked":"Doppelganger","floor":8.0},{"not_picked":["Prepared","Deflect","Quick Slash"],"picked":"SKIP","floor":13.0},{"not_picked":["Poisoned Stab","Distraction","Skewer"],"picked":"SKIP","floor":14.0},{"not_picked":["A Thousand Cuts","Phantasmal Killer"],"picked":"Adrenaline","floor":16.0},{"not_picked":["Acrobatics","Masterful Stab","All Out Attack"],"picked":"SKIP","floor":18.0},{"not_picked":["Quick Slash","Expertise+1","Blade Dance"],"picked":"SKIP","floor":19.0},{"not_picked":["PiercingWail","Backstab"],"picked":"Deadly Poison","floor":21.0},{"not_picked":["Storm of Steel","Caltrops","Sucker Punch","Dodge and Roll"],"picked":"SKIP","floor":24.0}],"player_experience":298389,"relics_obtained":[{"floor":6.0,"key":"Happy Flower"},{"floor":9.0,"key":"Strawberry"},{"floor":26.0,"key":"Lantern"}],"event_choices":[{"damage_healed":0.0,"max_hp_gain":0.0,"max_hp_loss":0.0,"gold_gain":0.0,"event_name":"Upgrade Shrine","player_choice":"Upgraded","floor":3.0,"gold_loss":0.0,"damage_taken":0.0,"cards_upgraded":["Malaise"]},{"damage_healed":25.0,"max_hp_gain":0.0,"max_hp_loss":0.0,"gold_gain":0.0,"event_name":"Big Fish","player_choice":"Banana","floor":10.0,"gold_loss":0.0,"damage_taken":0.0},{"damage_healed":0.0,"max_hp_gain":0.0,"max_hp_loss":0.0,"gold_gain":0.0,"event_name":"Addict","player_choice":"Stole Relic","floor":22.0,"gold_loss":0.0,"damage_taken":0.0,"relics_obtained":["Question Card"],"cards_obtained":["Shame"]},{"damage_healed":0.0,"max_hp_gain":0.0,"max_hp_loss":0.0,"gold_gain":0.0,"cards_transformed":["Strike_G","Defend_G"],"event_name":"Drug Dealer","player_choice":"Became Test Subject","floor":25.0,"gold_loss":0.0,"damage_taken":0.0,"cards_obtained":["Riddle With Holes","PiercingWail"]}],"is_beta":false,"boss_relics":[{"not_picked":["HoveringKite","Snecko Eye"],"picked":"Astrolabe"}],"items_purged_floors":[12,20],"is_endless":false,"potions_floor_spawned":[4,7,16,19,21,24],"killed_by":"Gremlin Leader","ascension_level":2}