{"gold_per_floor":[110,121,132,132,148,148,181,197,197,214,49,49,60,60],"floor_reached":14,"playtime":1247,"items_purged":[],"score":188,"play_id":"fd90fdd0-c59f-40b6-a72e-a3a4ebe8ab40","local_time":"20190227171320","is_ascension_mode":true,"campfire_choices":[{"data":"Whirlwind","floor":6,"key":"SMITH"},{"data":"True Grit","floor":12,"key":"SMITH"}],"neow_cost":"NONE","seed_source_timestamp":674525205974064,"circlet_count":0,"master_deck":["AscendersBane","Strike_R","Strike_R","Strike_R","Strike_R","Defend_R","Defend_R","Defend_R","Defend_R","Bash","Juggernaut","Battle Trance","Impervious","Whirlwind+1","Shrug It Off","True Grit+1","Exhume","Body Slam"],"relics":["Burning Blood","Boot","Dream Catcher","Happy Flower"],"potions_floor_usage":[7,14],"damage_taken":[{"damage":14,"enemies":"Jaw Worm","floor":1,"turns":4},{"damage":6,"enemies":"Cultist","floor":2,"turns":3},{"damage":7,"enemies":"2 Louse","floor":3,"turns":3},{"damage":1,"enemies":"2 Fungi Beasts","floor":5,"turns":4},{"damage":36,"enemies":"Lagavulin","floor":7,"turns":9},{"damage":2,"enemies":"Large Slime","floor":8,"turns":7},{"damage":0,"enemies":"3 Louse","floor":10,"turns":1},{"damage":2,"enemies":"2 Fungi Beasts","floor":13,"turns":4},{"damage":60,"enemies":"Gremlin Nob","floor":14,"turns":4}],"seed_played":"1125185916802094615","potions_obtained":[{"floor":2,"key":"SteroidPotion"},{"floor":3,"key":"PowerPotion"}],"is_trial":false,"path_per_floor":["M","M","M","?","M","R","E","M","T","M","$","R","M","E"],"character_chosen":"IRONCLAD","items_purchased":["Happy Flower"],"campfire_rested":0,"item_purchase_floors":[11],"current_hp_per_floor":[60,60,59,59,64,64,34,38,38,44,44,44,48,0],"gold":60,"neow_bonus":"ONE_RANDOM_RARE_CARD","is_prod":false,"is_daily":false,"chose_seed":false,"campfire_upgraded":2,"win_rate":0,"timestamp":1551284000,"path_taken":["M","M","M","?","M","R","E","M","T","?","$","R","M","E"],"build_version":"2019-01-23","purchased_purges":0,"victory":false,"max_hp_per_floor":[75,75,75,75,75,75,75,75,75,75,75,75,75,75],"card_choices":[{"not_picked":["Wild Strike","Warcry"],"picked":"Battle Trance","floor":1},{"not_picked":["Wild Strike","Flex"],"picked":"Impervious","floor":2},{"not_picked":["Pummel","Perfected Strike"],"picked":"Whirlwind","floor":3},{"not_picked":["Blood for Blood","Whirlwind"],"picked":"Shrug It Off","floor":5},{"not_picked":["Evolve","Whirlwind"],"picked":"True Grit","floor":7},{"not_picked":["Sever Soul","Clash","Flex"],"picked":"SKIP","floor":8},{"not_picked":["Thunderclap","Second Wind"],"picked":"Exhume","floor":10},{"not_picked":["Warcry","Anger"],"picked":"Body Slam","floor":13}],"player_experience":1719864,"relics_obtained":[{"floor":7,"key":"Boot"},{"floor":9,"key":"Dream Catcher"}],"event_choices":[{"cards_removed":["Strike_R"],"damage_healed":0,"gold_gain":0,"player_choice":"Offered Basic","damage_taken":0,"max_hp_gain":0,"max_hp_loss":0,"event_name":"Bonfire Elementals","floor":4,"gold_loss":0}],"is_beta":false,"boss_relics":[],"items_purged_floors":[],"is_endless":false,"potions_floor_spawned":[2,3,5],"killed_by":"Gremlin Nob","ascension_level":20}