{"gold_per_floor":[113,30,30,30,47,47,75,99,137,149,191,203,247,279,291,380,392,420,432,449,462,462,462,480,514,563,563,27,27,27,59,59,136,136,146,13,28,75,75,75,85,85,85,85,85,85,97,115,115,115,115,115,115,6,35,35],"floor_reached":56,"playtime":5926,"items_purged":["Defend_G"],"score":1852,"play_id":"ff77771b-c845-46ec-a35d-220a96b2ef9d","local_time":"20190409191240","is_ascension_mode":true,"campfire_choices":[{"data":"Skewer","floor":6.0,"key":"SMITH"},{"data":"Neutralize","floor":12.0,"key":"SMITH"},{"floor":15.0,"key":"REST"},{"floor":23,"key":"REST"},{"floor":27,"key":"REST"},{"data":"Corpse Explosion","floor":29,"key":"SMITH"},{"data":"Wraith Form v2","floor":32,"key":"SMITH"},{"data":"Footwork","floor":40,"key":"SMITH"},{"data":"Malaise","floor":44,"key":"SMITH"},{"floor":46,"key":"RECALL"},{"floor":49,"key":"REST"},{"floor":53,"key":"REST"}],"neow_cost":"NONE","seed_source_timestamp":509622777440444,"circlet_count":0,"master_deck":["AscendersBane","Defend_G","Defend_G","Defend_G","Defend_G","Survivor","Flying Knee","Skewer+1","Noxious Fumes","Well Laid Plans+1","Deadly Poison","Bouncing Flask","Acrobatics","Corpse Explosion+1","Footwork+1","Backflip","PiercingWail","Malaise+1","Dash+1","Envenom","Wraith Form v2+1","After Image+1","Venomology+1","Dodge and Roll+1","Setup+1","Acrobatics","After Image+1","PiercingWail","After Image+1","Leg Sweep","Noxious Fumes+1"],"special_seed":0,"relics":["Ring of the Snake","NeowsBlessing","Bag of Marbles","Regal Pillow","Prayer Wheel","Bag of Preparation","Snecko Eye","Nloth\u0027s Gift","Snake Skull","Ancient Tea Set","Mercury Hourglass","Bottled Lightning","Frozen Egg 2","Astrolabe","Ice Cream","Lantern"],"potions_floor_usage":[25,25,41,51,51,51,55,56],"damage_taken":[{"damage":0.0,"enemies":"Jaw Worm","floor":1.0,"turns":1.0},{"damage":0.0,"enemies":"2 Louse","floor":5.0,"turns":1.0},{"damage":0.0,"enemies":"Lagavulin","floor":7.0,"turns":1.0},{"damage":0.0,"enemies":"Cultist","floor":8.0,"turns":2.0},{"damage":10.0,"enemies":"3 Sentries","floor":11.0,"turns":6.0},{"damage":16.0,"enemies":"Gremlin Nob","floor":13.0,"turns":4.0},{"damage":5.0,"enemies":"2 Fungi Beasts","floor":14.0,"turns":3.0},{"damage":18.0,"enemies":"The Guardian","floor":16.0,"turns":8.0},{"damage":14.0,"enemies":"3 Byrds","floor":18.0,"turns":3.0},{"damage":20.0,"enemies":"2 Thieves","floor":20.0,"turns":4.0},{"damage":15,"enemies":"Snecko","floor":21,"turns":8},{"damage":0,"enemies":"3 Cultists","floor":24,"turns":2},{"damage":28,"enemies":"Gremlin Leader","floor":25,"turns":8},{"damage":3,"enemies":"Slavers","floor":31,"turns":2},{"damage":45,"enemies":"Automaton","floor":33,"turns":7},{"damage":0,"enemies":"Orb Walker","floor":35,"turns":5},{"damage":1,"enemies":"3 Shapes","floor":37,"turns":2},{"damage":7,"enemies":"2 Orb Walkers","floor":38,"turns":4},{"damage":8,"enemies":"Maw","floor":41,"turns":8},{"damage":0,"enemies":"Spire Growth","floor":47,"turns":6},{"damage":2,"enemies":"4 Shapes","floor":48,"turns":3},{"damage":3,"enemies":"Time Eater","floor":50,"turns":16},{"damage":61,"enemies":"Awakened One","floor":51,"turns":19},{"damage":31,"enemies":"Shield and Spear","floor":55,"turns":5},{"damage":57,"enemies":"The Heart","floor":56,"turns":2}],"seed_played":"8088720385374239275","potions_obtained":[{"floor":1.0,"key":"Weak Potion"},{"floor":8.0,"key":"Explosive Potion"},{"floor":13.0,"key":"GamblersBrew"},{"floor":14.0,"key":"Ancient Potion"},{"floor":18.0,"key":"SteroidPotion"},{"floor":21,"key":"Block Potion"},{"floor":33,"key":"EssenceOfSteel"},{"floor":35,"key":"Energy Potion"}],"is_trial":false,"path_per_floor":["M","$","?","$","M","R","E","M","T","?","E","R","E","M","R","B",null,"M","?","M","M","?","R","M","E","T","R","$","R","?","E","R","B",null,"M","$","M","?","?","R","M","?","T","R","?","R","M","M","R","B","B",null,"R","$","E","B"],"character_chosen":"THE_SILENT","items_purchased":["Skewer","Mercury Hourglass","Bottled Lightning","Acrobatics","Dexterity Potion","Poison Potion"],"campfire_rested":5,"item_purchase_floors":[2,28,28,36,54,54],"current_hp_per_floor":[59,59,54,54,54,54,54,54,54,47,37,37,21,16,50,32,58,44,44,24,9,9,43,43,15,15,49,49,49,49,46,46,1,50,50,50,49,42,42,42,34,34,34,34,34,34,34,32,66,63,2,50,66,66,35,0],"gold":35,"neow_bonus":"THREE_ENEMY_KILL","is_prod":false,"is_daily":false,"chose_seed":false,"campfire_upgraded":6,"win_rate":0,"timestamp":1554829960,"path_taken":["M","$","?","$","M","R","E","M","T","?","E","R","E","M","R","BOSS","M","?","M","?","?","R","M","E","T","R","?","R","?","E","R","BOSS","M","$","?","?","?","R","M","?","T","R","?","R","?","M","R","BOSS","BOSS","R","$","E","BOSS"],"build_version":"2019-01-23","purchased_purges":1,"victory":false,"max_hp_per_floor":[66,66,66,66,66,66,66,66,66,66,66,66,66,66,66,66,66,66,66,66,66,66,66,66,66,66,66,66,66,66,66,66,66,66,66,66,66,66,66,66,66,66,66,66,66,66,66,66,66,66,66,66,66,66,66,66],"card_choices":[{"not_picked":["Blur","Cloak And Dagger"],"picked":"Flying Knee","floor":1.0},{"not_picked":["Bane","Choke"],"picked":"Noxious Fumes","floor":5.0},{"not_picked":["Infinite Blades","Reflex","Heel Hook"],"picked":"SKIP","floor":7.0},{"not_picked":["Poisoned Stab","Deflect"],"picked":"Well Laid Plans","floor":8.0},{"not_picked":["Tactician","Unload"],"picked":"Deadly Poison","floor":11.0},{"not_picked":["Blade Dance","Dash"],"picked":"Bouncing Flask","floor":13.0},{"not_picked":["Blade Dance","Underhanded Strike"],"picked":"Acrobatics","floor":14.0},{"not_picked":["Calculated Gamble","Outmaneuver","Flying Knee"],"picked":"SKIP","floor":14.0},{"not_picked":["Venomology","Doppelganger"],"picked":"Corpse Explosion","floor":16.0},{"not_picked":["Bane","Backflip"],"picked":"Footwork","floor":18.0},{"not_picked":["Prepared+1","Underhanded Strike","Masterful Stab"],"picked":"SKIP","floor":18.0},{"not_picked":["Deadly Poison","Blur"],"picked":"Backflip","floor":20.0},{"not_picked":["Underhanded Strike","Cloak And Dagger","Finisher"],"picked":"SKIP","floor":20.0},{"not_picked":["Prepared","Calculated Gamble"],"picked":"PiercingWail","floor":21},{"not_picked":["Poisoned Stab","Bane","Riddle With Holes"],"picked":"SKIP","floor":21},{"not_picked":["All Out Attack","Finisher"],"picked":"Dash+1","floor":24},{"not_picked":["Cloak And Dagger+1","Flying Knee"],"picked":"Envenom","floor":24},{"not_picked":["Caltrops","Dagger Throw"],"picked":"Wraith Form v2","floor":25},{"not_picked":["Tools of the Trade","Acrobatics","Sucker Punch+1"],"picked":"SKIP","floor":31},{"not_picked":["Phantasmal Killer","Envenom+1"],"picked":"After Image+1","floor":33},{"not_picked":["Quick Slash","Deflect","Caltrops+1"],"picked":"SKIP","floor":35},{"not_picked":["Prepared","Flechettes","Choke+1"],"picked":"SKIP","floor":35},{"not_picked":["Blade Dance+1","Dagger Spray"],"picked":"After Image+1","floor":37},{"not_picked":["Eviscerate","Calculated Gamble"],"picked":"PiercingWail","floor":37},{"not_picked":["Dagger Throw+1","Bane"],"picked":"After Image+1","floor":38},{"not_picked":["Backflip","PiercingWail"],"picked":"Leg Sweep","floor":41},{"not_picked":["Dagger Throw","All Out Attack","Blade Dance+1"],"picked":"SKIP","floor":41},{"not_picked":["Bane","Flying Knee","Prepared"],"picked":"SKIP","floor":47},{"not_picked":["Blade Dance","Deadly Poison","Underhanded Strike"],"picked":"SKIP","floor":47},{"not_picked":["Prepared","Outmaneuver"],"picked":"Noxious Fumes+1","floor":48},{"not_picked":["Underhanded Strike","Dash+1","Distraction"],"picked":"SKIP","floor":48},{"not_picked":["Deadly Poison","Quick Slash+1","Slice+1"],"picked":"SKIP","floor":55}],"player_experience":2453806,"relics_obtained":[{"floor":7.0,"key":"MawBank"},{"floor":9.0,"key":"Regal Pillow"},{"floor":11.0,"key":"Prayer Wheel"},{"floor":13.0,"key":"Bag of Preparation"},{"floor":25,"key":"Snake Skull"},{"floor":26,"key":"Ancient Tea Set"},{"floor":31,"key":"Frozen Egg 2"},{"floor":38,"key":"Ice Cream"},{"floor":55,"key":"Lantern"}],"event_choices":[{"damage_healed":0.0,"max_hp_gain":0.0,"max_hp_loss":0.0,"gold_gain":0.0,"event_name":"Scrap Ooze","player_choice":"Success","floor":3.0,"gold_loss":0.0,"damage_taken":5.0,"relics_obtained":["Bag of Marbles"]},{"cards_removed":["Strike_G"],"damage_healed":0.0,"max_hp_gain":0.0,"max_hp_loss":0.0,"gold_gain":0.0,"event_name":"Golden Wing","player_choice":"Card Removal","floor":10.0,"gold_loss":0.0,"damage_taken":7.0},{"damage_healed":0.0,"max_hp_gain":0.0,"max_hp_loss":0.0,"gold_gain":0.0,"event_name":"N\u0027loth","player_choice":"Traded Relic","floor":19.0,"relics_lost":["MawBank"],"gold_loss":0.0,"damage_taken":0.0,"relics_obtained":["Nloth\u0027s Gift"]},{"damage_healed":0,"gold_gain":0,"cards_transformed":["Strike_G"],"player_choice":"Transformed","damage_taken":0,"max_hp_gain":0,"max_hp_loss":0,"event_name":"Transmorgrifier","floor":22,"gold_loss":0,"cards_obtained":["Malaise"]},{"damage_healed":0,"gold_gain":0,"player_choice":"0 cards matched","damage_taken":0,"max_hp_gain":0,"max_hp_loss":0,"event_name":"Match and Keep!","floor":30,"gold_loss":0,"cards_obtained":[]},{"damage_healed":0,"gold_gain":0,"player_choice":"Fight","damage_taken":0,"max_hp_gain":0,"max_hp_loss":0,"event_name":"Mysterious Sphere","floor":38,"gold_loss":0},{"cards_removed":["Neutralize"],"damage_healed":0,"gold_gain":0,"player_choice":"Removed Attack","damage_taken":0,"max_hp_gain":0,"max_hp_loss":0,"event_name":"Falling","floor":39,"gold_loss":0},{"damage_healed":0,"gold_gain":0,"player_choice":"Memory 1","damage_taken":0,"max_hp_gain":0,"max_hp_loss":0,"event_name":"SensoryStone","floor":42,"gold_loss":0},{"damage_healed":0,"gold_gain":0,"player_choice":"Forge","damage_taken":0,"max_hp_gain":0,"max_hp_loss":0,"event_name":"Accursed Blacksmith","floor":45,"gold_loss":0,"cards_upgraded":["Well Laid Plans"]}],"is_beta":false,"boss_relics":[{"not_picked":["Calling Bell","Philosopher\u0027s Stone"],"picked":"Snecko Eye"},{"not_picked":["Coffee Dripper","Runic Pyramid"],"picked":"Astrolabe"}],"items_purged_floors":[36],"is_endless":false,"potions_floor_spawned":[1,8,13,14,18,21,33,35,41,47],"killed_by":"The Heart","ascension_level":20}