{"gold_per_floor":[111,124,144,155,155,184,184,184,208,277,427,53,86,106,106,177,177,188,200,250,250,270,301,72,97,121,135,147,147,147,177,177,251,251,271,271,110,120,120,120,134,134,184,194,225,110,141,160,160,160,160,160,160,60,89,89],"floor_reached":57,"playtime":6740,"items_purged":["Doubt","Zap"],"score":2910,"play_id":"5be4a3ea-c8e9-4807-b069-0f04eda5cdfc","local_time":"20190209220748","is_ascension_mode":true,"campfire_choices":[{"floor":7.0,"key":"REST"},{"data":"Hologram","floor":15.0,"key":"SMITH"},{"data":"Fission","floor":29.0,"key":"SMITH"},{"floor":32.0,"key":"REST"},{"data":"Defragment","floor":40.0,"key":"SMITH"},{"data":"Coolheaded","floor":42.0,"key":"SMITH"},{"floor":49.0,"key":"RECALL"},{"data":"Defragment","floor":53.0,"key":"SMITH"}],"neow_cost":"NONE","seed_source_timestamp":0,"circlet_count":0,"master_deck":["AscendersBane","Dualcast","Sunder+1","Hyperbeam","Defragment+1","Genetic Algorithm+1","Rip and Tear+1","Double Energy+1","Loop+1","Heatsinks","Hologram+1","Coolheaded","Coolheaded+1","Core Surge","Reinforced Body","Fission+1","Hologram","BootSequence+1","Core Surge","Go for the Eyes+1","Multi-Cast","Defragment+1","Echo Form","Capacitor","Defragment","Stack","Capacitor","Cold Snap"],"special_seed":0,"relics":["Pandora\u0027s Box","Whetstone","DataDisk","Matryoshka","Blood Vial","Boot","Sozu","Prayer Wheel","Sling","Turnip","Bronze Scales","Bag of Preparation","Dream Catcher","Symbiotic Virus","Bottled Lightning","Snecko Eye","Pantograph","PreservedInsect","FaceOfCleric","Dodecahedron","Dead Branch","Sundial"],"potions_floor_usage":[],"damage_taken":[{"damage":13.0,"enemies":"Small Slimes","floor":1.0,"turns":2.0},{"damage":0.0,"enemies":"2 Louse","floor":2.0,"turns":1.0},{"damage":12.0,"enemies":"Jaw Worm","floor":3.0,"turns":4.0},{"damage":0.0,"enemies":"Large Slime","floor":4.0,"turns":4.0},{"damage":0.0,"enemies":"Gremlin Nob","floor":6.0,"turns":2.0},{"damage":12.0,"enemies":"3 Sentries","floor":13.0,"turns":7.0},{"damage":0.0,"enemies":"3 Louse","floor":14.0,"turns":3.0},{"damage":5.0,"enemies":"Hexaghost","floor":16.0,"turns":11.0},{"damage":2.0,"enemies":"Spheric Guardian","floor":18.0,"turns":5.0},{"damage":4.0,"enemies":"3 Byrds","floor":19.0,"turns":3.0},{"damage":1.0,"enemies":"Snake Plant","floor":22.0,"turns":5.0},{"damage":1.0,"enemies":"Book of Stabbing","floor":23.0,"turns":5.0},{"damage":0.0,"enemies":"Gremlin Leader","floor":25.0,"turns":6.0},{"damage":1.0,"enemies":"Centurion and Healer","floor":27.0,"turns":6.0},{"damage":10.0,"enemies":"Snecko","floor":28.0,"turns":3.0},{"damage":9.0,"enemies":"Slavers","floor":31.0,"turns":4.0},{"damage":30.0,"enemies":"Collector","floor":33.0,"turns":15.0},{"damage":0.0,"enemies":"3 Shapes","floor":35.0,"turns":4.0},{"damage":0.0,"enemies":"3 Darklings","floor":38.0,"turns":1.0},{"damage":0.0,"enemies":"4 Shapes","floor":41.0,"turns":2.0},{"damage":0.0,"enemies":"Spire Growth","floor":44.0,"turns":4.0},{"damage":0.0,"enemies":"Reptomancer","floor":45.0,"turns":5.0},{"damage":0.0,"enemies":"Nemesis","floor":47.0,"turns":3.0},{"damage":2.0,"enemies":"Writhing Mass","floor":48.0,"turns":3.0},{"damage":57.0,"enemies":"Awakened One","floor":50.0,"turns":15.0},{"damage":39.0,"enemies":"Time Eater","floor":51.0,"turns":7.0},{"damage":52.0,"enemies":"Shield and Spear","floor":55.0,"turns":4.0},{"damage":29,"enemies":"The Heart","floor":56,"turns":8}],"seed_played":"1632334161527609740","potions_obtained":[{"floor":2.0,"key":"Fire Potion"},{"floor":4.0,"key":"SteroidPotion"},{"floor":16.0,"key":"Swift Potion"}],"is_trial":false,"path_per_floor":["M","M","M","M","?","E","R","?","T","T","?","$","E","M","R","B",null,"M","M","?","?","M","E","$","E","T","M","M","R","T","E","R","B",null,"M","T","$","M","?","R","M","R","T","M","E","$","E","M","R","B","B",null,"R","$","E","B",null],"character_chosen":"DEFECT","items_purchased":["Blood Vial","Core Surge","Block Potion","Sling","PreservedInsect","Capacitor","Cold Snap"],"campfire_rested":2,"item_purchase_floors":[12,12,12,24,37,46,46],"current_hp_per_floor":[51,51,39,39,18,18,39,39,39,39,39,39,29,31,31,28,60,60,58,58,51,52,53,53,55,55,56,48,48,48,41,62,34,62,64,64,64,66,66,66,69,69,69,72,74,74,75,74,74,20,9,61,61,61,12,11],"gold":89,"neow_bonus":"BOSS_RELIC","is_prod":false,"is_daily":false,"chose_seed":false,"campfire_upgraded":5,"win_rate":0,"timestamp":1549746468,"path_taken":["M","M","M","M","?","E","R","?","T","?","?","$","E","M","R","BOSS","M","M","?","?","M","E","$","E","T","?","M","R","?","E","R","BOSS","M","?","$","M","?","R","?","R","T","M","E","$","E","M","R","BOSS","BOSS","R","$","E","BOSS"],"build_version":"2019-01-23","purchased_purges":2,"victory":true,"max_hp_per_floor":[71,71,71,71,71,71,71,71,71,71,71,71,71,71,71,71,71,71,71,71,71,71,71,71,71,71,71,71,71,71,71,71,71,71,71,71,71,71,71,71,72,72,72,73,74,74,75,76,76,77,78,78,78,78,79,80],"card_choices":[{"not_picked":["Leap","Stack"],"picked":"Hologram","floor":1.0},{"not_picked":["Sweeping Beam","Redo"],"picked":"Coolheaded","floor":2.0},{"not_picked":["Blizzard","Barrage","Gash"],"picked":"SKIP","floor":3.0},{"not_picked":["Gash","Hello World","Thunder Strike"],"picked":"SKIP","floor":4.0},{"not_picked":["Sweeping Beam","Gash"],"picked":"Coolheaded","floor":6.0},{"not_picked":["Steam","Heatsinks","Turbo"],"picked":"SKIP","floor":13.0},{"not_picked":["Auto Shields","Streamline"],"picked":"Reinforced Body","floor":14.0},{"not_picked":["Hyperbeam","Machine Learning"],"picked":"Fission","floor":16.0},{"not_picked":["Cold Snap","Redo"],"picked":"Hologram","floor":18.0},{"not_picked":["Stack","Conserve Battery"],"picked":"BootSequence+1","floor":19.0},{"not_picked":["Leap","Rainbow","Gash"],"picked":"SKIP","floor":22.0},{"not_picked":["Skim","Double Energy"],"picked":"Core Surge","floor":23.0},{"not_picked":["Compile Driver","Turbo+1","Redo"],"picked":"SKIP","floor":25.0},{"not_picked":["Streamline","Skim"],"picked":"Go for the Eyes+1","floor":27.0},{"not_picked":["FTL+1","Compile Driver","Sweeping Beam"],"picked":"SKIP","floor":27.0},{"not_picked":["Redo","Genetic Algorithm"],"picked":"Multi-Cast","floor":28.0},{"not_picked":["Tempest","Beam Cell+1","Hologram"],"picked":"SKIP","floor":28.0},{"not_picked":["Blizzard","Gash","Rip and Tear+1"],"picked":"SKIP","floor":31.0},{"not_picked":["Hologram","Static Discharge"],"picked":"Defragment","floor":32.0},{"not_picked":["Rainbow","Creative AI"],"picked":"Echo Form","floor":33.0},{"not_picked":["Rip and Tear","Hello World","Chill"],"picked":"SKIP","floor":35.0},{"not_picked":["Darkness","Gash+1","Barrage"],"picked":"SKIP","floor":35.0},{"not_picked":["Steam","Static Discharge+1"],"picked":"Capacitor","floor":38.0},{"not_picked":["Beam Cell+1","Rebound+1","Go for the Eyes"],"picked":"SKIP","floor":38.0},{"not_picked":["White Noise","Turbo+1","Redo"],"picked":"SKIP","floor":41.0},{"not_picked":["Rebound","Redo","Streamline+1"],"picked":"SKIP","floor":41.0},{"not_picked":["Leap+1","Steam"],"picked":"Defragment","floor":44.0},{"not_picked":["Turbo","Leap+1"],"picked":"Stack","floor":44.0},{"not_picked":["Auto Shields","Turbo","Melter"],"picked":"SKIP","floor":45.0},{"not_picked":["Rainbow","Beam Cell","Reprogram"],"picked":"SKIP","floor":47.0},{"not_picked":["Cold Snap","Sunder+1","Compile Driver"],"picked":"SKIP","floor":48.0},{"not_picked":["Leap","Aggregate+1","Sunder"],"picked":"SKIP","floor":48.0},{"not_picked":["Lockon","Sweeping Beam","Stack"],"picked":"SKIP","floor":55.0}],"player_experience":1636511,"relics_obtained":[{"floor":6.0,"key":"Whetstone"},{"floor":9.0,"key":"DataDisk"},{"floor":10.0,"key":"Matryoshka"},{"floor":13.0,"key":"Boot"},{"floor":23.0,"key":"Prayer Wheel"},{"floor":25.0,"key":"Turnip"},{"floor":26.0,"key":"Bronze Scales"},{"floor":26.0,"key":"Bag of Preparation"},{"floor":30.0,"key":"Dream Catcher"},{"floor":30.0,"key":"Symbiotic Virus"},{"floor":31.0,"key":"Bottled Lightning"},{"floor":36.0,"key":"Pantograph"},{"floor":45.0,"key":"Dodecahedron"},{"floor":47.0,"key":"Dead Branch"},{"floor":55.0,"key":"Sundial"}],"event_choices":[{"damage_healed":0.0,"max_hp_gain":0.0,"max_hp_loss":0.0,"gold_gain":0.0,"event_name":"Shining Light","player_choice":"Entered Light","floor":5.0,"gold_loss":0.0,"damage_taken":21.0,"cards_upgraded":["Genetic Algorithm","Loop"]},{"damage_healed":0.0,"max_hp_gain":0.0,"max_hp_loss":0.0,"gold_gain":0.0,"event_name":"Living Wall","player_choice":"Grow","floor":8.0,"gold_loss":0.0,"damage_taken":0.0,"cards_upgraded":["Double Energy"]},{"damage_healed":0.0,"max_hp_gain":0.0,"max_hp_loss":0.0,"gold_gain":150.0,"event_name":"Liars Game","player_choice":"AGREE","floor":11.0,"gold_loss":0.0,"damage_taken":0.0,"cards_obtained":["Doubt"]},{"damage_healed":0.0,"max_hp_gain":0.0,"max_hp_loss":0.0,"gold_gain":50.0,"event_name":"Nest","player_choice":"Stole From Cult","floor":20.0,"gold_loss":0.0,"damage_taken":0.0},{"damage_healed":0.0,"max_hp_gain":0.0,"max_hp_loss":0.0,"gold_gain":0.0,"event_name":"Knowing Skull","player_choice":"","floor":21.0,"potions_obtained":[],"gold_loss":0.0,"damage_taken":7.0,"cards_obtained":[]},{"damage_healed":0.0,"max_hp_gain":0.0,"max_hp_loss":0.0,"gold_gain":0.0,"event_name":"FaceTrader","player_choice":"Trade","floor":39.0,"gold_loss":0.0,"damage_taken":0.0,"relics_obtained":["FaceOfCleric"]}],"is_beta":false,"boss_relics":[{"not_picked":["Eternal Feather","Fusion Hammer"],"picked":"Sozu"},{"not_picked":["Calling Bell","Coffee Dripper"],"picked":"Snecko Eye"}],"items_purged_floors":[12,54],"is_endless":false,"potions_floor_spawned":[2,4,16,19,27,28,31,35,44,45,55],"ascension_level":20}