{"gold_per_floor":[117,130,150,168,179,214,232,232,306,324,324,324,7,7,7,100,100,115,98,118,118,18,18,18],"floor_reached":24,"playtime":2019,"items_purged":["Strike_G","Bite"],"score":425,"play_id":"c494e861-ffa2-4c73-ac86-3aecca728660","local_time":"20190212224140","is_ascension_mode":true,"campfire_choices":[{"floor":8,"key":"REST"},{"floor":15,"key":"REST"},{"floor":23,"key":"REST"}],"neow_cost":"NONE","seed_source_timestamp":1648317071715233,"circlet_count":0,"master_deck":["AscendersBane","Defend_G","Defend_G","Defend_G+1","Defend_G","Defend_G+1","Survivor","Neutralize+1","Flying Knee","Dagger Throw","Phantasmal Killer","Distraction+1","Quick Slash","Noxious Fumes","Night Terror","Noxious Fumes","Venomology","Backstab","Bite","Bite","Bite","Bite"],"relics":["Ring of the Snake","Turnip","Question Card","Golden Idol","War Paint","Calipers","Cursed Key"],"potions_floor_usage":[6,6,7,10,19,19,20,24,24],"damage_taken":[{"damage":0,"enemies":"2 Louse","floor":1,"turns":3},{"damage":0,"enemies":"Jaw Worm","floor":2,"turns":4},{"damage":0,"enemies":"Small Slimes","floor":3,"turns":3},{"damage":23,"enemies":"Gremlin Gang","floor":4,"turns":6},{"damage":12,"enemies":"Exordium Wildlife","floor":5,"turns":5},{"damage":20,"enemies":"3 Sentries","floor":6,"turns":6},{"damage":1,"enemies":"Looter","floor":7,"turns":3},{"damage":11,"enemies":"2 Fungi Beasts","floor":10,"turns":6},{"damage":15,"enemies":"Slime Boss","floor":16,"turns":9},{"damage":19,"enemies":"Spheric Guardian","floor":18,"turns":7},{"damage":14,"enemies":"2 Thieves","floor":19,"turns":4},{"damage":20,"enemies":"Centurion and Healer","floor":20,"turns":5},{"damage":56,"enemies":"Cultist and Chosen","floor":24,"turns":5}],"seed_played":"-7673943187075136807","potions_obtained":[{"floor":2,"key":"LiquidBronze"},{"floor":5,"key":"Regen Potion"},{"floor":6,"key":"Energy Potion"},{"floor":7,"key":"SkillPotion"},{"floor":16,"key":"Regen Potion"},{"floor":20,"key":"Explosive Potion"}],"is_trial":false,"path_per_floor":["M","M","M","M","M","E","M","R","T","M","?","?","$","?","R","B",null,"M","M","M","?","$","R","M"],"character_chosen":"THE_SILENT","items_purchased":["Noxious Fumes","War Paint"],"campfire_rested":3,"item_purchase_floors":[13,13],"current_hp_per_floor":[59,59,59,36,24,19,18,37,37,26,6,6,6,6,24,9,47,28,28,8,8,8,20,0],"gold":18,"neow_bonus":"UPGRADE_CARD","is_prod":false,"is_daily":false,"chose_seed":false,"campfire_upgraded":0,"win_rate":0,"timestamp":1550007700,"path_taken":["M","M","M","M","M","E","M","R","T","M","?","?","?","?","R","BOSS","M","M","?","?","$","R","M"],"build_version":"2019-01-23","purchased_purges":2,"victory":false,"max_hp_per_floor":[66,66,66,66,66,66,66,66,66,66,66,60,60,60,60,60,60,60,60,60,42,42,42,42],"card_choices":[{"not_picked":["Dodge and Roll","PiercingWail"],"picked":"Flying Knee","floor":1},{"not_picked":["Sucker Punch","Backflip"],"picked":"Dagger Throw","floor":2},{"not_picked":["Backflip","Outmaneuver"],"picked":"Phantasmal Killer","floor":3},{"not_picked":["PiercingWail","Dagger Throw"],"picked":"Distraction","floor":4},{"not_picked":["Prepared","Slice"],"picked":"Quick Slash","floor":5},{"not_picked":["Dagger Spray","Endless Agony"],"picked":"Blur","floor":6},{"not_picked":["Acrobatics","Sucker Punch"],"picked":"Noxious Fumes","floor":7},{"not_picked":["Deflect","Flying Knee","Blade Dance"],"picked":"Night Terror","floor":10},{"not_picked":["Bullet Time","Storm of Steel","Envenom"],"picked":"Venomology","floor":16},{"not_picked":["Flying Knee","Bouncing Flask","Riddle With Holes"],"picked":"Backstab","floor":18},{"not_picked":["Poisoned Stab","Prepared","Endless Agony","Slice"],"picked":"SKIP","floor":19},{"not_picked":["Expertise","All Out Attack","Flechettes","Riddle With Holes"],"picked":"SKIP","floor":20}],"player_experience":1673932,"relics_obtained":[{"floor":6,"key":"Turnip"},{"floor":9,"key":"Question Card"}],"event_choices":[{"damage_healed":0,"gold_gain":0,"player_choice":"Entered Light","damage_taken":20,"max_hp_gain":0,"max_hp_loss":0,"event_name":"Shining Light","floor":11,"gold_loss":0,"cards_upgraded":["Strike_G","Defend_G"]},{"damage_healed":0,"gold_gain":0,"player_choice":"Lose Max HP","damage_taken":0,"relics_obtained":["Golden Idol"],"max_hp_gain":0,"max_hp_loss":6,"event_name":"Golden Idol","floor":12,"gold_loss":0},{"cards_removed":["Blur"],"damage_healed":0,"gold_gain":0,"player_choice":"Gave Card","damage_taken":0,"relics_obtained":["Calipers"],"max_hp_gain":0,"max_hp_loss":0,"event_name":"WeMeetAgain","floor":14,"gold_loss":0},{"damage_healed":0,"gold_gain":0,"player_choice":"Became a vampire","damage_taken":0,"max_hp_gain":0,"max_hp_loss":18,"event_name":"Vampires","floor":21,"gold_loss":0,"cards_obtained":["Bite","Bite","Bite","Bite","Bite"]}],"is_beta":false,"boss_relics":[{"not_picked":["Tiny House","Coffee Dripper"],"picked":"Cursed Key"}],"items_purged_floors":[13,22],"is_endless":false,"potions_floor_spawned":[2,5,6,7,16,20],"killed_by":"Cultist and Chosen","ascension_level":20}