{"gold_per_floor":[109,109,39,63,213,251,270,270,293,293,336,336,372,393,393,483,483,498,214,214,214,214,214],"floor_reached":23,"playtime":4333,"items_purged":["Strike_B"],"score":460,"play_id":"23fb5e95-01ad-4ee0-8da8-77906d34de8a","local_time":"20190120194638","is_ascension_mode":true,"campfire_choices":[{"floor":8,"key":"REST"},{"data":"Zap","floor":10,"key":"SMITH"},{"floor":12,"key":"REST"},{"data":"Coolheaded","floor":15,"key":"SMITH"}],"neow_cost":"NONE","seed_source_timestamp":153175853859084,"circlet_count":0,"master_deck":["AscendersBane","Strike_B","Strike_B","Strike_B","Defend_B","Defend_B","Defend_B","Defend_B","Zap+1","Dualcast","Coolheaded+1","Steam","Streamline","Reboot","Go for the Eyes","Rip and Tear","Fission","Ball Lightning","Leap","HandOfGreed","Buffer"],"relics":["Cracked Core","NeowsBlessing","Golden Idol","Juzu Bracelet","Pantograph","Bag of Preparation","Orichalcum","Boot","Inserter"],"potions_floor_usage":[13,13],"damage_taken":[{"damage":0,"enemies":"2 Louse","floor":1,"turns":1},{"damage":0,"enemies":"Small Slimes","floor":4,"turns":1},{"damage":0,"enemies":"3 Sentries","floor":6,"turns":1},{"damage":1,"enemies":"Cultist","floor":7,"turns":4},{"damage":20,"enemies":"Lagavulin","floor":11,"turns":5},{"damage":13,"enemies":"3 Sentries","floor":13,"turns":8},{"damage":4,"enemies":"Blue Slaver","floor":14,"turns":3},{"damage":62,"enemies":"Slime Boss","floor":16,"turns":13},{"damage":17,"enemies":"Spheric Guardian","floor":18,"turns":4},{"damage":54,"enemies":"Book of Stabbing","floor":23,"turns":5}],"seed_played":"-3604571388332897151","potions_obtained":[{"floor":1,"key":"Explosive Potion"},{"floor":7,"key":"AttackPotion"},{"floor":13,"key":"Ancient Potion"}],"is_trial":false,"path_per_floor":["M","?","?","M","?","E","M","R","T","R","E","R","E","M","R","B",null,"M","$","?","?","?","E"],"character_chosen":"DEFECT","items_purchased":["Leap","HandOfGreed"],"campfire_rested":2,"item_purchase_floors":[19,19],"current_hp_per_floor":[64,40,40,40,40,40,39,60,60,60,40,61,48,44,44,7,55,38,38,52,52,52,0],"gold":214,"neow_bonus":"THREE_ENEMY_KILL","is_prod":false,"is_daily":false,"chose_seed":false,"campfire_upgraded":2,"win_rate":0,"timestamp":1548009998,"path_taken":["M","?","?","M","?","E","M","R","T","R","E","R","E","M","R","BOSS","M","$","?","?","?","E"],"build_version":"2019-01-17v2","purchased_purges":1,"victory":false,"max_hp_per_floor":[71,71,71,71,71,71,71,71,71,71,71,71,71,71,71,71,71,71,71,71,71,71,71],"card_choices":[{"not_picked":["Steam","Chaos"],"picked":"Coolheaded","floor":1},{"not_picked":["Double Energy","Consume"],"picked":"Steam","floor":4},{"not_picked":["Sweeping Beam","Rebound"],"picked":"Streamline","floor":6},{"not_picked":["Stack","Barrage"],"picked":"Reboot","floor":7},{"not_picked":["Sunder","Aggregate"],"picked":"Go for the Eyes","floor":11},{"not_picked":["Sweeping Beam","Streamline","Heatsinks"],"picked":"SKIP","floor":13},{"not_picked":["Redo","Stack"],"picked":"Rip and Tear","floor":14},{"not_picked":["Reboot","Thunder Strike"],"picked":"Fission","floor":16},{"not_picked":["Stack","Sweeping Beam"],"picked":"Ball Lightning","floor":18}],"player_experience":1563626,"relics_obtained":[{"floor":6,"key":"Pantograph"},{"floor":9,"key":"Bag of Preparation"},{"floor":11,"key":"Orichalcum"},{"floor":13,"key":"Boot"}],"event_choices":[{"damage_healed":0,"gold_gain":0,"player_choice":"Take Damage","damage_taken":24,"relics_obtained":["Golden Idol"],"max_hp_gain":0,"max_hp_loss":0,"event_name":"Golden Idol","floor":2,"gold_loss":0},{"damage_healed":0,"gold_gain":0,"player_choice":"Paid Gold","damage_taken":0,"relics_obtained":["Juzu Bracelet"],"max_hp_gain":0,"max_hp_loss":0,"event_name":"WeMeetAgain","floor":3,"gold_loss":70},{"damage_healed":0,"gold_gain":150,"player_choice":"AGREE","damage_taken":0,"max_hp_gain":0,"max_hp_loss":0,"event_name":"Liars Game","floor":5,"gold_loss":0,"cards_obtained":["Doubt"]},{"damage_healed":14,"gold_gain":0,"player_choice":"Heal","damage_taken":0,"max_hp_gain":0,"max_hp_loss":0,"event_name":"The Library","floor":20,"gold_loss":0},{"damage_healed":0,"gold_gain":0,"player_choice":"1 cards matched","damage_taken":0,"max_hp_gain":0,"max_hp_loss":0,"event_name":"Match and Keep!","floor":21,"gold_loss":0,"cards_obtained":["Buffer"]},{"cards_removed":["Doubt"],"damage_healed":0,"gold_gain":0,"player_choice":"Removed Curses","damage_taken":0,"max_hp_gain":0,"max_hp_loss":0,"event_name":"Fountain of Cleansing","floor":22,"gold_loss":0}],"is_beta":false,"boss_relics":[{"not_picked":["Empty Cage","FrozenCore"],"picked":"Inserter"}],"items_purged_floors":[19],"is_endless":false,"potions_floor_spawned":[1,7,11,13],"killed_by":"Book of Stabbing","ascension_level":20}