{"gold_per_floor":[99,3,3,3,3,3,3,3,3,3,3,3,3,3,3,3,3,0,0,0,0,0,0,0,0,0,0,0,0],"floor_reached":29,"playtime":878,"items_purged":[],"score":526,"play_id":"b937e5ef-2585-4061-a33d-548c5640abaa","local_time":"20190412235726","is_ascension_mode":true,"campfire_choices":[{"data":"Rainbow","floor":6.0,"key":"SMITH"},{"floor":8.0,"key":"REST"},{"floor":13.0,"key":"REST"},{"floor":15.0,"key":"REST"},{"floor":23.0,"key":"REST"}],"neow_cost":"NONE","seed_source_timestamp":269145493393337,"circlet_count":0,"master_deck":["AscendersBane","Strike_B","Strike_B","Strike_B","Strike_B+1","Defend_B","Defend_B+1","Defend_B","Defend_B","Zap+1","Dualcast","Loop+1","Ball Lightning","Rainbow+1","Cold Snap","Echo Form","Coolheaded","Defragment","Ball Lightning","Capacitor","Tempest"],"special_seed":0,"relics":["Ectoplasm","Bloody Idol","Kunai","Tiny House","The Courier"],"potions_floor_usage":[29,29],"damage_taken":[{"damage":0.0,"enemies":"Small Slimes","floor":1.0,"turns":2.0},{"damage":4.0,"enemies":"Jaw Worm","floor":3.0,"turns":3.0},{"damage":0.0,"enemies":"Cultist","floor":4.0,"turns":3.0},{"damage":13.0,"enemies":"Blue Slaver","floor":12.0,"turns":3.0},{"damage":18.0,"enemies":"Exordium Thugs","floor":14.0,"turns":4.0},{"damage":0.0,"enemies":"Slime Boss","floor":16.0,"turns":7.0},{"damage":31.0,"enemies":"2 Thieves","floor":18.0,"turns":4.0},{"damage":20.0,"enemies":"3 Byrds","floor":19.0,"turns":5.0},{"damage":22.0,"enemies":"Sentry and Sphere","floor":21.0,"turns":7.0},{"damage":31,"enemies":"Snake Plant","floor":28,"turns":4},{"damage":24,"enemies":"Slavers","floor":29,"turns":1}],"seed_played":"-6532062759631836493","potions_obtained":[{"floor":4.0,"key":"Fire Potion"},{"floor":17.0,"key":"Weak Potion"},{"floor":18.0,"key":"Regen Potion"},{"floor":19.0,"key":"Dexterity Potion"},{"floor":21.0,"key":"Ancient Potion"}],"is_trial":false,"path_per_floor":["M","$","M","M","?","R","?","R","T","$","?","M","R","M","R","B",null,"M","M","?","M","T","R","?","$","T","?","M","E"],"character_chosen":"DEFECT","items_purchased":["Loop","PowerPotion"],"campfire_rested":4,"item_purchase_floors":[2,2],"current_hp_per_floor":[64,64,60,60,36,36,15,36,36,36,36,23,44,26,47,47,70,39,33,33,11,11,33,33,33,33,48,17,0],"gold":0,"neow_bonus":"BOSS_RELIC","is_prod":false,"is_daily":false,"chose_seed":false,"campfire_upgraded":1,"win_rate":0,"timestamp":1555106246,"path_taken":["M","$","M","M","?","R","?","R","T","?","?","M","R","?","R","BOSS","M","M","?","M","?","R","?","$","T","?","M","E"],"build_version":"2019-01-23","purchased_purges":0,"victory":false,"max_hp_per_floor":[71,71,71,71,71,71,71,71,71,71,71,71,71,71,71,71,76,76,76,76,76,76,76,76,76,76,76,76,76],"card_choices":[{"not_picked":["Leap","Barrage","Hologram"],"picked":"SKIP","floor":1.0},{"not_picked":["Auto Shields","Hologram"],"picked":"Ball Lightning","floor":3.0},{"not_picked":["Tempest","Self Repair"],"picked":"Rainbow","floor":4.0},{"not_picked":["Leap","Beam Cell"],"picked":"Cold Snap","floor":12.0},{"not_picked":["Rebound","Consume","Go for the Eyes"],"picked":"SKIP","floor":14.0},{"not_picked":["Rainbow","Meteor Strike"],"picked":"Echo Form","floor":16.0},{"not_picked":["Sweeping Beam","Go for the Eyes"],"picked":"Coolheaded","floor":17.0},{"not_picked":["Aggregate","Stack"],"picked":"Defragment","floor":18.0},{"not_picked":["Heatsinks","Multi-Cast"],"picked":"Ball Lightning","floor":19.0},{"not_picked":["White Noise","Stack"],"picked":"Capacitor","floor":21.0},{"not_picked":["Leap","Turbo"],"picked":"Tempest","floor":28}],"player_experience":2481797,"relics_obtained":[{"floor":9.0,"key":"Kunai"},{"floor":26,"key":"The Courier"}],"event_choices":[{"damage_healed":0.0,"max_hp_gain":0.0,"max_hp_loss":0.0,"gold_gain":0.0,"event_name":"Golden Idol","player_choice":"Take Damage","floor":5.0,"gold_loss":0.0,"damage_taken":24.0,"relics_obtained":["Golden Idol"]},{"damage_healed":0.0,"max_hp_gain":0.0,"max_hp_loss":0.0,"gold_gain":0.0,"event_name":"Shining Light","player_choice":"Entered Light","floor":7.0,"gold_loss":0.0,"damage_taken":21.0,"cards_upgraded":["Strike_B","Zap"]},{"damage_healed":0.0,"max_hp_gain":0.0,"max_hp_loss":0.0,"gold_gain":0.0,"event_name":"Accursed Blacksmith","player_choice":"Forge","floor":11.0,"gold_loss":0.0,"damage_taken":0.0,"cards_upgraded":["Loop"]},{"damage_healed":0,"gold_gain":0,"player_choice":"Gave Idol","damage_taken":0,"relics_obtained":["Bloody Idol"],"max_hp_gain":0,"max_hp_loss":0,"event_name":"Forgotten Altar","floor":24,"relics_lost":["Golden Idol"],"gold_loss":0},{"damage_healed":15,"gold_gain":0,"player_choice":"Heal","damage_taken":0,"max_hp_gain":0,"max_hp_loss":0,"event_name":"The Library","floor":27,"gold_loss":0}],"is_beta":false,"boss_relics":[{"not_picked":["Nuclear Battery","Black Star"],"picked":"Tiny House"}],"items_purged_floors":[],"is_endless":false,"potions_floor_spawned":[4,18,19,21,28],"killed_by":"Slavers","ascension_level":20}