{"gold_per_floor":[109,109,20,170,193,228,228,266,293,309,309,334,334,334],"floor_reached":14,"playtime":586,"items_purged":[],"score":196,"play_id":"1c2134db-ef21-4110-9e15-9e6d709ddbc4","local_time":"20190317164340","is_ascension_mode":true,"campfire_choices":[{"floor":7,"key":"REST"}],"neow_cost":"NONE","seed_source_timestamp":160656994799528,"circlet_count":0,"master_deck":["AscendersBane","Defend_G","Defend_G","Defend_G","Defend_G","Defend_G","Strike_G","Strike_G","Strike_G","Strike_G","Strike_G","Survivor","Neutralize+1","Terror","Predator","Sucker Punch","Noxious Fumes","Dagger Spray","Dodge and Roll"],"relics":["Ring of the Snake","Omamori","Golden Idol","Pen Nib","Calipers","Boot"],"potions_floor_usage":[8],"damage_taken":[{"damage":6,"enemies":"Small Slimes","floor":1,"turns":6},{"damage":1,"enemies":"2 Louse","floor":5,"turns":3},{"damage":24,"enemies":"Gremlin Nob","floor":6,"turns":4},{"damage":22,"enemies":"Lagavulin","floor":8,"turns":7},{"damage":4,"enemies":"Cultist","floor":10,"turns":3},{"damage":2,"enemies":"Red Slaver","floor":12,"turns":2},{"damage":11,"enemies":"3 Louse","floor":14,"turns":1}],"seed_played":"-2584462598876464850","potions_obtained":[{"floor":6,"key":"SkillPotion"}],"is_trial":false,"path_per_floor":["M","?","$","?","M","E","R","E","T","M","?","M","?","M"],"character_chosen":"THE_SILENT","items_purchased":["Predator"],"campfire_rested":1,"item_purchase_floors":[3],"current_hp_per_floor":[53,53,53,53,52,28,47,25,25,21,21,19,10,0],"gold":334,"neow_bonus":"RANDOM_COMMON_RELIC","is_prod":false,"is_daily":false,"chose_seed":false,"campfire_upgraded":0,"win_rate":0,"timestamp":1552837420,"path_taken":["M","?","$","?","M","E","R","E","T","M","?","M","?","?"],"build_version":"2019-01-23","purchased_purges":0,"victory":false,"max_hp_per_floor":[66,66,66,66,66,66,66,66,66,66,66,66,66,66],"card_choices":[{"not_picked":["Deadly Poison","Choke"],"picked":"Terror","floor":1},{"not_picked":["Outmaneuver","Blade Dance"],"picked":"Sucker Punch","floor":5},{"not_picked":["Backflip","Slice"],"picked":"Noxious Fumes","floor":6},{"not_picked":["Finisher","Dagger Throw"],"picked":"Dagger Spray","floor":8},{"not_picked":["Outmaneuver","Heel Hook"],"picked":"Dodge and Roll","floor":10},{"not_picked":["Riddle With Holes","Dagger Spray","Reflex"],"picked":"SKIP","floor":12}],"player_experience":2080625,"relics_obtained":[{"floor":6,"key":"Pen Nib"},{"floor":8,"key":"Calipers"},{"floor":9,"key":"Boot"}],"event_choices":[{"damage_healed":0,"gold_gain":0,"player_choice":"Take Wound","damage_taken":0,"relics_obtained":["Golden Idol"],"max_hp_gain":0,"max_hp_loss":0,"event_name":"Golden Idol","floor":2,"gold_loss":0,"cards_obtained":["Injury"]},{"damage_healed":0,"gold_gain":150,"player_choice":"AGREE","damage_taken":0,"max_hp_gain":0,"max_hp_loss":0,"event_name":"Liars Game","floor":4,"gold_loss":0,"cards_obtained":["Doubt"]},{"damage_healed":0,"gold_gain":0,"player_choice":"Grow","damage_taken":0,"max_hp_gain":0,"max_hp_loss":0,"event_name":"Living Wall","floor":11,"gold_loss":0,"cards_upgraded":["Neutralize"]},{"damage_healed":0,"gold_gain":0,"player_choice":"Damaged","damage_taken":9,"max_hp_gain":0,"max_hp_loss":0,"event_name":"Wheel of Change","floor":13,"gold_loss":0}],"is_beta":false,"boss_relics":[],"items_purged_floors":[],"is_endless":false,"potions_floor_spawned":[6],"killed_by":"3 Louse","ascension_level":20}