{"gold_per_floor":[109,109,128,128,11,11,43,43,70,82,129,159,171,183,195,281,293,316,343,355,387,399,436,448,480,570,289,317,317,344,364,364,364],"floor_reached":33,"playtime":2503,"items_purged":["Strike_B"],"score":722,"play_id":"8eaf119c-bd0a-4965-bfd8-5339022c3a3e","local_time":"20190320201457","is_ascension_mode":true,"campfire_choices":[{"data":"Loop","floor":6.0,"key":"SMITH"},{"data":"Coolheaded","floor":8.0,"key":"SMITH"},{"floor":10.0,"key":"REST"},{"data":"Sunder","floor":13.0,"key":"SMITH"},{"data":"Dualcast","floor":15.0,"key":"SMITH"},{"data":"Defragment","floor":24,"key":"SMITH"},{"data":"Beam Cell","floor":29,"key":"SMITH"},{"data":"Go for the Eyes","floor":32,"key":"SMITH"}],"neow_cost":"NONE","seed_source_timestamp":0,"circlet_count":0,"master_deck":["AscendersBane","Strike_B+1","Strike_B","Strike_B+1","Defend_B","Defend_B","Defend_B","Defend_B","Zap+1","Dualcast+1","BootSequence","Go for the Eyes+1","Chill","Loop+1","Coolheaded+1","Sunder+1","BootSequence","Core Surge","Beam Cell+1","Defragment+1","Hologram+1","Fission+1"],"special_seed":0,"relics":["Runic Pyramid","Gambling Chip","Bronze Scales","MawBank","Nuclear Battery","Nloth\u0027s Gift","PreservedInsect","Gremlin Horn","Lee\u0027s Waffle","Toxic Egg 2","Whetstone"],"potions_floor_usage":[28],"damage_taken":[{"damage":3.0,"enemies":"2 Louse","floor":1.0,"turns":3.0},{"damage":0.0,"enemies":"Jaw Worm","floor":3.0,"turns":3.0},{"damage":22.0,"enemies":"Gremlin Nob","floor":7.0,"turns":4.0},{"damage":0.0,"enemies":"3 Sentries","floor":11.0,"turns":8.0},{"damage":0.0,"enemies":"Small Slimes","floor":12.0,"turns":4.0},{"damage":23.0,"enemies":"Hexaghost","floor":16.0,"turns":11.0},{"damage":1.0,"enemies":"3 Byrds","floor":18.0,"turns":4.0},{"damage":0.0,"enemies":"Chosen","floor":19.0,"turns":3.0},{"damage":0,"enemies":"Centurion and Healer","floor":21,"turns":6},{"damage":17,"enemies":"Gremlin Leader","floor":23,"turns":8},{"damage":4,"enemies":"Sentry and Sphere","floor":25,"turns":5},{"damage":0,"enemies":"Slavers","floor":28,"turns":6},{"damage":13,"enemies":"Gremlin Leader","floor":30,"turns":4},{"damage":0,"enemies":"3 Cultists","floor":31,"turns":5},{"damage":65,"enemies":"Champ","floor":33,"turns":12}],"seed_played":"3374994103864292419","potions_obtained":[{"floor":7.0,"key":"SpeedPotion"},{"floor":11.0,"key":"Weak Potion"},{"floor":16.0,"key":"Ancient Potion"}],"is_trial":false,"path_per_floor":["M","?","M","?","$","R","E","R","T","R","E","M","R","$","R","B",null,"M","M","?","M","?","E","R","M","T","$","E","R","E","M","R","B"],"character_chosen":"DEFECT","items_purchased":["Chill","Loop","Lee\u0027s Waffle"],"campfire_rested":1,"item_purchase_floors":[5,5,27],"current_hp_per_floor":[61,56,56,56,56,56,34,34,34,55,55,55,55,55,55,32,61,60,60,60,60,60,43,43,39,39,78,78,78,65,65,65,0],"gold":364,"neow_bonus":"BOSS_RELIC","is_prod":false,"is_daily":false,"chose_seed":false,"campfire_upgraded":7,"win_rate":0,"timestamp":1553109297,"path_taken":["M","?","M","?","$","R","E","R","T","R","E","M","R","?","R","BOSS","M","M","?","?","?","E","R","M","T","?","E","R","E","M","R","BOSS"],"build_version":"2019-01-23","purchased_purges":1,"victory":false,"max_hp_per_floor":[71,71,71,71,71,71,71,71,71,71,71,71,71,71,71,71,71,71,71,71,71,71,71,71,71,71,78,78,78,78,78,78,78],"card_choices":[{"not_picked":["Redo","Gash"],"picked":"BootSequence","floor":1.0},{"not_picked":["Stack","Sweeping Beam"],"picked":"Go for the Eyes","floor":3.0},{"not_picked":["Chill","Redo"],"picked":"Coolheaded","floor":7.0},{"not_picked":["Rainbow","Coolheaded"],"picked":"Sunder","floor":11.0},{"not_picked":["Compile Driver","Leap"],"picked":"BootSequence","floor":12.0},{"not_picked":["Fission","Hyperbeam"],"picked":"Core Surge","floor":16.0},{"not_picked":["Turbo","Stack"],"picked":"Beam Cell","floor":18.0},{"not_picked":["Steam","Conserve Battery"],"picked":"Defragment","floor":19.0},{"not_picked":["Go for the Eyes","Leap","Cold Snap"],"picked":"SKIP","floor":21},{"not_picked":["Sweeping Beam","Rip and Tear","Rainbow"],"picked":"SKIP","floor":23},{"not_picked":["Barrage","Beam Cell"],"picked":"Hologram+1","floor":25},{"not_picked":["Streamline","Redo","Genetic Algorithm"],"picked":"SKIP","floor":28},{"not_picked":["Rebound","Streamline"],"picked":"Fission+1","floor":30},{"not_picked":["Go for the Eyes+1","Hologram+1","Cold Snap"],"picked":"SKIP","floor":31}],"player_experience":2150978,"relics_obtained":[{"floor":7.0,"key":"Bronze Scales"},{"floor":9.0,"key":"MawBank"},{"floor":11.0,"key":"Kunai"},{"floor":23,"key":"PreservedInsect"},{"floor":26,"key":"Gremlin Horn"},{"floor":28,"key":"Toxic Egg 2"},{"floor":30,"key":"Whetstone"}],"event_choices":[{"damage_healed":0.0,"max_hp_gain":0.0,"max_hp_loss":0.0,"gold_gain":0.0,"event_name":"Scrap Ooze","player_choice":"Success","floor":2.0,"gold_loss":0.0,"damage_taken":5.0,"relics_obtained":["Gambling Chip"]},{"damage_healed":0.0,"max_hp_gain":0.0,"max_hp_loss":0.0,"gold_gain":0.0,"event_name":"Living Wall","player_choice":"Grow","floor":4.0,"gold_loss":0.0,"damage_taken":0.0,"cards_upgraded":["Zap"]},{"damage_healed":0.0,"max_hp_gain":0.0,"max_hp_loss":0.0,"gold_gain":0.0,"event_name":"N\u0027loth","player_choice":"Traded Relic","floor":20.0,"relics_lost":["Kunai"],"gold_loss":0.0,"damage_taken":0.0,"relics_obtained":["Nloth\u0027s Gift"]},{"damage_healed":0,"gold_gain":0,"player_choice":"Ignored","damage_taken":0,"max_hp_gain":0,"max_hp_loss":0,"event_name":"Vampires","floor":22,"gold_loss":0}],"is_beta":false,"boss_relics":[{"not_picked":["Ectoplasm","Coffee Dripper"],"picked":"Nuclear Battery"}],"items_purged_floors":[27],"is_endless":false,"potions_floor_spawned":[7,11,12,16,18,21,25],"killed_by":"Champ","ascension_level":20}