{"gold_per_floor":[112,124,124,47,59,94,94,126,126,137,137,137,102,131,131,208,208,221,271,271,288,178,210,31,57,84,102,102,115,115,125,125,203,203,217,235,246,157,174,174,203,203,227,227,227],"floor_reached":45,"playtime":2622,"items_purged":["Strike_B"],"score":1152,"play_id":"01cd2d05-9263-495b-8a4a-9f9b4aa63253","local_time":"20190226221824","is_ascension_mode":true,"campfire_choices":[{"data":"Zap","floor":7.0,"key":"SMITH"},{"floor":12.0,"key":"REST"},{"data":"Dualcast","floor":15.0,"key":"SMITH"},{"floor":28.0,"key":"REST"},{"data":"Fission","floor":30.0,"key":"SMITH"},{"floor":32.0,"key":"REST"},{"data":"Consume","floor":40,"key":"SMITH"},{"data":"Reinforced Body","floor":42,"key":"SMITH"}],"neow_cost":"NONE","seed_source_timestamp":604978207428511,"circlet_count":0,"master_deck":["AscendersBane","Defend_B","Defend_B","Defend_B+1","Defend_B","Zap+1","Dualcast+1","Defragment+1","Ball Lightning","Sunder+1","Ball Lightning","Leap","Glacier","Defragment+1","Turbo","Fission+1","Steam Power","Stack","Glacier","Creative AI+1","Double Energy+1","Tempest","Defragment+1","Glacier+1","Meteor Strike","Consume+1","Reinforced Body+1","Heatsinks+1","Self Repair+1"],"special_seed":0,"relics":["Cracked Core","Pen Nib","Frozen Egg 2","Mercury Hourglass","Cables","Gremlin Horn","Snecko Eye","Turnip","Bottled Lightning","Smiling Mask","Inserter","Shovel"],"potions_floor_usage":[41,41],"damage_taken":[{"damage":1.0,"enemies":"Cultist","floor":1.0,"turns":3.0},{"damage":7.0,"enemies":"Jaw Worm","floor":2.0,"turns":3.0},{"damage":0.0,"enemies":"2 Louse","floor":5.0,"turns":2.0},{"damage":13.0,"enemies":"Lagavulin","floor":6.0,"turns":6.0},{"damage":40.0,"enemies":"3 Sentries","floor":8.0,"turns":6.0},{"damage":0.0,"enemies":"Large Slime","floor":10.0,"turns":3.0},{"damage":2.0,"enemies":"Lagavulin","floor":14.0,"turns":4.0},{"damage":0.0,"enemies":"Slime Boss","floor":16.0,"turns":5.0},{"damage":0.0,"enemies":"Spheric Guardian","floor":18.0,"turns":2.0},{"damage":0.0,"enemies":"3 Byrds","floor":21.0,"turns":4.0},{"damage":5.0,"enemies":"Gremlin Leader","floor":23.0,"turns":4.0},{"damage":15.0,"enemies":"Book of Stabbing","floor":25.0,"turns":5.0},{"damage":24.0,"enemies":"Snake Plant","floor":27.0,"turns":2.0},{"damage":13.0,"enemies":"3 Cultists","floor":29.0,"turns":3.0},{"damage":0.0,"enemies":"Cultist and Chosen","floor":31.0,"turns":3.0},{"damage":28,"enemies":"Automaton","floor":33,"turns":7},{"damage":0,"enemies":"3 Shapes","floor":35,"turns":3},{"damage":0,"enemies":"Orb Walker","floor":36,"turns":3},{"damage":16,"enemies":"Maw","floor":37,"turns":6},{"damage":0,"enemies":"4 Shapes","floor":39,"turns":3},{"damage":0,"enemies":"Reptomancer","floor":41,"turns":5},{"damage":56,"enemies":"2 Orb Walkers","floor":45,"turns":4}],"seed_played":"8673823403644613510","potions_obtained":[{"floor":1.0,"key":"Block Potion"},{"floor":2.0,"key":"Ancient Potion"},{"floor":6.0,"key":"LiquidBronze"},{"floor":10.0,"key":"Swift Potion"},{"floor":16.0,"key":"FocusPotion"},{"floor":25.0,"key":"Swift Potion"},{"floor":27.0,"key":"FocusPotion"},{"floor":35,"key":"SkillPotion"},{"floor":41,"key":"Ancient Potion"}],"is_trial":false,"path_per_floor":["M","M","?","$","M","E","R","E","T","M","?","R","?","E","R","B",null,"M","?","?","M","?","E","$","E","T","M","R","M","R","M","R","B",null,"M","M","M","$","M","R","E","R","T","?","?"],"character_chosen":"DEFECT","items_purchased":["Sunder","Creative AI+1","Self Repair+1"],"campfire_rested":3,"item_purchase_floors":[4,24,38],"current_hp_per_floor":[63,56,56,56,56,43,43,3,3,3,3,24,41,39,39,39,63,63,63,63,63,63,58,58,43,43,19,40,27,27,27,48,20,58,58,58,42,42,42,42,52,52,52,52,0],"gold":227,"neow_bonus":"RANDOM_COMMON_RELIC","is_prod":false,"is_daily":false,"chose_seed":false,"campfire_upgraded":5,"win_rate":0,"timestamp":1551215904,"path_taken":["M","M","?","$","M","E","R","E","T","?","?","R","?","E","R","BOSS","M","?","?","M","?","E","$","E","T","?","R","M","R","M","R","BOSS","M","?","M","$","M","R","E","R","T","?","?"],"build_version":"2019-01-23","purchased_purges":1,"victory":false,"max_hp_per_floor":[71,71,71,71,71,71,71,71,71,71,71,71,71,71,71,71,71,71,71,71,71,71,71,71,71,71,71,71,71,71,71,71,71,71,71,71,71,71,71,71,71,71,71,71,71],"card_choices":[{"not_picked":["Sweeping Beam","BootSequence"],"picked":"Defragment","floor":1.0},{"not_picked":["Capacitor","Rip and Tear"],"picked":"Ball Lightning","floor":2.0},{"not_picked":["Gash","Coolheaded"],"picked":"Ball Lightning","floor":5.0},{"not_picked":["Thunder Strike","Steam Power"],"picked":"Leap","floor":6.0},{"not_picked":["Turbo","Rebound"],"picked":"Glacier","floor":8.0},{"not_picked":["Conserve Battery","Steam"],"picked":"Defragment+1","floor":10.0},{"not_picked":["Chaos","Steam"],"picked":"Turbo","floor":14.0},{"not_picked":["Hyperbeam","Rainbow"],"picked":"Fission","floor":16.0},{"not_picked":["Barrage","Double Energy","Turbo+1"],"picked":"SKIP","floor":18.0},{"not_picked":["Turbo","Rebound","Redo"],"picked":"SKIP","floor":21.0},{"not_picked":["Rebound+1","Blizzard"],"picked":"Glacier","floor":23.0},{"not_picked":["Sweeping Beam+1","Multi-Cast"],"picked":"Double Energy+1","floor":25.0},{"not_picked":["Go for the Eyes","Barrage"],"picked":"Tempest","floor":27.0},{"not_picked":["Leap","Hologram"],"picked":"Defragment+1","floor":29.0},{"not_picked":["All For One","Turbo"],"picked":"Glacier+1","floor":31.0},{"not_picked":["All For One","Hyperbeam"],"picked":"Meteor Strike","floor":33},{"not_picked":["Hologram","Self Repair+1"],"picked":"Consume","floor":35},{"not_picked":["Static Discharge+1","Ball Lightning"],"picked":"Reinforced Body","floor":36},{"not_picked":["Beam Cell","Undo"],"picked":"Heatsinks+1","floor":37},{"not_picked":["Sunder","Steam Power","Redo"],"picked":"SKIP","floor":39},{"not_picked":["Double Energy","Loop+1","Rip and Tear"],"picked":"SKIP","floor":41}],"player_experience":1717242,"relics_obtained":[{"floor":6.0,"key":"Frozen Egg 2"},{"floor":8.0,"key":"Mercury Hourglass"},{"floor":9.0,"key":"Cables"},{"floor":14.0,"key":"Gremlin Horn"},{"floor":23.0,"key":"Turnip"},{"floor":25.0,"key":"Bottled Lightning"},{"floor":26.0,"key":"Smiling Mask"},{"floor":41,"key":"Shovel"}],"event_choices":[{"damage_healed":0.0,"max_hp_gain":0.0,"max_hp_loss":0.0,"gold_gain":0.0,"event_name":"Upgrade Shrine","player_choice":"Upgraded","floor":3.0,"gold_loss":0.0,"damage_taken":0.0,"cards_upgraded":["Defragment"]},{"damage_healed":0.0,"max_hp_gain":0.0,"max_hp_loss":0.0,"gold_gain":0.0,"event_name":"Living Wall","player_choice":"Grow","floor":11.0,"gold_loss":0.0,"damage_taken":0.0,"cards_upgraded":["Sunder"]},{"damage_healed":17.0,"max_hp_gain":0.0,"max_hp_loss":0.0,"gold_gain":0.0,"event_name":"The Cleric","player_choice":"Healed","floor":13.0,"gold_loss":35.0,"damage_taken":0.0},{"damage_healed":0.0,"max_hp_gain":0.0,"max_hp_loss":0.0,"gold_gain":50.0,"event_name":"Nest","player_choice":"Stole From Cult","floor":19.0,"gold_loss":0.0,"damage_taken":0.0},{"damage_healed":0.0,"max_hp_gain":0.0,"max_hp_loss":0.0,"gold_gain":0.0,"cards_transformed":["Strike_B","Strike_B"],"event_name":"Drug Dealer","player_choice":"Became Test Subject","floor":20.0,"gold_loss":0.0,"damage_taken":0.0,"cards_obtained":["Steam Power","Stack"]},{"cards_removed":["Strike_B"],"damage_healed":0.0,"max_hp_gain":0.0,"max_hp_loss":0.0,"gold_gain":0.0,"event_name":"Designer","player_choice":"Upgrade and Remove","floor":22.0,"gold_loss":110.0,"damage_taken":0.0,"cards_upgraded":["Defend_B"]},{"damage_healed":0,"gold_gain":0,"player_choice":"Ignored","damage_taken":0,"max_hp_gain":0,"max_hp_loss":0,"event_name":"Tomb of Lord Red Mask","floor":44,"gold_loss":0},{"damage_healed":0,"gold_gain":0,"player_choice":"Fight","damage_taken":0,"max_hp_gain":0,"max_hp_loss":0,"event_name":"Mysterious Sphere","floor":45,"gold_loss":0}],"is_beta":false,"boss_relics":[{"not_picked":["White Beast Statue","Black Star"],"picked":"Snecko Eye"},{"not_picked":["Calling Bell","Nuclear Battery"],"picked":"Inserter"}],"items_purged_floors":[38],"is_endless":false,"potions_floor_spawned":[1,2,6,10,16,21,25,27,35,36,41],"killed_by":"2 Orb Walkers","ascension_level":20}