{"gold_per_floor":[212,72,88,108,258,289,289,364,394,213,213,233,233],"floor_reached":13,"playtime":452,"items_purged":["Strike_B"],"score":166,"play_id":"9e2825b8-cefc-4eac-bea3-cd5bb7efa8cd","local_time":"20190303125217","is_ascension_mode":true,"campfire_choices":[{"floor":7,"key":"REST"}],"neow_cost":"NONE","seed_source_timestamp":1005256357717887,"circlet_count":0,"master_deck":["AscendersBane","Strike_B","Strike_B","Strike_B","Defend_B","Defend_B","Defend_B","Defend_B","Zap","Dualcast","Sweeping Beam","Gash","Rebound","Ball Lightning","Hyperbeam","Doubt","Auto Shields","Ball Lightning","Hologram","Beam Cell"],"relics":["Cracked Core","Darkstone Periapt","Tiny Chest","Bottled Flame"],"potions_floor_usage":[13,13],"damage_taken":[{"damage":0,"enemies":"2 Louse","floor":1,"turns":3},{"damage":0,"enemies":"Small Slimes","floor":3,"turns":2},{"damage":12,"enemies":"Jaw Worm","floor":4,"turns":2},{"damage":42,"enemies":"Lagavulin","floor":6,"turns":8},{"damage":8,"enemies":"Blue Slaver","floor":12,"turns":2},{"damage":36,"enemies":"Gremlin Nob","floor":13,"turns":3}],"seed_played":"-3626210528530236216","potions_obtained":[{"floor":12,"key":"SkillPotion"}],"is_trial":false,"path_per_floor":["M","$","M","M","?","E","R","?","T","$","T","M","E"],"character_chosen":"DEFECT","items_purchased":["Strength Potion","Gash","Rebound","Ball Lightning","Hologram"],"campfire_rested":1,"item_purchase_floors":[2,2,2,10,10],"current_hp_per_floor":[64,64,64,52,52,10,31,20,20,20,20,12,0],"gold":233,"neow_bonus":"HUNDRED_GOLD","is_prod":false,"is_daily":false,"chose_seed":false,"campfire_upgraded":0,"win_rate":0,"timestamp":1551613937,"path_taken":["M","$","M","M","?","E","R","?","T","?","?","M","E"],"build_version":"2019-01-23","purchased_purges":1,"victory":false,"max_hp_per_floor":[71,71,71,71,71,71,71,71,71,71,71,71,71],"card_choices":[{"not_picked":["Stack","FTL"],"picked":"Sweeping Beam","floor":1},{"not_picked":["Hello World","Steam"],"picked":"Ball Lightning","floor":3},{"not_picked":["Coolheaded","Chill"],"picked":"Hyperbeam","floor":4},{"not_picked":["Lockon","Reprogram"],"picked":"Auto Shields","floor":6},{"not_picked":["Sweeping Beam","Double Energy"],"picked":"Beam Cell","floor":12}],"player_experience":1871371,"relics_obtained":[{"floor":6,"key":"Darkstone Periapt"},{"floor":9,"key":"Tiny Chest"},{"floor":11,"key":"Bottled Flame"}],"event_choices":[{"damage_healed":0,"gold_gain":150,"player_choice":"AGREE","damage_taken":0,"max_hp_gain":0,"max_hp_loss":0,"event_name":"Liars Game","floor":5,"gold_loss":0,"cards_obtained":["Doubt"]},{"damage_healed":0,"gold_gain":75,"player_choice":"Gather Gold","damage_taken":11,"max_hp_gain":0,"max_hp_loss":0,"event_name":"World of Goop","floor":8,"gold_loss":0}],"is_beta":false,"boss_relics":[],"items_purged_floors":[10],"is_endless":false,"potions_floor_spawned":[12],"killed_by":"Gremlin Nob","ascension_level":20}