{"gold_per_floor":[12,32,32,32,48,80,80,108,133,4,4,22,22,33,33,106,106,116,116,31,51,62,62,92,92,92,92,103,103,122,47,47,47],"floor_reached":33,"playtime":28351,"items_purged":["Strike_R"],"score":600,"play_id":"5e985311-0bb2-471b-b24c-07700806f459","local_time":"20190330162322","is_ascension_mode":true,"campfire_choices":[{"floor":7,"key":"REST"},{"floor":11,"key":"REST"},{"floor":15,"key":"REST"},{"floor":23,"key":"REST"},{"floor":25,"key":"REST"},{"data":"Heavy Blade","floor":29,"key":"SMITH"},{"floor":32,"key":"REST"}],"neow_cost":"NO_GOLD","seed_source_timestamp":474448907048956,"circlet_count":0,"master_deck":["AscendersBane","Strike_R","Strike_R","Strike_R","Strike_R","Defend_R","Defend_R","Defend_R","Defend_R","Bash","Impervious","Disarm","Feed","Heavy Blade+1","Cleave","Spot Weakness","Shrug It Off","Feed","Thunderclap","Impervious","Burning Pact","Sword Boomerang"],"relics":["Burning Blood","Oddly Smooth Stone","Art of War","Bag of Marbles","Red Skull","Orichalcum","White Beast Statue","Strawberry","Dodecahedron","PreservedInsect","MutagenicStrength"],"potions_floor_usage":[6,8,21,24,24,28,33,33],"damage_taken":[{"damage":0,"enemies":"Small Slimes","floor":1,"turns":4},{"damage":0,"enemies":"2 Louse","floor":2,"turns":3},{"damage":0,"enemies":"Cultist","floor":5,"turns":4},{"damage":44,"enemies":"Gremlin Nob","floor":6,"turns":5},{"damage":35,"enemies":"Lagavulin","floor":8,"turns":10},{"damage":14,"enemies":"Red Slaver","floor":12,"turns":4},{"damage":22,"enemies":"Exordium Thugs","floor":14,"turns":4},{"damage":25,"enemies":"Hexaghost","floor":16,"turns":10},{"damage":46,"enemies":"3 Byrds","floor":18,"turns":9},{"damage":15,"enemies":"Shell Parasite","floor":21,"turns":2},{"damage":26,"enemies":"3 Cultists","floor":22,"turns":6},{"damage":33,"enemies":"Book of Stabbing","floor":24,"turns":5},{"damage":15,"enemies":"Snecko","floor":28,"turns":7},{"damage":12,"enemies":"Centurion and Healer","floor":30,"turns":9},{"damage":102,"enemies":"Champ","floor":33,"turns":12}],"seed_played":"4254095610961388887","potions_obtained":[{"floor":1,"key":"SkillPotion"},{"floor":6,"key":"PowerPotion"},{"floor":18,"key":"AttackPotion"},{"floor":21,"key":"Energy Potion"},{"floor":22,"key":"Poison Potion"},{"floor":24,"key":"AttackPotion"},{"floor":28,"key":"SpeedPotion"},{"floor":30,"key":"SpeedPotion"}],"is_trial":false,"path_per_floor":["M","M","?","?","M","E","R","E","T","?","R","M","$","M","R","B",null,"M","T","?","M","M","R","E","R","T","?","M","R","M","$","R","B"],"character_chosen":"IRONCLAD","items_purchased":[],"campfire_rested":6,"item_purchase_floors":[],"current_hp_per_floor":[74,75,80,45,54,16,40,11,11,11,35,30,30,17,43,24,73,39,46,46,40,23,55,28,60,60,60,54,54,51,51,85,0],"gold":47,"neow_bonus":"THREE_RARE_CARDS","is_prod":false,"is_daily":false,"chose_seed":false,"campfire_upgraded":1,"win_rate":0,"timestamp":1553959402,"path_taken":["M","M","?","?","M","E","R","E","T","?","R","M","$","?","R","BOSS","M","?","?","M","M","R","E","R","T","?","M","R","M","?","R","BOSS"],"build_version":"2019-01-23","purchased_purges":1,"victory":false,"max_hp_per_floor":[75,75,80,80,83,83,83,83,83,83,83,86,86,89,89,89,89,95,102,102,105,108,108,108,108,108,108,111,111,114,114,114,114],"card_choices":[{"not_picked":["Dark Embrace","Brutality"],"picked":"Impervious","floor":0},{"not_picked":["Perfected Strike","Clash"],"picked":"Disarm","floor":1},{"not_picked":["True Grit","Metallicize"],"picked":"Feed","floor":2},{"not_picked":["Iron Wave","Clash"],"picked":"Heavy Blade","floor":5},{"not_picked":["Metallicize","Bloodletting"],"picked":"Cleave","floor":6},{"not_picked":["Flame Barrier","Intimidate"],"picked":"Spot Weakness","floor":8},{"not_picked":["Armaments","Havoc"],"picked":"Shrug It Off","floor":12},{"not_picked":["Sentinel","Warcry","Body Slam"],"picked":"SKIP","floor":14},{"not_picked":["Dark Embrace","Juggernaut"],"picked":"Feed","floor":16},{"not_picked":["Wild Strike+1","Sever Soul","Pommel Strike"],"picked":"SKIP","floor":18},{"not_picked":["Sever Soul+1","Rage"],"picked":"Thunderclap","floor":21},{"not_picked":["Entrench","Havoc+1","Armaments"],"picked":"SKIP","floor":22},{"not_picked":["Corruption+1","Burning Pact"],"picked":"Impervious","floor":24},{"not_picked":["Flex","Whirlwind"],"picked":"Burning Pact","floor":28},{"not_picked":["Thunderclap","Fire Breathing+1"],"picked":"Sword Boomerang","floor":30}],"player_experience":2269284,"relics_obtained":[{"floor":6,"key":"Art of War"},{"floor":8,"key":"Bag of Marbles"},{"floor":9,"key":"Red Skull"},{"floor":19,"key":"Strawberry"},{"floor":24,"key":"PreservedInsect"}],"event_choices":[{"damage_healed":0,"gold_gain":0,"player_choice":"Donut","damage_taken":0,"max_hp_gain":5,"max_hp_loss":0,"event_name":"Big Fish","floor":3,"gold_loss":0},{"damage_healed":0,"gold_gain":0,"player_choice":"Success","damage_taken":35,"relics_obtained":["Oddly Smooth Stone"],"max_hp_gain":0,"max_hp_loss":0,"event_name":"Scrap Ooze","floor":4,"gold_loss":0},{"damage_healed":0,"gold_gain":0,"player_choice":"Paid Gold","damage_taken":0,"relics_obtained":["Orichalcum"],"max_hp_gain":0,"max_hp_loss":0,"event_name":"WeMeetAgain","floor":10,"gold_loss":129},{"damage_healed":0,"gold_gain":0,"player_choice":"Obtained Relic","damage_taken":0,"relics_obtained":["Dodecahedron"],"max_hp_gain":0,"max_hp_loss":0,"event_name":"Addict","floor":20,"gold_loss":85},{"damage_healed":0,"gold_gain":0,"player_choice":"Inject Mutagens","damage_taken":0,"relics_obtained":["MutagenicStrength"],"max_hp_gain":0,"max_hp_loss":0,"event_name":"Drug Dealer","floor":27,"gold_loss":0}],"is_beta":false,"boss_relics":[{"not_picked":["Snecko Eye","Eternal Feather"],"picked":"White Beast Statue"}],"items_purged_floors":[31],"is_endless":false,"potions_floor_spawned":[1,6,18,21,22,24,28,30],"killed_by":"Champ","ascension_level":20}