{"gold_per_floor":[13,31,43,60,60,60,78,112,112,112,138,158,158,158,158,257,257,281,305,305,55,55,55,68,24,24,24,42,85,147,199,211,322,334,366,396,308,329,350,374,374,249,276,276,301,301,335,359,359,359,359,359,359,72,112,112],"floor_reached":57,"playtime":5078,"items_purged":["Strike_G+1","Trip","Glass Knife","Skewer+1"],"score":2818,"play_id":"eae8aa9c-7c21-4cfe-b7da-19121f08bfbb","local_time":"20190428081024","is_ascension_mode":true,"campfire_choices":[{"data":"Skewer","floor":6.0,"key":"SMITH"},{"data":"Neutralize","floor":10.0,"key":"SMITH"},{"data":"Footwork","floor":15.0,"key":"SMITH"},{"data":"Night Terror","floor":23.0,"key":"SMITH"},{"data":"Noxious Fumes","floor":27.0,"key":"SMITH"},{"data":"Deadly Poison","floor":32.0,"key":"SMITH"},{"floor":46.0,"key":"RECALL"},{"data":"Well Laid Plans","floor":49.0,"key":"SMITH"},{"data":"Night Terror","floor":53.0,"key":"SMITH"}],"neow_cost":"NO_GOLD","seed_source_timestamp":0,"circlet_count":0,"master_deck":["AscendersBane","Defend_G+1","Defend_G+1","Defend_G+1","Defend_G+1","Defend_G+1","Neutralize+1","Night Terror+1","Footwork+1","Well Laid Plans+1","Dodge and Roll","Footwork","Footwork","Backflip","Dodge and Roll","Footwork","Escape Plan","Deflect","Noxious Fumes+1","Acrobatics","Corpse Explosion","Deadly Poison+1","Night Terror+1","Backflip+1","Bouncing Flask","Backflip+1","Bouncing Flask+1","Leg Sweep+1","Adrenaline"],"special_seed":0,"relics":["Ring of the Snake","Ornamental Fan","Meat on the Bone","Mummified Hand","Golden Idol","Coffee Dripper","Bronze Scales","MawBank","Nunchaku","Empty Cage","Darkstone Periapt","Bottled Lightning"],"potions_floor_usage":[],"damage_taken":[{"damage":1.0,"enemies":"Cultist","floor":1.0,"turns":5.0},{"damage":2.0,"enemies":"Small Slimes","floor":2.0,"turns":7.0},{"damage":0.0,"enemies":"2 Louse","floor":3.0,"turns":2.0},{"damage":0.0,"enemies":"Looter","floor":4.0,"turns":5.0},{"damage":0.0,"enemies":"Exordium Wildlife","floor":7.0,"turns":3.0},{"damage":41.0,"enemies":"Gremlin Nob","floor":8.0,"turns":6.0},{"damage":3.0,"enemies":"Lagavulin","floor":11.0,"turns":16.0},{"damage":2.0,"enemies":"2 Fungi Beasts","floor":12.0,"turns":4.0},{"damage":21.0,"enemies":"Slime Boss","floor":16.0,"turns":23.0},{"damage":0.0,"enemies":"Shell Parasite","floor":18.0,"turns":9.0},{"damage":9.0,"enemies":"2 Thieves","floor":19.0,"turns":4.0},{"damage":0.0,"enemies":"Centurion and Healer","floor":24.0,"turns":10.0},{"damage":3.0,"enemies":"Snake Plant","floor":28.0,"turns":5.0},{"damage":2.0,"enemies":"Slavers","floor":29.0,"turns":7.0},{"damage":0.0,"enemies":"Book of Stabbing","floor":31.0,"turns":6.0},{"damage":0.0,"enemies":"Champ","floor":33.0,"turns":14.0},{"damage":2.0,"enemies":"3 Shapes","floor":35.0,"turns":4.0},{"damage":7.0,"enemies":"3 Darklings","floor":36.0,"turns":2.0},{"damage":17.0,"enemies":"Jaw Worm Horde","floor":38.0,"turns":4.0},{"damage":1.0,"enemies":"4 Shapes","floor":39.0,"turns":4.0},{"damage":9.0,"enemies":"Transient","floor":40.0,"turns":6.0},{"damage":7.0,"enemies":"Sphere and 2 Shapes","floor":45.0,"turns":7.0},{"damage":10.0,"enemies":"Giant Head","floor":47.0,"turns":12.0},{"damage":0.0,"enemies":"Spire Growth","floor":48.0,"turns":8.0},{"damage":11.0,"enemies":"Donu and Deca","floor":50.0,"turns":10.0},{"damage":33.0,"enemies":"Awakened One","floor":51.0,"turns":20.0},{"damage":8.0,"enemies":"Shield and Spear","floor":55.0,"turns":9.0},{"damage":19,"enemies":"The Heart","floor":56,"turns":12}],"seed_played":"-6892515541845890116","potions_obtained":[{"floor":1.0,"key":"Block Potion"},{"floor":8.0,"key":"Ancient Potion"},{"floor":12.0,"key":"Dexterity Potion"},{"floor":19.0,"key":"SpeedPotion"},{"floor":28.0,"key":"Energy Potion"},{"floor":31.0,"key":"Ancient Potion"},{"floor":35.0,"key":"Swift Potion"},{"floor":40.0,"key":"Fire Potion"},{"floor":47.0,"key":"Fruit Juice"}],"is_trial":false,"path_per_floor":["M","M","M","M","?","R","M","E","T","R","E","M","?","?","R","B",null,"M","M","?","$","?","R","M","$","T","R","M","E","?","E","R","B",null,"M","M","$","M","M","M","?","$","T","?","M","R","E","M","R","B","B",null,"R","$","E","B",null],"character_chosen":"THE_SILENT","items_purchased":["Footwork","Trip","Noxious Fumes","GhostInAJar","Block Potion"],"campfire_rested":0,"item_purchase_floors":[21,21,25,54,54],"current_hp_per_floor":[58,56,56,56,61,61,61,20,20,20,29,39,39,39,39,30,56,56,47,47,47,47,47,47,47,47,47,44,42,42,42,42,42,59,57,50,50,33,44,35,35,35,35,35,40,40,47,47,47,36,15,53,53,53,45,38],"gold":112,"neow_bonus":"THREE_RARE_CARDS","is_prod":false,"is_daily":false,"chose_seed":false,"campfire_upgraded":8,"win_rate":0,"timestamp":1556431824,"path_taken":["M","M","M","M","?","R","M","E","T","R","E","M","?","?","R","BOSS","M","M","?","$","?","R","M","?","T","R","M","E","?","E","R","BOSS","M","?","$","?","M","M","?","$","T","?","M","R","E","M","R","BOSS","BOSS","R","$","E","BOSS"],"build_version":"2019-01-23","purchased_purges":4,"victory":true,"max_hp_per_floor":[66,66,66,66,71,71,71,71,71,71,71,71,71,64,64,64,64,64,64,64,64,64,64,64,64,64,64,64,64,64,64,64,64,64,64,64,64,64,64,64,61,61,61,61,61,61,66,66,66,66,66,66,66,66,66,66],"card_choices":[{"not_picked":["Tools of the Trade","Doppelganger"],"picked":"Night Terror","floor":0.0},{"not_picked":["Setup","Slice"],"picked":"Footwork","floor":1.0},{"not_picked":["Slice","Distraction"],"picked":"Skewer","floor":2.0},{"not_picked":["PiercingWail","Terror"],"picked":"Well Laid Plans","floor":3.0},{"not_picked":["Acrobatics","Masterful Stab"],"picked":"Dodge and Roll","floor":4.0},{"not_picked":["Deflect","Dodge and Roll"],"picked":"Footwork","floor":7.0},{"not_picked":["Caltrops","Phantasmal Killer"],"picked":"Footwork","floor":8.0},{"not_picked":["Underhanded Strike","Outmaneuver","Dagger Spray"],"picked":"SKIP","floor":11.0},{"not_picked":["Quick Slash","Concentrate"],"picked":"Backflip","floor":12.0},{"not_picked":["Adrenaline","Malaise"],"picked":"Glass Knife","floor":16.0},{"not_picked":["Sucker Punch","Poisoned Stab","Cloak And Dagger"],"picked":"SKIP","floor":18.0},{"not_picked":["Acrobatics","PiercingWail"],"picked":"Dodge and Roll","floor":19.0},{"not_picked":["Cloak And Dagger","Flying Knee","Expertise"],"picked":"SKIP","floor":24.0},{"not_picked":["Dagger Spray","Setup"],"picked":"Acrobatics","floor":28.0},{"not_picked":["Dodge and Roll","Setup"],"picked":"Corpse Explosion","floor":29.0},{"not_picked":["Dagger Throw","Slice+1"],"picked":"Deadly Poison","floor":31.0},{"not_picked":["Glass Knife","Doppelganger"],"picked":"Night Terror","floor":33.0},{"not_picked":["PiercingWail","Dash"],"picked":"Backflip+1","floor":35.0},{"not_picked":["Blade Dance+1","Dodge and Roll","Noxious Fumes"],"picked":"SKIP","floor":36.0},{"not_picked":["All Out Attack","Poisoned Stab"],"picked":"Bouncing Flask","floor":38.0},{"not_picked":["PiercingWail","Prepared"],"picked":"Backflip+1","floor":39.0},{"not_picked":["Poisoned Stab","Dagger Spray","Prepared"],"picked":"SKIP","floor":40.0},{"not_picked":["Blade Dance+1","Terror+1"],"picked":"Bouncing Flask+1","floor":45.0},{"not_picked":["Quick Slash+1","Bane"],"picked":"Leg Sweep+1","floor":47.0},{"not_picked":["Dagger Spray","Dagger Throw","Acrobatics+1"],"picked":"SKIP","floor":48.0},{"not_picked":["Bouncing Flask","Dodge and Roll"],"picked":"Adrenaline","floor":55.0}],"player_experience":1274121,"relics_obtained":[{"floor":8.0,"key":"Ornamental Fan"},{"floor":9.0,"key":"Meat on the Bone"},{"floor":11.0,"key":"Mummified Hand"},{"floor":26.0,"key":"Bronze Scales"},{"floor":29.0,"key":"MawBank"},{"floor":31.0,"key":"Nunchaku"},{"floor":47.0,"key":"Darkstone Periapt"},{"floor":55.0,"key":"Bottled Lightning"}],"event_choices":[{"damage_healed":0.0,"max_hp_gain":5.0,"max_hp_loss":0.0,"gold_gain":0.0,"event_name":"Big Fish","player_choice":"Donut","floor":5.0,"gold_loss":0.0,"damage_taken":0.0},{"cards_removed":["Strike_G"],"damage_healed":0.0,"max_hp_gain":0.0,"max_hp_loss":0.0,"gold_gain":0.0,"event_name":"Living Wall","player_choice":"Forget","floor":13.0,"gold_loss":0.0,"damage_taken":0.0},{"damage_healed":0.0,"max_hp_gain":0.0,"max_hp_loss":7.0,"gold_gain":0.0,"event_name":"Golden Idol","player_choice":"Lose Max HP","floor":14.0,"gold_loss":0.0,"damage_taken":0.0,"relics_obtained":["Golden Idol"]},{"damage_healed":0.0,"max_hp_gain":0.0,"max_hp_loss":0.0,"gold_gain":0.0,"event_name":"Back to Basics","player_choice":"Simplicity","floor":20.0,"gold_loss":0.0,"damage_taken":0.0,"cards_upgraded":["Defend_G","Defend_G","Defend_G","Defend_G","Defend_G","Strike_G","Strike_G","Strike_G","Strike_G"]},{"damage_healed":0.0,"max_hp_gain":0.0,"max_hp_loss":0.0,"gold_gain":0.0,"cards_transformed":["Strike_G","Strike_G"],"event_name":"Drug Dealer","player_choice":"Became Test Subject","floor":22.0,"gold_loss":0.0,"damage_taken":0.0,"cards_obtained":["Escape Plan","Deflect"]},{"damage_healed":0.0,"max_hp_gain":0.0,"max_hp_loss":0.0,"gold_gain":50.0,"event_name":"Golden Shrine","player_choice":"Pray","floor":30.0,"gold_loss":0.0,"damage_taken":0.0},{"damage_healed":0.0,"max_hp_gain":0.0,"max_hp_loss":3.0,"gold_gain":0.0,"event_name":"Winding Halls","player_choice":"Max HP","floor":41.0,"gold_loss":0.0,"damage_taken":0.0},{"damage_healed":0.0,"max_hp_gain":0.0,"max_hp_loss":0.0,"gold_gain":0.0,"event_name":"Tomb of Lord Red Mask","player_choice":"Ignored","floor":44.0,"gold_loss":0.0,"damage_taken":0.0}],"is_beta":false,"boss_relics":[{"not_picked":["Lizard Tail","WristBlade"],"picked":"Coffee Dripper"},{"not_picked":["HoveringKite","White Beast Statue"],"picked":"Empty Cage"}],"items_purged_floors":[21,37,42,54],"is_endless":false,"potions_floor_spawned":[1,8,12,19,28,29,31,35,40,45,47],"ascension_level":20}