{"gold_per_floor":[116,134,134,45,60,60,78,107,107,135,16,49,118,134,134,211,211,229,229,32,51,51,83,83,83,108,108,122,122,122,456,456,532,532,547,562,314,314,71,104,104,119,171,197,209,45,45,76,76,76,76,76,76,13,41,41],"floor_reached":57,"playtime":7589,"items_purged":["Strike_G","Strike_G+1"],"score":2838,"play_id":"9f4dcb3f-d77d-459c-aa2f-b752f9fd8302","local_time":"20190214145205","is_ascension_mode":true,"campfire_choices":[{"data":"Noxious Fumes","floor":6.0,"key":"SMITH"},{"data":"Neutralize","floor":15.0,"key":"SMITH"},{"data":"Footwork","floor":24.0,"key":"SMITH"},{"data":"Bullet Time","floor":30.0,"key":"SMITH"},{"data":"Wraith Form v2","floor":32.0,"key":"SMITH"},{"floor":41.0,"key":"RECALL"},{"data":"Well Laid Plans","floor":47.0,"key":"SMITH"},{"data":"Footwork","floor":49.0,"key":"SMITH"},{"floor":53.0,"key":"REST"}],"neow_cost":"TEN_PERCENT_HP_LOSS","seed_source_timestamp":0,"circlet_count":0,"master_deck":["AscendersBane","Defend_G+1","Defend_G+1","Defend_G+1","Defend_G+1","Defend_G+1","Survivor","Neutralize+1","Venomology","Neutralize+1","PiercingWail","Die Die Die","Noxious Fumes+1","Bullet Time+1","Deadly Poison+1","Prepared+1","PiercingWail+1","Bullet Time+1","Footwork+1","Heel Hook","Quick Slash","Burst+1","Prepared+1","Wraith Form v2+1","Adrenaline+1","PiercingWail+1","Deadly Poison+1","Deflect+1","Backflip+1","Backflip+1","Footwork+1","Well Laid Plans+1","Adrenaline+1","Bane+1","Setup+1","Corpse Explosion+1","Dash","Caltrops","Night Terror+1"],"special_seed":0,"relics":["Ring of the Serpent","Whetstone","The Courier","Toxic Egg 2","Potion Belt","Meat on the Bone","Juzu Bracelet","Nilry\u0027s Codex","Bronze Scales","Nloth\u0027s Gift","Old Coin","Sozu","ClockworkSouvenir","Orichalcum","Darkstone Periapt","Bottled Tornado","Blood Vial"],"potions_floor_usage":[],"damage_taken":[{"damage":4.0,"enemies":"Jaw Worm","floor":1.0,"turns":6.0},{"damage":2.0,"enemies":"Cultist","floor":2.0,"turns":6.0},{"damage":0.0,"enemies":"Small Slimes","floor":5.0,"turns":3.0},{"damage":0.0,"enemies":"Looter","floor":7.0,"turns":4.0},{"damage":21.0,"enemies":"3 Sentries","floor":8.0,"turns":6.0},{"damage":6.0,"enemies":"Lagavulin","floor":10.0,"turns":9.0},{"damage":11.0,"enemies":"Gremlin Nob","floor":12.0,"turns":3.0},{"damage":0.0,"enemies":"3 Louse","floor":14.0,"turns":2.0},{"damage":22.0,"enemies":"Hexaghost","floor":16.0,"turns":10.0},{"damage":23.0,"enemies":"Chosen","floor":18.0,"turns":5.0},{"damage":9.0,"enemies":"Shell Parasite","floor":21.0,"turns":7.0},{"damage":14.0,"enemies":"Book of Stabbing","floor":23.0,"turns":6.0},{"damage":2.0,"enemies":"Centurion and Healer","floor":28.0,"turns":7.0},{"damage":2.0,"enemies":"Slavers","floor":31.0,"turns":4.0},{"damage":32.0,"enemies":"Collector","floor":33.0,"turns":12.0},{"damage":0.0,"enemies":"Orb Walker","floor":35.0,"turns":4.0},{"damage":2.0,"enemies":"3 Shapes","floor":36.0,"turns":8.0},{"damage":0.0,"enemies":"Reptomancer","floor":40.0,"turns":7.0},{"damage":3.0,"enemies":"3 Darklings","floor":42.0,"turns":3.0},{"damage":1.0,"enemies":"Giant Head","floor":44.0,"turns":8.0},{"damage":1.0,"enemies":"Spire Growth","floor":45.0,"turns":5.0},{"damage":10.0,"enemies":"Nemesis","floor":48.0,"turns":8.0},{"damage":10.0,"enemies":"Donu and Deca","floor":50.0,"turns":8.0},{"damage":29.0,"enemies":"Awakened One","floor":51.0,"turns":18.0},{"damage":5.0,"enemies":"Shield and Spear","floor":55.0,"turns":6.0},{"damage":50,"enemies":"The Heart","floor":56,"turns":10}],"seed_played":"-963989335811557101","potions_obtained":[{"floor":2.0,"key":"Ancient Potion"},{"floor":5.0,"key":"SpeedPotion"},{"floor":14.0,"key":"SkillPotion"},{"floor":28.0,"key":"AttackPotion"}],"is_trial":false,"path_per_floor":["M","M","?","$","M","R","M","E","T","E","$","E","T","M","R","B",null,"M","?","$","M","?","E","R","?","T","?","M","?","R","E","R","B",null,"M","M","$","?","$","E","R","M","T","E","M","$","R","E","R","B","B",null,"R","$","E","B",null],"character_chosen":"THE_SILENT","items_purchased":["Noxious Fumes","Deadly Poison+1","Prepared+1","Juzu Bracelet","Footwork","ClockworkSouvenir","Deflect+1","Backflip+1","Backflip+1","Footwork","Well Laid Plans","Setup+1","Corpse Explosion+1","Caltrops"],"campfire_rested":1,"item_purchase_floors":[4,11,11,20,20,37,39,39,39,39,39,46,46,54],"current_hp_per_floor":[55,53,53,53,53,53,53,32,32,26,26,15,15,27,27,17,49,38,38,38,41,41,39,39,18,18,18,28,28,28,38,38,18,50,50,48,48,48,48,48,48,45,45,44,43,43,43,33,33,35,18,50,60,60,55,19],"gold":41,"neow_bonus":"THREE_RARE_CARDS","is_prod":false,"is_daily":false,"chose_seed":false,"campfire_upgraded":7,"win_rate":0,"timestamp":1550152325,"path_taken":["M","M","?","?","M","R","M","E","T","E","$","E","?","M","R","BOSS","M","?","$","M","?","E","R","?","T","?","M","?","R","E","R","BOSS","M","M","$","?","$","E","R","M","T","E","M","?","R","E","R","BOSS","BOSS","R","$","E","BOSS"],"build_version":"2019-02-06","purchased_purges":2,"victory":true,"max_hp_per_floor":[60,60,60,60,60,60,60,60,60,60,60,60,60,60,60,60,60,60,60,60,60,60,60,60,60,60,60,60,60,60,60,60,60,60,60,60,60,60,60,60,60,60,60,60,60,60,60,60,60,60,60,60,60,60,60,60],"card_choices":[{"not_picked":["Tools of the Trade","Grand Finale"],"picked":"Venomology","floor":0.0},{"not_picked":["Outmaneuver","Setup","Flying Knee"],"picked":"SKIP","floor":1.0},{"not_picked":["Flying Knee","Deflect","Endless Agony"],"picked":"SKIP","floor":2.0},{"not_picked":["Dagger Throw","All Out Attack"],"picked":"Bullet Time","floor":5.0},{"not_picked":["Flying Knee","Blade Dance","Eviscerate"],"picked":"SKIP","floor":7.0},{"not_picked":["Quick Slash","Sucker Punch","Storm of Steel"],"picked":"SKIP","floor":8.0},{"not_picked":["Quick Slash","Noxious Fumes","Dagger Throw"],"picked":"SKIP","floor":10.0},{"not_picked":["Underhanded Strike","Tactician+1"],"picked":"PiercingWail+1","floor":12.0},{"not_picked":["Caltrops","Eviscerate","Dagger Spray"],"picked":"SKIP","floor":14.0},{"not_picked":["Envenom","Phantasmal Killer+1"],"picked":"Bullet Time+1","floor":16.0},{"not_picked":["Outmaneuver+1","Cloak And Dagger+1","Deflect+1"],"picked":"SKIP","floor":18.0},{"not_picked":["Outmaneuver+1","Cloak And Dagger+1","Deflect+1"],"picked":"SKIP","floor":18.0},{"not_picked":["Outmaneuver+1","Cloak And Dagger+1","Deflect+1"],"picked":"SKIP","floor":18.0},{"not_picked":["Eviscerate","Finisher","Blade Dance+1"],"picked":"SKIP","floor":21.0},{"not_picked":["Quick Slash+1","Sucker Punch"],"picked":"Burst+1","floor":23.0},{"not_picked":["Slice","Cloak And Dagger+1"],"picked":"Prepared+1","floor":28.0},{"not_picked":["Setup+1","Deflect+1"],"picked":"Wraith Form v2","floor":31.0},{"not_picked":["Grand Finale","A Thousand Cuts"],"picked":"Adrenaline+1","floor":33.0},{"not_picked":["Deflect+1","Cloak And Dagger+1"],"picked":"PiercingWail+1","floor":35.0},{"not_picked":["Cloak And Dagger+1","Quick Slash+1","Bane"],"picked":"SKIP","floor":36.0},{"not_picked":["Tools of the Trade","Bane"],"picked":"Adrenaline+1","floor":40.0},{"not_picked":["Cloak And Dagger+1","Sucker Punch","Slice"],"picked":"SKIP","floor":42.0},{"not_picked":["Blade Dance+1","Cloak And Dagger+1","Prepared+1"],"picked":"SKIP","floor":44.0},{"not_picked":["All Out Attack","Slice+1"],"picked":"Bane+1","floor":45.0},{"not_picked":["Setup+1","Dagger Throw+1"],"picked":"Dash","floor":48.0},{"not_picked":["Venomology+1","Deadly Poison+1"],"picked":"Night Terror+1","floor":55.0}],"player_experience":1215658,"relics_obtained":[{"floor":8.0,"key":"Whetstone"},{"floor":9.0,"key":"The Courier"},{"floor":10.0,"key":"Toxic Egg 2"},{"floor":12.0,"key":"Potion Belt"},{"floor":13.0,"key":"Meat on the Bone"},{"floor":23.0,"key":"Dream Catcher"},{"floor":25.0,"key":"Nilry\u0027s Codex"},{"floor":26.0,"key":"Bronze Scales"},{"floor":31.0,"key":"Old Coin"},{"floor":40.0,"key":"Orichalcum"},{"floor":44.0,"key":"Darkstone Periapt"},{"floor":48.0,"key":"Bottled Tornado"},{"floor":55.0,"key":"Blood Vial"}],"event_choices":[{"damage_healed":0.0,"max_hp_gain":0.0,"max_hp_loss":0.0,"gold_gain":0.0,"event_name":"Match and Keep!","player_choice":"3 cards matched","floor":3.0,"gold_loss":0.0,"damage_taken":0.0,"cards_obtained":["Neutralize","PiercingWail","Die Die Die"]},{"damage_healed":0.0,"max_hp_gain":0.0,"max_hp_loss":0.0,"gold_gain":0.0,"event_name":"Back to Basics","player_choice":"Simplicity","floor":19.0,"gold_loss":0.0,"damage_taken":0.0,"cards_upgraded":["Defend_G","Defend_G","Defend_G","Defend_G","Defend_G","Strike_G","Strike_G","Strike_G"]},{"damage_healed":0.0,"max_hp_gain":0.0,"max_hp_loss":0.0,"gold_gain":0.0,"cards_transformed":["Strike_G","Strike_G"],"event_name":"Drug Dealer","player_choice":"Became Test Subject","floor":22.0,"gold_loss":0.0,"damage_taken":0.0,"cards_obtained":["Heel Hook","Quick Slash"]},{"damage_healed":0.0,"max_hp_gain":0.0,"max_hp_loss":0.0,"gold_gain":0.0,"event_name":"Cursed Tome","player_choice":"Obtained Book","floor":25.0,"gold_loss":0.0,"damage_taken":21.0},{"damage_healed":0.0,"max_hp_gain":0.0,"max_hp_loss":0.0,"gold_gain":0.0,"event_name":"N\u0027loth","player_choice":"Traded Relic","floor":27.0,"relics_lost":["Dream Catcher"],"gold_loss":0.0,"damage_taken":0.0,"relics_obtained":["Nloth\u0027s Gift"]},{"damage_healed":0.0,"max_hp_gain":0.0,"max_hp_loss":0.0,"gold_gain":0.0,"event_name":"Vampires","player_choice":"Ignored","floor":29.0,"gold_loss":0.0,"damage_taken":0.0},{"damage_healed":0.0,"max_hp_gain":0.0,"max_hp_loss":0.0,"gold_gain":0.0,"cards_transformed":["Strike_G"],"event_name":"Transmorgrifier","player_choice":"Transformed","floor":38.0,"gold_loss":0.0,"damage_taken":0.0,"cards_obtained":["Deadly Poison"]}],"is_beta":true,"boss_relics":[{"not_picked":["Coffee Dripper","HoveringKite"],"picked":"Ring of the Serpent"},{"not_picked":["Velvet Choker","WristBlade"],"picked":"Sozu"}],"items_purged_floors":[11,37],"is_endless":false,"potions_floor_spawned":[2,5,14,28,44,48,55],"ascension_level":20}