{"gold_per_floor":[114,114,189,189,16,56,56,100,123,162,177,212,212,212,212,305,305,320,32,48,48,48],"floor_reached":22,"playtime":1647,"items_purged":[],"score":516,"play_id":"9f523c97-6f12-4f58-8a24-6fefce1c1b05","local_time":"20190216213151","is_ascension_mode":true,"campfire_choices":[{"floor":7.0,"key":"REST"},{"data":"Armaments","floor":13.0,"key":"SMITH"},{"data":"Shockwave","floor":15.0,"key":"SMITH"}],"neow_cost":"NONE","seed_source_timestamp":157657117213508,"circlet_count":0,"master_deck":["AscendersBane","Strike_R","Strike_R+1","Strike_R","Strike_R","Strike_R","Defend_R","Defend_R+1","Defend_R","Defend_R","Bash","Shockwave+1","Feed","Armaments+1","Battle Trance","Thunderclap","Inflame","Immolate+1","Battle Trance","Shrug It Off","Headbutt+1","Inflame","Battle Trance+1"],"special_seed":0,"relics":["Burning Blood","NeowsBlessing","Golden Idol","PreservedInsect","Matryoshka","Magic Flower","Ancient Tea Set","Bottled Lightning","Blood Vial","Molten Egg 2","Gremlin Horn","Orrery","Shuriken","GremlinMask"],"potions_floor_usage":[22],"damage_taken":[{"damage":0.0,"enemies":"Small Slimes","floor":1.0,"turns":1.0},{"damage":0.0,"enemies":"3 Sentries","floor":6.0,"turns":2.0},{"damage":0.0,"enemies":"Gremlin Nob","floor":8.0,"turns":3.0},{"damage":30.0,"enemies":"3 Sentries","floor":10.0,"turns":10.0},{"damage":0.0,"enemies":"2 Louse","floor":11.0,"turns":4.0},{"damage":14.0,"enemies":"Lagavulin","floor":12.0,"turns":7.0},{"damage":53.0,"enemies":"The Guardian","floor":16.0,"turns":17.0},{"damage":47.0,"enemies":"Spheric Guardian","floor":18.0,"turns":7.0},{"damage":5.0,"enemies":"Chosen","floor":20.0,"turns":6.0},{"damage":50,"enemies":"Sentry and Sphere","floor":22,"turns":5}],"seed_played":"-7739612113473200996","potions_obtained":[{"floor":8.0,"key":"Poison Potion"},{"floor":12.0,"key":"Weak Potion"},{"floor":16.0,"key":"Poison Potion"},{"floor":18.0,"key":"LiquidBronze"}],"is_trial":false,"path_per_floor":["M","?","?","?","$","E","R","E","T","E","M","E","R","T","R","B",null,"M","$","M","?","M"],"character_chosen":"IRONCLAD","items_purchased":["PreservedInsect","Shuriken"],"campfire_rested":1,"item_purchase_floors":[5,19],"current_hp_per_floor":[74,48,37,14,14,20,42,51,51,35,52,56,56,56,56,15,70,35,35,47,47,0],"gold":48,"neow_bonus":"THREE_ENEMY_KILL","is_prod":false,"is_daily":false,"chose_seed":false,"campfire_upgraded":2,"win_rate":0,"timestamp":1550349111,"path_taken":["M","?","?","?","$","E","R","E","T","E","M","E","R","?","R","BOSS","M","$","M","?","?"],"build_version":"2019-01-23","purchased_purges":0,"victory":false,"max_hp_per_floor":[75,75,75,75,75,75,75,78,78,81,84,88,88,88,88,88,88,88,88,91,91,91],"card_choices":[{"not_picked":["Warcry","Evolve"],"picked":"Shockwave","floor":1.0},{"not_picked":["Corruption","Carnage"],"picked":"Feed","floor":6.0},{"not_picked":["Wild Strike","Body Slam"],"picked":"Armaments","floor":8.0},{"not_picked":["Clash","Pummel"],"picked":"Battle Trance","floor":10.0},{"not_picked":["Perfected Strike","Wild Strike"],"picked":"Thunderclap","floor":11.0},{"not_picked":["Infernal Blade","Sentinel"],"picked":"Inflame","floor":12.0},{"not_picked":["Berserk","Offering"],"picked":"Immolate+1","floor":16.0},{"not_picked":["Heavy Blade+1","Thunderclap+1"],"picked":"Battle Trance","floor":17.0},{"not_picked":["Havoc","Thunderclap+1"],"picked":"Shrug It Off","floor":17.0},{"not_picked":["Armaments","Shrug It Off"],"picked":"Headbutt+1","floor":17.0},{"not_picked":["Warcry","Heavy Blade+1"],"picked":"Inflame","floor":18.0},{"not_picked":["True Grit","Sword Boomerang+1"],"picked":"Battle Trance+1","floor":20.0}],"player_experience":1703593,"relics_obtained":[{"floor":6.0,"key":"Matryoshka"},{"floor":8.0,"key":"Magic Flower"},{"floor":9.0,"key":"Ancient Tea Set"},{"floor":9.0,"key":"Bottled Lightning"},{"floor":10.0,"key":"Blood Vial"},{"floor":12.0,"key":"Molten Egg 2"},{"floor":14.0,"key":"Gremlin Horn"}],"event_choices":[{"damage_healed":0.0,"max_hp_gain":0.0,"max_hp_loss":0.0,"gold_gain":0.0,"event_name":"Golden Idol","player_choice":"Take Damage","floor":2.0,"gold_loss":0.0,"damage_taken":26.0,"relics_obtained":["Golden Idol"]},{"damage_healed":0.0,"max_hp_gain":0.0,"max_hp_loss":0.0,"gold_gain":75.0,"event_name":"World of Goop","player_choice":"Gather Gold","floor":3.0,"gold_loss":0.0,"damage_taken":11.0},{"damage_healed":0.0,"max_hp_gain":0.0,"max_hp_loss":0.0,"gold_gain":0.0,"event_name":"Shining Light","player_choice":"Entered Light","floor":4.0,"gold_loss":0.0,"damage_taken":23.0,"cards_upgraded":["Defend_R","Strike_R"]},{"damage_healed":0.0,"max_hp_gain":0.0,"max_hp_loss":0.0,"gold_gain":0.0,"event_name":"FaceTrader","player_choice":"Trade","floor":21.0,"gold_loss":0.0,"damage_taken":0.0,"relics_obtained":["GremlinMask"]}],"is_beta":false,"boss_relics":[{"not_picked":["Tiny House","Runic Dome"],"picked":"Orrery"}],"items_purged_floors":[],"is_endless":false,"potions_floor_spawned":[8,12,16,18],"killed_by":"Sentry and Sphere","ascension_level":20}