{"gold_per_floor":[110,110,185,208,225,255,255,266,291,342,372,392,0,26,26,26],"floor_reached":16,"playtime":1023,"items_purged":["Strike_G"],"score":336,"play_id":"46bea73e-6648-4ebb-8f46-abc2572259eb","local_time":"20190214203547","is_ascension_mode":true,"campfire_choices":[{"floor":7,"key":"REST"},{"data":"Venomology","floor":15,"key":"SMITH"}],"neow_cost":"NONE","seed_source_timestamp":9854408266081,"circlet_count":0,"master_deck":["AscendersBane","Defend_G","Defend_G","Defend_G","Defend_G","Defend_G","Strike_G","Strike_G+1","Strike_G","Strike_G","Survivor","Neutralize+1","Choke","Dagger Spray+1","Deflect","Backstab","Adrenaline","Leg Sweep","Footwork","Blur","Glass Knife","Venomology+1"],"relics":["Ring of the Snake","NeowsBlessing","Bag of Preparation","Whetstone","Juzu Bracelet","Centennial Puzzle","Blood Vial","Ancient Tea Set"],"potions_floor_usage":[11,14,16,16,16],"damage_taken":[{"damage":0,"enemies":"Jaw Worm","floor":1,"turns":1},{"damage":0,"enemies":"Cultist","floor":5,"turns":1},{"damage":0,"enemies":"Lagavulin","floor":6,"turns":1},{"damage":2,"enemies":"Small Slimes","floor":8,"turns":3},{"damage":11,"enemies":"3 Sentries","floor":11,"turns":6},{"damage":0,"enemies":"3 Louse","floor":12,"turns":2},{"damage":0,"enemies":"Gremlin Nob","floor":14,"turns":3},{"damage":63,"enemies":"Hexaghost","floor":16,"turns":16}],"seed_played":"-801911436558584391","potions_obtained":[{"floor":5,"key":"Poison Potion"},{"floor":6,"key":"Swift Potion"},{"floor":8,"key":"SkillPotion"},{"floor":12,"key":"SkillPotion"},{"floor":14,"key":"Poison Potion"}],"is_trial":false,"path_per_floor":["M","?","?","T","M","E","R","M","T","T","E","M","$","E","R","B"],"character_chosen":"THE_SILENT","items_purchased":["Footwork","Blur","Glass Knife"],"campfire_rested":1,"item_purchase_floors":[13,13,13],"current_hp_per_floor":[59,59,48,48,48,48,66,64,64,64,53,55,55,57,57,0],"gold":26,"neow_bonus":"THREE_ENEMY_KILL","is_prod":false,"is_daily":false,"chose_seed":false,"campfire_upgraded":1,"win_rate":0,"timestamp":1550172947,"path_taken":["M","?","?","?","M","E","R","?","T","?","E","M","$","E","R","BOSS"],"build_version":"2019-01-23","purchased_purges":1,"victory":false,"max_hp_per_floor":[66,66,66,66,66,66,66,66,66,66,66,66,66,66,66,66],"card_choices":[{"not_picked":["PiercingWail","Flechettes"],"picked":"Choke","floor":1},{"not_picked":["Acrobatics","Accuracy"],"picked":"Dagger Spray","floor":5},{"not_picked":["Sucker Punch","Bane"],"picked":"Deflect","floor":6},{"not_picked":["Terror","Blade Dance"],"picked":"Backstab","floor":8},{"not_picked":["Riddle With Holes","Flechettes"],"picked":"Adrenaline","floor":11},{"not_picked":["Deadly Poison","Sucker Punch"],"picked":"Leg Sweep","floor":12},{"not_picked":["Terror","Blade Dance"],"picked":"Venomology","floor":14}],"player_experience":1681930,"relics_obtained":[{"floor":4,"key":"Bag of Preparation"},{"floor":6,"key":"Whetstone"},{"floor":9,"key":"Juzu Bracelet"},{"floor":10,"key":"Centennial Puzzle"},{"floor":11,"key":"Blood Vial"},{"floor":14,"key":"Ancient Tea Set"}],"event_choices":[{"damage_healed":0,"gold_gain":0,"player_choice":"Grow","damage_taken":0,"max_hp_gain":0,"max_hp_loss":0,"event_name":"Living Wall","floor":2,"gold_loss":0,"cards_upgraded":["Neutralize"]},{"damage_healed":0,"gold_gain":75,"player_choice":"Gather Gold","damage_taken":11,"max_hp_gain":0,"max_hp_loss":0,"event_name":"World of Goop","floor":3,"gold_loss":0}],"is_beta":false,"boss_relics":[],"items_purged_floors":[13],"is_endless":false,"potions_floor_spawned":[5,6,8,12,14],"killed_by":"Hexaghost","ascension_level":20}