{"gold_per_floor":[119,119,119,142,142,176,176,212,212,228,253,253,253,141,141,234,234,255,255,278,203,222,222,261,261,261,261,299,299,333,348,348,348],"floor_reached":33,"playtime":5925,"items_purged":["Strike_B"],"score":672,"play_id":"78e48292-ba4e-4d6e-baa7-17c4dc4a9490","local_time":"20190523181851","is_ascension_mode":true,"campfire_choices":[{"data":"Doom and Gloom","floor":7,"key":"SMITH"},{"data":"Seek","floor":12,"key":"SMITH"},{"data":"Zap","floor":15,"key":"SMITH"},{"data":"Recycle","floor":23,"key":"SMITH"},{"data":"Static Discharge","floor":25,"key":"SMITH"},{"floor":29,"key":"REST"},{"data":"Reinforced Body","floor":32,"key":"SMITH"}],"neow_cost":"NONE","seed_source_timestamp":705030302549966,"circlet_count":0,"master_deck":["AscendersBane","Zap+1","Dualcast+1","Ball Lightning","Cold Snap","Doom and Gloom+1","Steam","Ball Lightning","Seek+1","Static Discharge+1","Thunder Strike","Reinforced Body+1","Core Surge","Core Surge","Reinforced Body+1","Recycle+1","Genetic Algorithm+1","Genetic Algorithm+1"],"relics":["Cracked Core","NeowsBlessing","Golden Idol","Bird Faced Urn","Potion Belt","Symbiotic Virus","Pandora\u0027s Box","Regal Pillow","War Paint","StoneCalendar","Shuriken"],"potions_floor_usage":[16,28,30,30,30,30,33],"damage_taken":[{"damage":0,"enemies":"2 Louse","floor":1,"turns":1},{"damage":0,"enemies":"Small Slimes","floor":4,"turns":1},{"damage":0,"enemies":"Gremlin Nob","floor":6,"turns":1},{"damage":26,"enemies":"3 Sentries","floor":8,"turns":6},{"damage":0,"enemies":"Cultist","floor":10,"turns":2},{"damage":2,"enemies":"2 Fungi Beasts","floor":11,"turns":2},{"damage":30,"enemies":"Hexaghost","floor":16,"turns":8},{"damage":0,"enemies":"Chosen","floor":18,"turns":3},{"damage":0,"enemies":"Spheric Guardian","floor":20,"turns":3},{"damage":9,"enemies":"Centurion and Healer","floor":22,"turns":5},{"damage":23,"enemies":"Book of Stabbing","floor":24,"turns":4},{"damage":9,"enemies":"Gremlin Leader","floor":28,"turns":5},{"damage":22,"enemies":"Book of Stabbing","floor":30,"turns":5},{"damage":3,"enemies":"Snecko","floor":31,"turns":4},{"damage":44,"enemies":"Champ","floor":33,"turns":6}],"seed_played":"-6971889827153298308","potions_obtained":[{"floor":5,"key":"SteroidPotion"},{"floor":5,"key":"EntropicBrew"},{"floor":10,"key":"SteroidPotion"},{"floor":11,"key":"Regen Potion"},{"floor":20,"key":"Strength Potion"}],"is_trial":false,"path_per_floor":["M","?","?","M","?","E","R","E","T","M","M","R","?","$","R","B",null,"M","?","M","?","M","R","E","R","T","?","E","R","E","M","R","B"],"character_chosen":"DEFECT","items_purchased":["Static Discharge"],"campfire_rested":1,"item_purchase_floors":[14],"current_hp_per_floor":[64,64,64,64,64,64,64,38,38,38,36,36,41,41,41,28,59,61,61,63,63,56,56,35,35,35,35,28,63,41,40,40,0],"gold":348,"neow_bonus":"THREE_ENEMY_KILL","is_prod":false,"is_daily":false,"chose_seed":false,"campfire_upgraded":6,"win_rate":0,"timestamp":1558628331,"path_taken":["M","?","?","?","?","E","R","E","T","?","?","R","?","?","R","BOSS","M","?","M","?","M","R","E","R","T","?","E","R","E","?","R","BOSS"],"build_version":"2019-01-23","purchased_purges":1,"victory":false,"max_hp_per_floor":[71,64,64,64,64,64,64,64,64,64,64,64,69,69,69,69,69,69,69,69,69,69,69,69,69,69,69,69,69,69,69,69,69],"card_choices":[{"not_picked":["Conserve Battery","Recycle"],"picked":"Ball Lightning","floor":1},{"not_picked":["Beam Cell","Gash"],"picked":"Cold Snap","floor":4},{"not_picked":["Lockon","Hyperbeam"],"picked":"Doom and Gloom","floor":6},{"not_picked":["Lockon","Rebound"],"picked":"Steam","floor":8},{"not_picked":["Gash","Barrage"],"picked":"Ball Lightning","floor":10},{"not_picked":["Redo","Gash"],"picked":"Seek","floor":11},{"not_picked":["Reboot","Multi-Cast"],"picked":"Thunder Strike","floor":16},{"not_picked":["Force Field","Cold Snap+1"],"picked":"Recycle","floor":18},{"not_picked":["Sweeping Beam","Barrage","Cold Snap"],"picked":"SKIP","floor":20},{"not_picked":["Cold Snap","Turbo","Sweeping Beam"],"picked":"SKIP","floor":22},{"not_picked":["Rebound","Sweeping Beam","Ball Lightning"],"picked":"SKIP","floor":24},{"not_picked":["Turbo+1","Auto Shields"],"picked":"Genetic Algorithm+1","floor":28},{"not_picked":["Ball Lightning","Steam Power"],"picked":"Genetic Algorithm+1","floor":30},{"not_picked":["Rebound","Turbo","Auto Shields"],"picked":"SKIP","floor":31}],"player_experience":2826614,"relics_obtained":[{"floor":6,"key":"Bird Faced Urn"},{"floor":8,"key":"Potion Belt"},{"floor":9,"key":"Symbiotic Virus"},{"floor":24,"key":"Regal Pillow"},{"floor":26,"key":"War Paint"},{"floor":28,"key":"StoneCalendar"},{"floor":30,"key":"Shuriken"}],"event_choices":[{"damage_healed":0,"gold_gain":0,"player_choice":"Lose Max HP","damage_taken":0,"relics_obtained":["Golden Idol"],"max_hp_gain":0,"max_hp_loss":7,"event_name":"Golden Idol","floor":2,"gold_loss":0},{"cards_removed":["Strike_B"],"damage_healed":0,"gold_gain":0,"player_choice":"Offered Basic","damage_taken":0,"max_hp_gain":0,"max_hp_loss":0,"event_name":"Bonfire Elementals","floor":3,"gold_loss":0},{"damage_healed":0,"gold_gain":0,"player_choice":"Got Potions","damage_taken":0,"max_hp_gain":0,"max_hp_loss":0,"event_name":"Lab","floor":5,"gold_loss":0},{"damage_healed":0,"gold_gain":0,"player_choice":"Donut","damage_taken":0,"max_hp_gain":5,"max_hp_loss":0,"event_name":"Big Fish","floor":13,"gold_loss":0},{"damage_healed":0,"gold_gain":0,"player_choice":"Ignored","damage_taken":0,"max_hp_gain":0,"max_hp_loss":0,"event_name":"Vampires","floor":19,"gold_loss":0},{"cards_removed":["Reprogram"],"damage_healed":0,"gold_gain":0,"player_choice":"Gave Gold","damage_taken":0,"max_hp_gain":0,"max_hp_loss":0,"event_name":"Beggar","floor":21,"gold_loss":75},{"cards_removed":["Go for the Eyes"],"damage_healed":0,"gold_gain":0,"player_choice":"Elegance","damage_taken":0,"max_hp_gain":0,"max_hp_loss":0,"event_name":"Back to Basics","floor":27,"gold_loss":0}],"is_beta":false,"boss_relics":[{"not_picked":["Black Star","White Beast Statue"],"picked":"Pandora\u0027s Box"}],"items_purged_floors":[14],"is_endless":false,"potions_floor_spawned":[6,10,11,20,22],"killed_by":"Champ","ascension_level":20}