{"gold_per_floor":[114,133,208,208,234,234,266,266,266,134,134,146,177,5,5,79,79,91,106,106,106,106],"floor_reached":22,"playtime":1149,"items_purged":["Defend_G"],"score":430,"play_id":"1eae4494-8cc6-458b-97a9-99dfe9a47014","local_time":"20190303141812","is_ascension_mode":true,"campfire_choices":[{"data":"Neutralize","floor":6,"key":"SMITH"},{"data":"Dash","floor":8,"key":"SMITH"},{"data":"Well Laid Plans","floor":11,"key":"SMITH"},{"data":"Deadly Poison","floor":15,"key":"SMITH"}],"neow_cost":"NONE","seed_source_timestamp":1009714549367270,"circlet_count":0,"master_deck":["AscendersBane","Defend_G","Defend_G","Defend_G","Defend_G","Strike_G","Strike_G","Strike_G","Strike_G","Survivor","Neutralize+1","Dash+1","Deadly Poison+1","Well Laid Plans+1","Dagger Throw","Predator","Adrenaline","Leg Sweep+1","RitualDagger"],"relics":["Ring of the Snake","NeowsBlessing","Dream Catcher","Strawberry","Bottled Flame","Ninja Scroll","Bronze Scales","Eternal Feather"],"potions_floor_usage":[13],"damage_taken":[{"damage":0,"enemies":"Cultist","floor":1,"turns":1},{"damage":0,"enemies":"2 Louse","floor":2,"turns":1},{"damage":0,"enemies":"Gremlin Nob","floor":7,"turns":1},{"damage":0,"enemies":"Small Slimes","floor":12,"turns":3},{"damage":2,"enemies":"3 Sentries","floor":13,"turns":10},{"damage":11,"enemies":"The Guardian","floor":16,"turns":9},{"damage":24,"enemies":"Shell Parasite","floor":18,"turns":6},{"damage":0,"enemies":"3 Byrds","floor":19,"turns":3},{"damage":16,"enemies":"Cultist and Chosen","floor":22,"turns":4}],"seed_played":"150915285186035869","potions_obtained":[{"floor":2,"key":"Weak Potion"},{"floor":12,"key":"GhostInAJar"},{"floor":19,"key":"LiquidBronze"}],"is_trial":false,"path_per_floor":["M","M","?","?","T","R","E","R","T","$","R","M","E","$","R","B",null,"M","M","?","?","M"],"character_chosen":"THE_SILENT","items_purchased":["Dagger Throw","Bronze Scales"],"campfire_rested":0,"item_purchase_floors":[10,14],"current_hp_per_floor":[59,59,48,41,41,41,48,48,48,48,48,48,46,46,46,35,64,40,40,19,13,0],"gold":106,"neow_bonus":"THREE_ENEMY_KILL","is_prod":false,"is_daily":false,"chose_seed":false,"campfire_upgraded":4,"win_rate":0,"timestamp":1551619092,"path_taken":["M","?","?","?","?","R","E","R","T","$","R","M","E","$","R","BOSS","M","M","?","?","M"],"build_version":"2019-01-23","purchased_purges":1,"victory":false,"max_hp_per_floor":[66,66,66,66,66,66,73,73,73,73,73,73,73,73,73,73,73,73,73,78,78,78],"card_choices":[{"not_picked":["Acrobatics","Deadly Poison"],"picked":"Dash","floor":1},{"not_picked":["Quick Slash","Setup"],"picked":"Deadly Poison","floor":2},{"not_picked":["Footwork","Accuracy"],"picked":"Well Laid Plans","floor":7},{"not_picked":["Flying Knee","Outmaneuver","Blade Dance"],"picked":"SKIP","floor":12},{"not_picked":["Quick Slash","Sucker Punch"],"picked":"Predator","floor":13},{"not_picked":["Glass Knife","Doppelganger"],"picked":"Adrenaline","floor":16},{"not_picked":["Backflip+1","Deadly Poison"],"picked":"Leg Sweep+1","floor":18},{"not_picked":["Bane","Calculated Gamble","Backflip"],"picked":"SKIP","floor":19}],"player_experience":1874968,"relics_obtained":[{"floor":5,"key":"Dream Catcher"},{"floor":7,"key":"Strawberry"},{"floor":9,"key":"Bottled Flame"},{"floor":13,"key":"Ninja Scroll"}],"event_choices":[{"damage_healed":0,"gold_gain":75,"player_choice":"Gather Gold","damage_taken":11,"max_hp_gain":0,"max_hp_loss":0,"event_name":"World of Goop","floor":3,"gold_loss":0},{"cards_removed":["Strike_G"],"damage_healed":0,"gold_gain":0,"player_choice":"Card Removal","damage_taken":7,"max_hp_gain":0,"max_hp_loss":0,"event_name":"Golden Wing","floor":4,"gold_loss":0},{"damage_healed":0,"gold_gain":0,"player_choice":"Shed Blood","damage_taken":26,"max_hp_gain":5,"max_hp_loss":0,"event_name":"Forgotten Altar","floor":20,"gold_loss":0},{"damage_healed":0,"gold_gain":0,"player_choice":"Joined the Cult","damage_taken":6,"max_hp_gain":0,"max_hp_loss":0,"event_name":"Nest","floor":21,"gold_loss":0,"cards_obtained":["RitualDagger"]}],"is_beta":false,"boss_relics":[{"not_picked":["Lizard Tail","Calling Bell"],"picked":"Eternal Feather"}],"items_purged_floors":[10],"is_endless":false,"potions_floor_spawned":[2,12,19],"killed_by":"Cultist and Chosen","ascension_level":20}