{"gold_per_floor":[115,130,149,99,117,117,143,143,143,143,143,168,187,204,204,304,304,323,323,8,18,37,64,64,74,100,100,116,126,142,169,169,272,272,288,57,71,88,142,142],"floor_reached":40,"playtime":13023,"items_purged":["Strike_R"],"score":517,"play_id":"7e155d77-2cdb-4910-b18a-d21c0127b293","local_time":"20190509140246","is_ascension_mode":false,"campfire_choices":[{"data":"Armaments","floor":6.0,"key":"SMITH"},{"data":"Inflame","floor":11.0,"key":"SMITH"},{"data":"Headbutt","floor":15.0,"key":"SMITH"},{"data":"Demon Form","floor":24.0,"key":"SMITH"},{"data":"Shrug It Off","floor":32.0,"key":"SMITH"}],"neow_cost":"NONE","seed_source_timestamp":0,"circlet_count":0,"master_deck":["Strike_R","Strike_R","Defend_R","Defend_R","Defend_R","Defend_R","Bash","Pommel Strike","Clash","Armaments+1","Headbutt+1","Inflame+1","Demon Form+1","Twin Strike+1","Heavy Blade","Feel No Pain","Shrug It Off+1","True Grit+1","Brutality+1","Second Wind","Metallicize+1","Juggernaut","Clothesline","Rampage","Panache","Parasite","Thunderclap","Cleave+1"],"special_seed":0,"relics":["Burning Blood","Ornamental Fan","Mercury Hourglass","Potion Belt","Bottled Lightning","Runic Pyramid","ClockworkSouvenir","Red Skull","Happy Flower","Mummified Hand","Velvet Choker","Ice Cream"],"potions_floor_usage":[],"damage_taken":[{"damage":6.0,"enemies":"2 Louse","floor":1.0,"turns":4.0},{"damage":6.0,"enemies":"Jaw Worm","floor":2.0,"turns":4.0},{"damage":5.0,"enemies":"Small Slimes","floor":3.0,"turns":2.0},{"damage":3.0,"enemies":"Red Slaver","floor":5.0,"turns":3.0},{"damage":32.0,"enemies":"Gremlin Nob","floor":7.0,"turns":5.0},{"damage":21.0,"enemies":"Lagavulin","floor":12.0,"turns":5.0},{"damage":0.0,"enemies":"Blue Slaver","floor":13.0,"turns":2.0},{"damage":2.0,"enemies":"Exordium Wildlife","floor":14.0,"turns":4.0},{"damage":43.0,"enemies":"The Guardian","floor":16.0,"turns":8.0},{"damage":23.0,"enemies":"Spheric Guardian","floor":18.0,"turns":8.0},{"damage":22.0,"enemies":"2 Thieves","floor":21.0,"turns":4.0},{"damage":9.0,"enemies":"Snecko","floor":22.0,"turns":6.0},{"damage":25.0,"enemies":"Gremlin Leader","floor":23.0,"turns":5.0},{"damage":5.0,"enemies":"Centurion and Healer","floor":25.0,"turns":5.0},{"damage":6.0,"enemies":"3 Cultists","floor":28.0,"turns":5.0},{"damage":3.0,"enemies":"Snecko","floor":29.0,"turns":4.0},{"damage":12.0,"enemies":"Chosen and Byrds","floor":30.0,"turns":6.0},{"damage":14.0,"enemies":"Slavers","floor":31.0,"turns":5.0},{"damage":8.0,"enemies":"Collector","floor":33.0,"turns":9.0},{"damage":3.0,"enemies":"Orb Walker","floor":35.0,"turns":4.0},{"damage":15.0,"enemies":"3 Darklings","floor":37.0,"turns":5.0},{"damage":6.0,"enemies":"Writhing Mass","floor":38.0,"turns":5.0},{"damage":55.0,"enemies":"2 Orb Walkers","floor":39.0,"turns":5.0},{"damage":48,"enemies":"Nemesis","floor":40,"turns":2}],"seed_played":"5727091761435395905","potions_obtained":[{"floor":3.0,"key":"Block Potion"},{"floor":5.0,"key":"GamblersBrew"},{"floor":13.0,"key":"Block Potion"},{"floor":16.0,"key":"Strength Potion"},{"floor":21.0,"key":"BloodPotion"},{"floor":23.0,"key":"Swift Potion"},{"floor":31.0,"key":"SpeedPotion"},{"floor":33.0,"key":"SkillPotion"},{"floor":35.0,"key":"Regen Potion"},{"floor":38.0,"key":"Dexterity Potion"}],"is_trial":false,"path_per_floor":["M","M","M","?","M","R","E","T","T","?","R","E","M","M","R","B",null,"M","?","$","M","M","E","R","M","T","?","M","M","M","E","R","B",null,"M","$","M","M","?","E"],"character_chosen":"IRONCLAD","items_purchased":["Feel No Pain","ClockworkSouvenir","Rampage","Panache"],"campfire_rested":0,"item_purchase_floors":[20,20,36,36],"current_hp_per_floor":[88,88,88,88,88,88,62,62,62,62,62,47,53,57,57,20,88,71,71,71,55,52,41,41,42,42,42,42,45,39,31,31,29,88,88,88,79,79,44,0],"gold":142,"neow_bonus":"TEN_PERCENT_HP_BONUS","is_prod":false,"is_daily":false,"chose_seed":false,"campfire_upgraded":5,"win_rate":0.0,"timestamp":1557390766,"path_taken":["M","M","M","?","M","R","E","?","T","?","R","E","M","M","R","BOSS","M","?","$","M","M","E","R","M","T","?","M","?","M","E","R","BOSS","M","$","M","M","?","E"],"build_version":"2019-01-23","purchased_purges":1,"victory":false,"max_hp_per_floor":[88,88,88,88,88,88,88,88,88,88,88,88,88,88,88,88,88,88,88,88,88,88,88,88,88,88,88,88,88,88,88,88,88,88,88,88,88,88,88,88],"card_choices":[{"not_picked":["Shockwave","Armaments"],"picked":"Pommel Strike","floor":1.0},{"not_picked":["Uppercut","Burning Pact"],"picked":"Clash","floor":2.0},{"not_picked":["Flex","Wild Strike"],"picked":"Armaments","floor":3.0},{"not_picked":["Clothesline","Whirlwind"],"picked":"Headbutt","floor":5.0},{"not_picked":["Thunderclap","Clothesline"],"picked":"Inflame","floor":7.0},{"not_picked":["Flex","True Grit","Sword Boomerang"],"picked":"SKIP","floor":12.0},{"not_picked":["Berserk","Disarm","True Grit"],"picked":"SKIP","floor":13.0},{"not_picked":["Dual Wield","Evolve","Armaments"],"picked":"SKIP","floor":14.0},{"not_picked":["Dark Embrace","Impervious"],"picked":"Demon Form","floor":16.0},{"not_picked":["Pommel Strike","Infernal Blade"],"picked":"Twin Strike+1","floor":18.0},{"not_picked":["Whirlwind+1","Rage"],"picked":"Shrug It Off","floor":21.0},{"not_picked":["Warcry","Shrug It Off+1"],"picked":"True Grit+1","floor":22.0},{"not_picked":["Power Through+1","Rage","Flex"],"picked":"SKIP","floor":23.0},{"not_picked":["Clash+1","Headbutt"],"picked":"Brutality","floor":25.0},{"not_picked":["Shrug It Off","Searing Blow","Sever Soul"],"picked":"SKIP","floor":28.0},{"not_picked":["Flex","Armaments","True Grit"],"picked":"SKIP","floor":29.0},{"not_picked":["Flex","Armaments","True Grit"],"picked":"SKIP","floor":29.0},{"not_picked":["Iron Wave","Sever Soul"],"picked":"Second Wind","floor":30.0},{"not_picked":["Clothesline","Blood for Blood"],"picked":"Metallicize+1","floor":31.0},{"not_picked":["Berserk","Impervious"],"picked":"Juggernaut","floor":33.0},{"not_picked":["Body Slam","Dropkick"],"picked":"Clothesline","floor":35.0},{"not_picked":["Sword Boomerang","Clash+1","Feel No Pain+1"],"picked":"SKIP","floor":37.0},{"not_picked":["Twin Strike","Feel No Pain+1"],"picked":"Thunderclap","floor":38.0},{"not_picked":["Rage","Warcry"],"picked":"Cleave+1","floor":39.0}],"player_experience":43365,"relics_obtained":[{"floor":7.0,"key":"Ornamental Fan"},{"floor":8.0,"key":"Mercury Hourglass"},{"floor":9.0,"key":"Potion Belt"},{"floor":12.0,"key":"Bottled Lightning"},{"floor":23.0,"key":"Red Skull"},{"floor":26.0,"key":"Happy Flower"},{"floor":31.0,"key":"Mummified Hand"},{"floor":39.0,"key":"Ice Cream"}],"event_choices":[{"cards_removed":["Strike_R"],"damage_healed":0.0,"max_hp_gain":0.0,"max_hp_loss":0.0,"gold_gain":0.0,"event_name":"The Cleric","player_choice":"Card Removal","floor":4.0,"gold_loss":50.0,"damage_taken":0.0},{"cards_removed":["Strike_R"],"damage_healed":0.0,"max_hp_gain":0.0,"max_hp_loss":0.0,"gold_gain":0.0,"event_name":"Bonfire Elementals","player_choice":"Offered Basic","floor":10.0,"gold_loss":0.0,"damage_taken":0.0},{"damage_healed":0.0,"max_hp_gain":0.0,"max_hp_loss":0.0,"gold_gain":0.0,"event_name":"The Library","player_choice":"Read","floor":19.0,"gold_loss":0.0,"damage_taken":0.0,"cards_obtained":["Heavy Blade"]},{"damage_healed":0.0,"max_hp_gain":0.0,"max_hp_loss":0.0,"gold_gain":0.0,"event_name":"Upgrade Shrine","player_choice":"Upgraded","floor":27.0,"gold_loss":0.0,"damage_taken":0.0,"cards_upgraded":["Brutality"]},{"damage_healed":0.0,"max_hp_gain":0.0,"max_hp_loss":0.0,"gold_gain":0.0,"event_name":"Mysterious Sphere","player_choice":"Fight","floor":39.0,"gold_loss":0.0,"damage_taken":0.0}],"is_beta":false,"boss_relics":[{"not_picked":["Black Blood","Lizard Tail"],"picked":"Runic Pyramid"},{"not_picked":["Empty Cage","Astrolabe"],"picked":"Velvet Choker"}],"items_purged_floors":[20],"is_endless":false,"potions_floor_spawned":[3,5,13,16,21,23,31,33,35,38],"killed_by":"Nemesis","ascension_level":0}