{"gold_per_floor":[116,116,131,149,17,50,50,75,98,123,123,134,134,160,160,237,237,256,256,181,192,211,244,244,244,244,258,258,94,94,125,125,200,200,213,213,73,89,106,139,89,121,121,0,0,0,15,30,30,30,30,30,30,30,57,57],"floor_reached":56,"playtime":5019,"items_purged":["Strike_R","Writhe","Strike_R"],"score":2142,"play_id":"24509b5a-a0a9-4b58-926b-38e27c773a19","local_time":"20190420230609","is_ascension_mode":true,"campfire_choices":[{"data":"Whirlwind","floor":7.0,"key":"SMITH"},{"data":"Shockwave","floor":11.0,"key":"SMITH"},{"data":"Fiend Fire","floor":13.0,"key":"SMITH"},{"data":"Battle Trance","floor":15.0,"key":"SMITH"},{"data":"Spot Weakness","floor":24.0,"key":"SMITH"},{"data":"Bandage Up","floor":30.0,"key":"SMITH"},{"data":"Feel No Pain","floor":32.0,"key":"SMITH"},{"floor":45.0,"key":"RECALL"},{"data":"Double Tap","floor":49.0,"key":"SMITH"},{"data":"Disarm","floor":53.0,"key":"SMITH"}],"neow_cost":"NONE","seed_source_timestamp":953040911682457,"circlet_count":0,"master_deck":["AscendersBane","Strike_R","Strike_R+1","Defend_R","Defend_R+1","Defend_R","Defend_R+1","Bash+1","Whirlwind+1","Clothesline+1","Bandage Up+1","Spot Weakness+1","Fiend Fire+1","Shockwave+1","Flex","Battle Trance+1","Offering","Feel No Pain+1","Shrug It Off+1","Reaper+1","Inflame","Reaper","Disarm+1","Parasite","Intimidate","Double Tap+1"],"special_seed":0,"relics":["Burning Blood","War Paint","Potion Belt","Question Card","Happy Flower","Bottled Lightning","Whetstone","Snecko Eye","MutagenicStrength","Bag of Marbles","Pantograph","Magic Flower","Gremlin Horn","PreservedInsect","Smiling Mask","Cursed Key","Thread and Needle","Shuriken","Red Mask","Blood Vial"],"potions_floor_usage":[56,56],"damage_taken":[{"damage":9.0,"enemies":"Small Slimes","floor":1.0,"turns":5.0},{"damage":0.0,"enemies":"Cultist","floor":3.0,"turns":3.0},{"damage":7.0,"enemies":"Jaw Worm","floor":4.0,"turns":4.0},{"damage":28.0,"enemies":"Lagavulin","floor":6.0,"turns":8.0},{"damage":12.0,"enemies":"3 Sentries","floor":8.0,"turns":3.0},{"damage":29.0,"enemies":"Lagavulin","floor":10.0,"turns":7.0},{"damage":4.0,"enemies":"Large Slime","floor":12.0,"turns":3.0},{"damage":2.0,"enemies":"3 Sentries","floor":14.0,"turns":2.0},{"damage":18.0,"enemies":"Hexaghost","floor":16.0,"turns":8.0},{"damage":8.0,"enemies":"2 Thieves","floor":18.0,"turns":4.0},{"damage":6.0,"enemies":"3 Byrds","floor":21.0,"turns":4.0},{"damage":18.0,"enemies":"Shelled Parasite and Fungi","floor":22.0,"turns":3.0},{"damage":16.0,"enemies":"Book of Stabbing","floor":23.0,"turns":2.0},{"damage":6.0,"enemies":"Chosen and Byrds","floor":27.0,"turns":2.0},{"damage":0.0,"enemies":"Gremlin Leader","floor":31.0,"turns":1.0},{"damage":0.0,"enemies":"Collector","floor":33.0,"turns":4.0},{"damage":27.0,"enemies":"3 Shapes","floor":35.0,"turns":5.0},{"damage":0.0,"enemies":"Orb Walker","floor":38.0,"turns":1.0},{"damage":5.0,"enemies":"Transient","floor":39.0,"turns":6.0},{"damage":0.0,"enemies":"Reptomancer","floor":40.0,"turns":1.0},{"damage":6.0,"enemies":"Nemesis","floor":42.0,"turns":3.0},{"damage":17.0,"enemies":"Jaw Worm Horde","floor":47.0,"turns":3.0},{"damage":3.0,"enemies":"Writhing Mass","floor":48.0,"turns":5.0},{"damage":118.0,"enemies":"Awakened One","floor":50.0,"turns":10.0},{"damage":137.0,"enemies":"Time Eater","floor":51.0,"turns":16.0},{"damage":17,"enemies":"Shield and Spear","floor":55,"turns":3},{"damage":151,"enemies":"The Heart","floor":56,"turns":8}],"seed_played":"6844998130367416928","potions_obtained":[{"floor":3.0,"key":"Explosive Potion"},{"floor":4.0,"key":"AttackPotion"},{"floor":8.0,"key":"BloodPotion"},{"floor":16.0,"key":"SpeedPotion"},{"floor":18.0,"key":"Strength Potion"},{"floor":23.0,"key":"PowerPotion"},{"floor":31.0,"key":"Weak Potion"},{"floor":33.0,"key":"SkillPotion"},{"floor":38.0,"key":"AttackPotion"},{"floor":42.0,"key":"Strength Potion"},{"floor":48.0,"key":"Fruit Juice"},{"floor":55,"key":"SkillPotion"}],"is_trial":false,"path_per_floor":["M","?","M","M","$","E","R","E","T","E","R","M","R","E","R","B",null,"M","?","$","M","M","E","R","T","T","M","?","$","R","E","R","B",null,"M","?","$","M","M","E","$","E","T","?","R","?","M","M","R","B","B",null,"R","$","E","B"],"character_chosen":"IRONCLAD","items_purchased":["Clothesline","Bandage Up","PreservedInsect","Inflame"],"campfire_rested":0,"item_purchase_floors":[5,5,29,37],"current_hp_per_floor":[65,65,71,70,70,52,52,50,50,31,31,33,33,41,41,33,65,67,67,67,67,55,45,45,45,45,48,48,48,48,57,57,75,75,75,75,75,75,75,75,75,75,75,75,75,75,75,75,75,56,31,68,68,68,80,0],"gold":57,"neow_bonus":"UPGRADE_CARD","is_prod":false,"is_daily":false,"chose_seed":false,"campfire_upgraded":9,"win_rate":0,"timestamp":1555794369,"path_taken":["M","?","M","?","$","E","R","E","T","E","R","M","R","E","R","BOSS","M","?","$","M","M","E","R","?","T","M","?","$","R","E","R","BOSS","M","?","$","?","M","E","?","E","T","?","R","?","?","M","R","BOSS","BOSS","R","$","E","BOSS"],"build_version":"2019-01-23","purchased_purges":3,"victory":false,"max_hp_per_floor":[75,75,75,75,75,75,75,75,75,75,75,75,75,75,75,75,75,75,75,75,75,75,75,75,75,75,75,75,75,75,75,75,75,75,75,75,75,75,75,75,75,75,75,75,75,75,75,75,75,80,80,80,80,80,80,80],"card_choices":[{"not_picked":["Heavy Blade","Feel No Pain"],"picked":"Dropkick","floor":1.0},{"not_picked":["Iron Wave","Headbutt"],"picked":"Whirlwind","floor":3.0},{"not_picked":["Heavy Blade","Burning Pact","Clash"],"picked":"SKIP","floor":4.0},{"not_picked":["Heavy Blade","Burning Pact","Clash"],"picked":"SKIP","floor":4.0},{"not_picked":["Heavy Blade","Pummel"],"picked":"Spot Weakness","floor":6.0},{"not_picked":["Fire Breathing","Thunderclap"],"picked":"Fiend Fire","floor":8.0},{"not_picked":["Body Slam","Rampage","Headbutt"],"picked":"Shockwave","floor":10.0},{"not_picked":["Dropkick","Sever Soul","Clothesline"],"picked":"Flex","floor":12.0},{"not_picked":["Blood for Blood","Burning Pact","Exhume"],"picked":"Battle Trance","floor":14.0},{"not_picked":["Berserk","Double Tap","Exhume"],"picked":"Offering","floor":16.0},{"not_picked":["Thunderclap","Clothesline","Infernal Blade+1","Rupture"],"picked":"SKIP","floor":18.0},{"not_picked":["Twin Strike+1","Sever Soul+1","Thunderclap","Combust"],"picked":"SKIP","floor":21.0},{"not_picked":["Infernal Blade","Sword Boomerang","Thunderclap","Havoc+1"],"picked":"SKIP","floor":22.0},{"not_picked":["Combust","Flex","Seeing Red","Twin Strike+1"],"picked":"SKIP","floor":23.0},{"not_picked":["Dropkick","Clash","Metallicize"],"picked":"Feel No Pain","floor":27.0},{"not_picked":["Metallicize","Ghostly Armor","Warcry"],"picked":"Shrug It Off+1","floor":31.0},{"not_picked":["Exhume","Immolate","Demon Form"],"picked":"Reaper","floor":33.0},{"not_picked":["Pummel","Pommel Strike","Whirlwind","Headbutt+1"],"picked":"SKIP","floor":35.0},{"not_picked":["Headbutt","Iron Wave+1","Thunderclap","Warcry+1"],"picked":"SKIP","floor":38.0},{"not_picked":["Sword Boomerang","Anger","Clash","Heavy Blade"],"picked":"SKIP","floor":39.0},{"not_picked":["Heavy Blade","Armaments","Immolate"],"picked":"Reaper","floor":40.0},{"not_picked":["Searing Blow","Fire Breathing","Pummel+1"],"picked":"Disarm","floor":42.0},{"not_picked":["Anger","Armaments","Perfected Strike","Combust"],"picked":"SKIP","floor":47.0},{"not_picked":["Armaments","Warcry","Cleave"],"picked":"Double Tap","floor":48.0},{"not_picked":["Entrench","Cleave+1","True Grit","Clash"],"picked":"SKIP","floor":55}],"player_experience":2540882,"relics_obtained":[{"floor":6.0,"key":"Potion Belt"},{"floor":8.0,"key":"Question Card"},{"floor":9.0,"key":"Happy Flower"},{"floor":10.0,"key":"Bottled Lightning"},{"floor":14.0,"key":"Whetstone"},{"floor":23.0,"key":"Bag of Marbles"},{"floor":25.0,"key":"Pantograph"},{"floor":26.0,"key":"Magic Flower"},{"floor":31.0,"key":"Smiling Mask"},{"floor":40.0,"key":"Thread and Needle"},{"floor":42.0,"key":"Shuriken"},{"floor":55,"key":"Blood Vial"}],"event_choices":[{"cards_removed":["Dropkick"],"damage_healed":0.0,"max_hp_gain":0.0,"max_hp_loss":0.0,"gold_gain":0.0,"event_name":"WeMeetAgain","player_choice":"Gave Card","floor":2.0,"gold_loss":0.0,"damage_taken":0.0,"relics_obtained":["War Paint"]},{"damage_healed":0.0,"max_hp_gain":0.0,"max_hp_loss":0.0,"gold_gain":0.0,"event_name":"Drug Dealer","player_choice":"Inject Mutagens","floor":19.0,"gold_loss":0.0,"damage_taken":0.0,"relics_obtained":["MutagenicStrength"]},{"damage_healed":0.0,"max_hp_gain":0.0,"max_hp_loss":0.0,"gold_gain":0.0,"event_name":"The Mausoleum","player_choice":"Opened","floor":28.0,"gold_loss":0.0,"damage_taken":0.0,"relics_obtained":["Gremlin Horn"],"cards_obtained":["Writhe"]},{"damage_healed":0.0,"max_hp_gain":0.0,"max_hp_loss":0.0,"gold_gain":0.0,"event_name":"Upgrade Shrine","player_choice":"Upgraded","floor":36.0,"gold_loss":0.0,"damage_taken":0.0,"cards_upgraded":["Reaper"]},{"damage_healed":0.0,"max_hp_gain":0.0,"max_hp_loss":0.0,"gold_gain":0.0,"event_name":"Tomb of Lord Red Mask","player_choice":"Paid","floor":44.0,"gold_loss":121.0,"damage_taken":0.0,"relics_obtained":["Red Mask"]},{"damage_healed":0.0,"max_hp_gain":0.0,"max_hp_loss":0.0,"gold_gain":0.0,"cards_transformed":["Strike_R"],"event_name":"Transmorgrifier","player_choice":"Transformed","floor":46.0,"gold_loss":0.0,"damage_taken":0.0,"cards_obtained":["Intimidate"]}],"is_beta":false,"boss_relics":[{"not_picked":["Calling Bell","Black Blood"],"picked":"Snecko Eye"},{"not_picked":["Runic Dome","White Beast Statue"],"picked":"Cursed Key"}],"items_purged_floors":[20,37,41],"is_endless":false,"potions_floor_spawned":[3,4,8,16,18,23,31,33,38,42,48,55],"killed_by":"The Heart","ascension_level":20}