{"gold_per_floor":[118,118,134,134,150,150,185,185,185,185,215,37,54,74,74,146,146,162,77,89,89,107,141,141,141,141,167,92,122,122,136,136,213,213,226,103,121,136,153,153,153,153,153,180,205,156,187,19,19,19],"floor_reached":51,"playtime":3495,"items_purged":["Writhe","Writhe"],"score":1408,"play_id":"5d81b479-3fb9-4ac4-9f84-fda2e435648c","local_time":"20190330013735","is_ascension_mode":true,"campfire_choices":[{"data":"Discovery","floor":6.0,"key":"SMITH"},{"floor":8.0,"key":"REST"},{"floor":15.0,"key":"REST"},{"data":"Apotheosis","floor":24.0,"key":"SMITH"},{"data":"Demon Form","floor":30.0,"key":"SMITH"},{"data":"Shrug It Off","floor":32.0,"key":"SMITH"},{"data":"Metallicize","floor":40.0,"key":"SMITH"},{"floor":42.0,"key":"REST"},{"data":"Good Instincts","floor":49.0,"key":"SMITH"}],"neow_cost":"PERCENT_DAMAGE","seed_source_timestamp":32472031535181,"circlet_count":0,"master_deck":["AscendersBane","Defend_R","Defend_R","Defend_R","Bash","Good Instincts+1","Discovery+1","Twin Strike","Heavy Blade","Flex","Offering+1","Rage","Apotheosis+1","Rage","Bludgeon","Shrug It Off+1","Intimidate+1","Bite","Bite","Bite","Bite","Bite","Demon Form+1","Battle Trance+1","Body Slam","Immolate","Spot Weakness+1","Shrug It Off+1","Body Slam","Seeing Red+1","Metallicize+1","Pommel Strike","Ghostly Armor+1","Trip+1"],"special_seed":0,"relics":["Black Blood","Unceasing Top","Juzu Bracelet","Turnip","Ancient Tea Set","Cursed Key","Toxic Egg 2","WingedGreaves","Lantern","Omamori","Mango","Bag of Preparation","Singing Bowl","Regal Pillow","Frozen Egg 2","Centennial Puzzle"],"potions_floor_usage":[50,50],"damage_taken":[{"damage":5.0,"enemies":"Small Slimes","floor":1.0,"turns":4.0},{"damage":0.0,"enemies":"2 Louse","floor":3.0,"turns":2.0},{"damage":7.0,"enemies":"Jaw Worm","floor":5.0,"turns":4.0},{"damage":25.0,"enemies":"3 Sentries","floor":7.0,"turns":9.0},{"damage":32.0,"enemies":"Lagavulin","floor":11.0,"turns":6.0},{"damage":11.0,"enemies":"Exordium Wildlife","floor":13.0,"turns":5.0},{"damage":18.0,"enemies":"Large Slime","floor":14.0,"turns":6.0},{"damage":23.0,"enemies":"Slime Boss","floor":16.0,"turns":18.0},{"damage":11.0,"enemies":"Shell Parasite","floor":18.0,"turns":4.0},{"damage":7.0,"enemies":"Chosen","floor":20.0,"turns":4.0},{"damage":11.0,"enemies":"Sentry and Sphere","floor":22.0,"turns":4.0},{"damage":26.0,"enemies":"Book of Stabbing","floor":23.0,"turns":9.0},{"damage":59.0,"enemies":"Gremlin Leader","floor":27.0,"turns":10.0},{"damage":23.0,"enemies":"Slavers","floor":29.0,"turns":7.0},{"damage":6.0,"enemies":"Centurion and Healer","floor":31.0,"turns":6.0},{"damage":35.0,"enemies":"Automaton","floor":33.0,"turns":9.0},{"damage":17.0,"enemies":"Orb Walker","floor":35.0,"turns":3.0},{"damage":6.0,"enemies":"3 Shapes","floor":37.0,"turns":4.0},{"damage":6.0,"enemies":"Jaw Worm Horde","floor":38.0,"turns":3.0},{"damage":34.0,"enemies":"Spire Growth","floor":39.0,"turns":3.0},{"damage":14.0,"enemies":"Nemesis","floor":44.0,"turns":5.0},{"damage":38.0,"enemies":"Reptomancer","floor":45.0,"turns":5.0},{"damage":24.0,"enemies":"Nemesis","floor":47.0,"turns":7.0},{"damage":57,"enemies":"Awakened One","floor":50,"turns":10}],"seed_played":"9177438930258540531","potions_obtained":[{"floor":1.0,"key":"SkillPotion"},{"floor":3.0,"key":"SmokeBomb"},{"floor":7.0,"key":"Dexterity Potion"},{"floor":11.0,"key":"Poison Potion"},{"floor":14.0,"key":"FearPotion"},{"floor":20.0,"key":"Block Potion"},{"floor":23.0,"key":"Weak Potion"},{"floor":31.0,"key":"Regen Potion"},{"floor":35.0,"key":"SteroidPotion"},{"floor":39.0,"key":"Block Potion"},{"floor":45.0,"key":"SkillPotion"}],"is_trial":false,"path_per_floor":["M","?","M","?","M","R","E","R","T","?","E","$","M","M","R","B",null,"M","?","M","?","M","E","R","?","T","E","$","E","R","M","R","B",null,"M","$","M","M","M","R","?","R","T","E","E","$","E","$","R","B",null],"character_chosen":"IRONCLAD","items_purchased":["Apotheosis","Shrug It Off+1","Strength Potion","Regen Potion","Trip+1"],"campfire_rested":3,"item_purchase_floors":[12,36,46,48,48],"current_hp_per_floor":[51,46,52,57,56,56,37,61,61,61,35,35,30,18,42,25,66,61,61,60,56,56,54,54,54,54,45,45,47,47,66,66,63,68,67,67,70,70,52,52,52,70,70,72,72,72,72,72,72,59],"gold":19,"neow_bonus":"RANDOM_COLORLESS_2","is_prod":false,"is_daily":false,"chose_seed":false,"campfire_upgraded":6,"win_rate":0,"timestamp":1553935055,"path_taken":["M","?","M","?","M","R","E","R","T","?","E","?","M","M","R","BOSS","M","?","M","?","M","E","R","?","T","E","?","E","R","M","R","BOSS","M","$","M","M","M","R","?","R","T","E","E","?","E","$","R","BOSS"],"build_version":"2019-01-23","purchased_purges":2,"victory":true,"max_hp_per_floor":[75,75,75,80,80,80,80,80,80,80,80,80,80,80,80,80,80,80,80,80,56,56,56,56,56,56,70,70,70,70,70,70,70,70,70,70,70,70,70,70,70,70,70,72,72,72,74,74,74,74],"card_choices":[{"not_picked":["Perfected Strike","Entrench"],"picked":"Twin Strike","floor":1.0},{"not_picked":["Sentinel","Sword Boomerang"],"picked":"Heavy Blade","floor":3.0},{"not_picked":["Wild Strike","Warcry"],"picked":"Flex","floor":5.0},{"not_picked":["Dark Embrace","Headbutt"],"picked":"Offering","floor":7.0},{"not_picked":["Wild Strike","Dual Wield"],"picked":"Rage","floor":11.0},{"not_picked":["Wild Strike","Dropkick","Dual Wield"],"picked":"SKIP","floor":13.0},{"not_picked":["Burning Pact","Pummel"],"picked":"Rage","floor":14.0},{"not_picked":["Exhume","Berserk"],"picked":"Bludgeon","floor":16.0},{"not_picked":["Pommel Strike","Uppercut"],"picked":"Shrug It Off","floor":18.0},{"not_picked":["Whirlwind","Perfected Strike"],"picked":"Intimidate+1","floor":20.0},{"not_picked":["Armaments+1","Fire Breathing"],"picked":"Demon Form","floor":22.0},{"not_picked":["Flex+1","Pommel Strike"],"picked":"Battle Trance+1","floor":23.0},{"not_picked":["Warcry+1","Wild Strike"],"picked":"Body Slam","floor":27.0},{"not_picked":["Double Tap+1","Wild Strike","Headbutt"],"picked":"SKIP","floor":29.0},{"not_picked":["Perfected Strike","Rupture","Sword Boomerang"],"picked":"SKIP","floor":31.0},{"not_picked":["Feed","Brutality"],"picked":"Immolate","floor":33.0},{"not_picked":["Infernal Blade+1","Flex+1"],"picked":"Spot Weakness+1","floor":35.0},{"not_picked":["Sword Boomerang","Armaments+1"],"picked":"Body Slam","floor":37.0},{"not_picked":["Spot Weakness+1","Twin Strike+1"],"picked":"Seeing Red+1","floor":38.0},{"not_picked":["Twin Strike+1","Armaments+1"],"picked":"Metallicize","floor":39.0},{"not_picked":["Clothesline","Clash","Wild Strike+1"],"picked":"Singing Bowl","floor":44.0},{"not_picked":["Feel No Pain","Fire Breathing"],"picked":"Ghostly Armor+1","floor":45.0},{"not_picked":["Feel No Pain+1","Armaments+1","Headbutt"],"picked":"Singing Bowl","floor":47.0}],"player_experience":672700,"relics_obtained":[{"floor":7.0,"key":"Juzu Bracelet"},{"floor":9.0,"key":"Turnip"},{"floor":11.0,"key":"Ancient Tea Set"},{"floor":23.0,"key":"WingedGreaves"},{"floor":26.0,"key":"Omamori"},{"floor":27.0,"key":"Mango"},{"floor":29.0,"key":"Bag of Preparation"},{"floor":43.0,"key":"Singing Bowl"},{"floor":44.0,"key":"Regal Pillow"},{"floor":45.0,"key":"Frozen Egg 2"},{"floor":47.0,"key":"Centennial Puzzle"}],"event_choices":[{"damage_healed":0.0,"max_hp_gain":0.0,"max_hp_loss":0.0,"gold_gain":0.0,"event_name":"Scrap Ooze","player_choice":"Success","floor":2.0,"gold_loss":0.0,"damage_taken":5.0,"relics_obtained":["Unceasing Top"]},{"damage_healed":0.0,"max_hp_gain":5.0,"max_hp_loss":0.0,"gold_gain":0.0,"event_name":"Big Fish","player_choice":"Donut","floor":4.0,"gold_loss":0.0,"damage_taken":0.0},{"damage_healed":0.0,"max_hp_gain":0.0,"max_hp_loss":0.0,"gold_gain":0.0,"event_name":"Living Wall","player_choice":"Grow","floor":10.0,"gold_loss":0.0,"damage_taken":0.0,"cards_upgraded":["Offering"]},{"damage_healed":0.0,"max_hp_gain":0.0,"max_hp_loss":0.0,"gold_gain":0.0,"event_name":"Addict","player_choice":"Obtained Relic","floor":19.0,"gold_loss":85.0,"damage_taken":0.0,"relics_obtained":["Toxic Egg 2"]},{"damage_healed":0.0,"max_hp_gain":0.0,"max_hp_loss":24.0,"gold_gain":0.0,"event_name":"Vampires","player_choice":"Became a vampire","floor":21.0,"gold_loss":0.0,"damage_taken":0.0,"cards_obtained":["Bite","Bite","Bite","Bite","Bite"]},{"damage_healed":0.0,"max_hp_gain":0.0,"max_hp_loss":0.0,"gold_gain":0.0,"event_name":"The Mausoleum","player_choice":"Opened","floor":25.0,"gold_loss":0.0,"damage_taken":0.0,"relics_obtained":["Lantern"],"cards_obtained":["Writhe"]},{"damage_healed":0.0,"max_hp_gain":0.0,"max_hp_loss":0.0,"gold_gain":0.0,"cards_transformed":["Defend_R"],"event_name":"Transmorgrifier","player_choice":"Transformed","floor":41.0,"gold_loss":0.0,"damage_taken":0.0,"cards_obtained":["Pommel Strike"]}],"is_beta":false,"boss_relics":[{"not_picked":["Eternal Feather","Pandora\u0027s Box"],"picked":"Cursed Key"},{"not_picked":["Orrery","Snecko Eye"],"picked":"Black Blood"}],"items_purged_floors":[28,36],"is_endless":false,"potions_floor_spawned":[1,3,7,11,14,20,23,31,35,38,39,45],"ascension_level":15}