{"gold_per_floor":[16,36,54,54,74,99,99,132,158,158,128,141,141,161,161,236,236,249,174,174,274,286,311,361,139,187,187,187,216,232,263,275,361,373,396,421,122,172,184,210,210,241,241,251,10,23,39,64,64,64,64,64,64,64,89,89],"floor_reached":57,"playtime":8391,"items_purged":["Defend_G+1","Defend_G+1"],"score":3445,"play_id":"0225f8f3-5315-4c5a-aebc-ec77cd256b50","local_time":"20190215235517","is_ascension_mode":true,"campfire_choices":[{"data":"Wraith Form v2","floor":7.0,"key":"SMITH"},{"floor":13,"key":"REST"},{"data":"Bullet Time","floor":15,"key":"SMITH"},{"floor":28,"key":"REST"},{"data":"Wraith Form v2","floor":32,"key":"SMITH"},{"floor":49,"key":"RECALL"},{"floor":53,"key":"REST"}],"neow_cost":"NO_GOLD","seed_source_timestamp":73612432458380,"circlet_count":0,"master_deck":["AscendersBane","Defend_G+1","Defend_G+1","Strike_G+1","Strike_G+1","Strike_G+1","Strike_G+1","Survivor","Neutralize","Wraith Form v2+1","Deadly Poison","Predator+1","Dagger Spray","Dash","Poisoned Stab","Well Laid Plans+1","Bullet Time+1","PiercingWail","Wraith Form v2+1","Acrobatics+1","Poisoned Stab","Escape Plan+1","Wraith Form v2","Deflect+1","Deadly Poison+1","Terror+1","Blur+1","Wraith Form v2","Burst+1","Bouncing Flask+1","Purity+1","Noxious Fumes+1","Prepared+1","Footwork+1"],"special_seed":0,"relics":["Ring of the Serpent","Lantern","Orichalcum","Whetstone","Incense Burner","Toxic Egg 2","Art of War","OrangePellets","Oddly Smooth Stone","Happy Flower","MawBank","Runic Pyramid","Bag of Preparation","Tough Bandages","Mummified Hand","Bottled Lightning","Molten Egg 2","Dodecahedron","Vajra"],"potions_floor_usage":[16,16,18,21,23,29,33,56,56],"damage_taken":[{"damage":4.0,"enemies":"2 Louse","floor":1.0,"turns":7.0},{"damage":5.0,"enemies":"Cultist","floor":2.0,"turns":4.0},{"damage":1.0,"enemies":"Small Slimes","floor":3.0,"turns":3.0},{"damage":0.0,"enemies":"3 Louse","floor":5.0,"turns":4.0},{"damage":10.0,"enemies":"3 Sentries","floor":6.0,"turns":9.0},{"damage":27.0,"enemies":"Lagavulin","floor":8.0,"turns":8.0},{"damage":0,"enemies":"2 Fungi Beasts","floor":12,"turns":2},{"damage":1,"enemies":"Red Slaver","floor":14,"turns":2},{"damage":8,"enemies":"Slime Boss","floor":16,"turns":11},{"damage":10,"enemies":"3 Byrds","floor":18,"turns":7},{"damage":24,"enemies":"Colosseum Slavers","floor":21,"turns":6},{"damage":6,"enemies":"Colosseum Nobs","floor":21,"turns":5},{"damage":0,"enemies":"Shell Parasite","floor":22,"turns":7},{"damage":2,"enemies":"Book of Stabbing","floor":23,"turns":8},{"damage":4,"enemies":"Gremlin Leader","floor":29,"turns":7},{"damage":0,"enemies":"Centurion and Healer","floor":30,"turns":5},{"damage":0,"enemies":"Book of Stabbing","floor":31,"turns":7},{"damage":0,"enemies":"Collector","floor":33,"turns":10},{"damage":0,"enemies":"3 Darklings","floor":35,"turns":6},{"damage":0,"enemies":"Orb Walker","floor":36,"turns":4},{"damage":0,"enemies":"2 Orb Walkers","floor":38,"turns":6},{"damage":0,"enemies":"3 Darklings","floor":39,"turns":6},{"damage":0,"enemies":"Giant Head","floor":40,"turns":10},{"damage":0,"enemies":"Nemesis","floor":42,"turns":7},{"damage":1,"enemies":"Sphere and 2 Shapes","floor":44,"turns":7},{"damage":0,"enemies":"Spire Growth","floor":46,"turns":5},{"damage":0,"enemies":"Writhing Mass","floor":47,"turns":5},{"damage":0,"enemies":"Reptomancer","floor":48,"turns":6},{"damage":0,"enemies":"Donu and Deca","floor":50,"turns":11},{"damage":0,"enemies":"Awakened One","floor":51,"turns":11},{"damage":0,"enemies":"Shield and Spear","floor":55,"turns":8},{"damage":0,"enemies":"The Heart","floor":56,"turns":11}],"seed_played":"-8004503156787743690","potions_obtained":[{"floor":5.0,"key":"Dexterity Potion"},{"floor":6.0,"key":"Dexterity Potion"},{"floor":11,"key":"PowerPotion"},{"floor":16,"key":"Swift Potion"},{"floor":18,"key":"LiquidBronze"},{"floor":21,"key":"EssenceOfSteel"},{"floor":22,"key":"SmokeBomb"},{"floor":27,"key":"EssenceOfSteel"},{"floor":30,"key":"AttackPotion"},{"floor":36,"key":"LiquidBronze"},{"floor":48,"key":"GamblersBrew"}],"is_trial":false,"path_per_floor":["M","M","M","?","M","E","R","E","T","?","?","M","R","M","R","B",null,"M","?","?","?","M","E","?","$","T","?","R","E","M","E","R","B",null,"M","M","$","?","M","E","T","E","T","M","$","M","M","E","R","B","B",null,"R","$","E","B",null],"character_chosen":"THE_SILENT","items_purchased":["OrangePellets","Bag of Preparation","Terror+1","Bouncing Flask+1","Purity+1"],"campfire_rested":3,"item_purchase_floors":[25,37,37,45,45],"current_hp_per_floor":[55,50,49,42,42,32,32,5,5,5,5,5,24,23,23,15,53,43,43,43,13,13,11,11,11,11,11,30,26,26,26,26,26,56,56,56,56,56,56,56,56,56,56,55,55,55,55,55,55,55,55,63,66,66,66,66],"gold":89,"neow_bonus":"THREE_RARE_CARDS","is_prod":false,"is_daily":false,"chose_seed":false,"campfire_upgraded":3,"win_rate":0,"timestamp":1550271317,"path_taken":["M","M","M","?","M","E","R","E","T","?","?","M","R","?","R","BOSS","M","?","?","?","M","E","?","$","T","?","R","E","M","E","R","BOSS","M","M","$","?","M","E","?","E","T","M","$","M","M","E","R","BOSS","BOSS","R","$","E","BOSS"],"build_version":"2019-01-23","purchased_purges":2,"victory":true,"max_hp_per_floor":[66,66,66,66,66,66,66,66,66,66,66,66,66,66,66,66,66,66,66,66,66,66,66,66,66,66,66,66,66,66,66,66,66,66,66,66,66,66,66,66,66,66,66,66,66,66,66,66,66,66,66,66,66,66,66,66],"card_choices":[{"not_picked":["Storm of Steel","Burst"],"picked":"Wraith Form v2","floor":0.0},{"not_picked":["Slice","Infinite Blades"],"picked":"Deadly Poison","floor":1.0},{"not_picked":["Backflip","Cloak And Dagger"],"picked":"Predator","floor":2.0},{"not_picked":["Heel Hook","Concentrate"],"picked":"Dagger Spray","floor":3.0},{"not_picked":["Finisher","Backflip"],"picked":"Dash","floor":5.0},{"not_picked":["Blade Dance","Dodge and Roll"],"picked":"Poisoned Stab","floor":6.0},{"not_picked":["Setup","Dagger Throw"],"picked":"Well Laid Plans","floor":8.0},{"not_picked":["Deadly Poison","Predator"],"picked":"Bullet Time","floor":12},{"not_picked":["Bane","Blade Dance"],"picked":"PiercingWail","floor":14},{"not_picked":["Storm of Steel","Bullet Time"],"picked":"Wraith Form v2","floor":16},{"not_picked":["Quick Slash+1","Accuracy","Slice+1"],"picked":"SKIP","floor":18},{"not_picked":["Predator","Outmaneuver+1"],"picked":"Acrobatics+1","floor":22},{"not_picked":["Sucker Punch","Dagger Throw","Flechettes"],"picked":"SKIP","floor":23},{"not_picked":["Accuracy","Dagger Spray"],"picked":"Poisoned Stab","floor":29},{"not_picked":["Poisoned Stab","Dagger Throw","Tools of the Trade"],"picked":"SKIP","floor":30},{"not_picked":["Underhanded Strike","Acrobatics+1"],"picked":"Escape Plan+1","floor":31},{"not_picked":["Die Die Die","Tools of the Trade"],"picked":"Wraith Form v2","floor":33},{"not_picked":["Acrobatics+1","Bane"],"picked":"Deflect+1","floor":35},{"not_picked":["Riddle With Holes","Flechettes"],"picked":"Deadly Poison+1","floor":36},{"not_picked":["Escape Plan+1","Bane"],"picked":"Blur+1","floor":38},{"not_picked":["Dodge and Roll+1","Dagger Spray"],"picked":"Wraith Form v2","floor":39},{"not_picked":["Riddle With Holes","Expertise+1","Slice+1"],"picked":"SKIP","floor":40},{"not_picked":["Heel Hook","Acrobatics+1"],"picked":"Burst+1","floor":42},{"not_picked":["Poisoned Stab+1","Sucker Punch+1","Finisher+1"],"picked":"SKIP","floor":44},{"not_picked":["Leg Sweep+1","Quick Slash+1","Masterful Stab+1"],"picked":"SKIP","floor":46},{"not_picked":["Footwork","Quick Slash+1"],"picked":"Noxious Fumes+1","floor":47},{"not_picked":["Dagger Spray+1","Quick Slash+1"],"picked":"Prepared+1","floor":48},{"not_picked":["Predator+1","Riddle With Holes+1"],"picked":"Footwork+1","floor":55}],"player_experience":1689313,"relics_obtained":[{"floor":6.0,"key":"Lantern"},{"floor":8.0,"key":"Orichalcum"},{"floor":9,"key":"Whetstone"},{"floor":21,"key":"Incense Burner"},{"floor":21,"key":"Toxic Egg 2"},{"floor":23,"key":"Art of War"},{"floor":26,"key":"Oddly Smooth Stone"},{"floor":29,"key":"Happy Flower"},{"floor":31,"key":"MawBank"},{"floor":38,"key":"Tough Bandages"},{"floor":40,"key":"Mummified Hand"},{"floor":42,"key":"Bottled Lightning"},{"floor":43,"key":"Molten Egg 2"},{"floor":48,"key":"Dodecahedron"},{"floor":55,"key":"Vajra"}],"event_choices":[{"cards_removed":["Strike_G"],"damage_healed":0.0,"max_hp_gain":0.0,"max_hp_loss":0.0,"gold_gain":0.0,"event_name":"Golden Wing","player_choice":"Card Removal","floor":4.0,"gold_loss":0.0,"damage_taken":7.0},{"damage_healed":0,"gold_gain":0,"player_choice":"Grow","damage_taken":0,"max_hp_gain":0,"max_hp_loss":0,"event_name":"Living Wall","floor":10,"gold_loss":0,"cards_upgraded":["Well Laid Plans"]},{"damage_healed":0,"gold_gain":0,"player_choice":"Bought 2 Potions","damage_taken":0,"max_hp_gain":0,"max_hp_loss":0,"event_name":"The Woman in Blue","floor":11,"gold_loss":0},{"cards_removed":["Defend_G"],"damage_healed":0,"gold_gain":0,"player_choice":"Gave Gold","damage_taken":0,"max_hp_gain":0,"max_hp_loss":0,"event_name":"Beggar","floor":19,"gold_loss":75},{"damage_healed":0,"gold_gain":0,"player_choice":"Simplicity","damage_taken":0,"max_hp_gain":0,"max_hp_loss":0,"event_name":"Back to Basics","floor":20,"gold_loss":0,"cards_upgraded":["Defend_G","Defend_G","Defend_G","Defend_G","Strike_G","Strike_G","Strike_G"]},{"damage_healed":0,"gold_gain":0,"player_choice":"Fight","damage_taken":0,"max_hp_gain":0,"max_hp_loss":0,"event_name":"Colosseum","floor":21,"gold_loss":0},{"damage_healed":0,"gold_gain":0,"player_choice":"Fought Nobs","damage_taken":0,"max_hp_gain":0,"max_hp_loss":0,"event_name":"Colosseum","floor":21,"gold_loss":0},{"damage_healed":0,"gold_gain":50,"player_choice":"Stole From Cult","damage_taken":0,"max_hp_gain":0,"max_hp_loss":0,"event_name":"Nest","floor":24,"gold_loss":0},{"damage_healed":0,"gold_gain":0,"player_choice":"Got Potions","damage_taken":0,"max_hp_gain":0,"max_hp_loss":0,"event_name":"Lab","floor":27,"gold_loss":0},{"damage_healed":0,"gold_gain":0,"player_choice":"Fight","damage_taken":0,"max_hp_gain":0,"max_hp_loss":0,"event_name":"Mysterious Sphere","floor":38,"gold_loss":0}],"is_beta":false,"boss_relics":[{"not_picked":["Runic Dome","White Beast Statue"],"picked":"Ring of the Serpent"},{"not_picked":["Calling Bell","Sozu"],"picked":"Runic Pyramid"}],"items_purged_floors":[37,45],"is_endless":false,"potions_floor_spawned":[5,6,12,16,18,21,22,30,36,38,39,40,47,48],"ascension_level":20}