{"gold_per_floor":[109,127,17,27,38,69,16,46,46,11,0,0,31,31,31,135,135,154,169,187,5,5,30,30,30,30,55,68,78,93,111,111,215,215,232,249,4,20,20,20],"floor_reached":40,"playtime":3668,"items_purged":["Strike_G","Defend_G"],"score":520,"play_id":"92f94c11-cdf6-43e5-ad14-e1cccae715aa","local_time":"20190524212410","is_ascension_mode":true,"campfire_choices":[{"floor":12,"key":"REST"},{"floor":15,"key":"REST"},{"floor":24,"key":"REST"},{"floor":32,"key":"REST"}],"neow_cost":"NONE","seed_source_timestamp":698041054085485,"circlet_count":0,"master_deck":["Defend_G","Defend_G","Defend_G","Defend_G","Strike_G","Strike_G","Strike_G","Strike_G","Survivor","Neutralize","Glass Knife","Cloak And Dagger","Noxious Fumes","Bouncing Flask","Deadly Poison","Endless Agony+1","Bane+1","Flying Knee+1","Poisoned Stab+1","Tools of the Trade","Backstab+1","Backstab+1","Backflip","Burst","Prepared","Backflip+1","Crippling Poison","Deflect+1","Caltrops","Tactician","Endless Agony+1","Envenom","Deadly Poison+1","Escape Plan+1","Parasite","Calculated Gamble+1"],"relics":["Ring of the Snake","Molten Egg 2","Happy Flower","Regal Pillow","Blue Candle","Orrery","Nloth\u0027s Gift","Ornamental Fan","FossilizedHelix","Lizard Tail","TwistedFunnel"],"potions_floor_usage":[5,19,20,27,27,30,31,33,33,38,39,39],"damage_taken":[{"damage":1,"enemies":"Cultist","floor":1,"turns":4},{"damage":0,"enemies":"Jaw Worm","floor":2,"turns":2},{"damage":0,"enemies":"2 Louse","floor":4,"turns":2},{"damage":7,"enemies":"Large Slime","floor":5,"turns":7},{"damage":19,"enemies":"3 Sentries","floor":6,"turns":8},{"damage":28,"enemies":"Gremlin Nob","floor":8,"turns":4},{"damage":13,"enemies":"Lagavulin","floor":13,"turns":5},{"damage":27,"enemies":"Slime Boss","floor":16,"turns":8},{"damage":16,"enemies":"3 Byrds","floor":18,"turns":5},{"damage":7,"enemies":"Chosen","floor":19,"turns":3},{"damage":11,"enemies":"Centurion and Healer","floor":20,"turns":6},{"damage":48,"enemies":"Book of Stabbing","floor":23,"turns":7},{"damage":2,"enemies":"Gremlin Leader","floor":27,"turns":4},{"damage":2,"enemies":"Chosen and Byrds","floor":28,"turns":5},{"damage":0,"enemies":"Snecko","floor":29,"turns":4},{"damage":10,"enemies":"Centurion and Healer","floor":30,"turns":3},{"damage":0,"enemies":"3 Cultists","floor":31,"turns":4},{"damage":63,"enemies":"Collector","floor":33,"turns":12},{"damage":0,"enemies":"3 Shapes","floor":35,"turns":5},{"damage":33,"enemies":"3 Darklings","floor":36,"turns":5},{"damage":32,"enemies":"Writhing Mass","floor":38,"turns":5},{"damage":0,"enemies":"Sphere and 2 Shapes","floor":39,"turns":3},{"damage":49,"enemies":"Reptomancer","floor":40,"turns":4}],"seed_played":"1744025954774571980","potions_obtained":[{"floor":2,"key":"AttackPotion"},{"floor":5,"key":"Ancient Potion"},{"floor":8,"key":"GamblersBrew"},{"floor":16,"key":"GhostInAJar"},{"floor":18,"key":"SteroidPotion"},{"floor":20,"key":"Swift Potion"},{"floor":23,"key":"AttackPotion"},{"floor":27,"key":"Fire Potion"},{"floor":30,"key":"Explosive Potion"},{"floor":31,"key":"SpeedPotion"},{"floor":35,"key":"SmokeBomb"},{"floor":38,"key":"SpeedPotion"}],"is_trial":false,"path_per_floor":["M","M","$","M","M","E","$","E","T","?","?","R","E","?","R","B",null,"M","M","M","$","?","E","R","?","T","E","M","M","M","M","R","B",null,"M","M","$","M","M","E"],"character_chosen":"THE_SILENT","items_purchased":["Noxious Fumes","Bane+1","Crippling Poison","TwistedFunnel","PowerPotion"],"campfire_rested":4,"item_purchase_floors":[3,7,21,37,37],"current_hp_per_floor":[69,69,69,69,62,43,43,15,15,32,32,68,55,48,70,43,70,54,47,36,36,59,11,47,47,47,45,43,43,33,33,69,6,70,70,37,37,5,5,0],"gold":20,"neow_bonus":"ONE_RANDOM_RARE_CARD","is_prod":false,"is_daily":false,"chose_seed":false,"campfire_upgraded":0,"win_rate":0,"timestamp":1558747450,"path_taken":["M","M","$","M","M","E","?","E","T","?","?","R","E","?","R","BOSS","M","M","M","$","?","E","R","?","T","E","M","M","M","M","R","BOSS","M","M","$","M","?","E"],"build_version":"2019-01-23","purchased_purges":2,"victory":false,"max_hp_per_floor":[70,70,70,70,70,70,70,70,70,70,70,70,70,70,70,70,70,70,70,70,70,70,70,70,70,70,70,70,70,70,70,70,70,70,70,70,70,70,70,70],"card_choices":[{"not_picked":["Quick Slash","Deadly Poison"],"picked":"Cloak And Dagger","floor":1},{"not_picked":["Slice","Acrobatics","Flechettes"],"picked":"SKIP","floor":2},{"not_picked":["Concentrate","Dash"],"picked":"Bouncing Flask","floor":4},{"not_picked":["Caltrops","Crippling Poison"],"picked":"Deadly Poison","floor":5},{"not_picked":["Eviscerate","Tools of the Trade"],"picked":"Endless Agony","floor":6},{"not_picked":["Sucker Punch+1","Cloak And Dagger"],"picked":"Flying Knee+1","floor":8},{"not_picked":["Reflex","Die Die Die+1"],"picked":"Poisoned Stab+1","floor":13},{"not_picked":["Wraith Form v2","Grand Finale+1"],"picked":"Tools of the Trade","floor":16},{"not_picked":["Blade Dance","Quick Slash+1"],"picked":"Backstab+1","floor":17},{"not_picked":["Heel Hook+1","Predator+1"],"picked":"Backstab+1","floor":17},{"not_picked":["Blade Dance","Flying Knee+1"],"picked":"Backflip","floor":17},{"not_picked":["Heel Hook+1","Deflect"],"picked":"Burst","floor":17},{"not_picked":["Cloak And Dagger","Bane+1","PiercingWail"],"picked":"SKIP","floor":18},{"not_picked":["Terror","Quick Slash+1"],"picked":"Prepared","floor":19},{"not_picked":["Flying Knee+1","Deadly Poison"],"picked":"Backflip+1","floor":20},{"not_picked":["Quick Slash+1","Choke+1"],"picked":"Deflect+1","floor":23},{"not_picked":["Sucker Punch+1","Night Terror","Cloak And Dagger"],"picked":"SKIP","floor":27},{"not_picked":["Dodge and Roll","Blade Dance"],"picked":"Caltrops","floor":28},{"not_picked":["Acrobatics","Dagger Throw+1"],"picked":"Tactician","floor":29},{"not_picked":["Quick Slash+1","Dodge and Roll+1"],"picked":"Endless Agony+1","floor":30},{"not_picked":["Dagger Spray+1","Infinite Blades","Concentrate+1"],"picked":"SKIP","floor":31},{"not_picked":["A Thousand Cuts","Unload+1"],"picked":"Envenom","floor":33},{"not_picked":["Poisoned Stab+1","Reflex"],"picked":"Deadly Poison+1","floor":35},{"not_picked":["Bane+1","Poisoned Stab+1"],"picked":"Escape Plan+1","floor":36},{"not_picked":["Envenom","Cloak And Dagger"],"picked":"Calculated Gamble+1","floor":38}],"player_experience":304585,"relics_obtained":[{"floor":6,"key":"Molten Egg 2"},{"floor":8,"key":"Happy Flower"},{"floor":9,"key":"Regal Pillow"},{"floor":13,"key":"Blue Candle"},{"floor":23,"key":"Boot"},{"floor":26,"key":"Ornamental Fan"},{"floor":27,"key":"FossilizedHelix"}],"event_choices":[{"damage_healed":17,"gold_gain":0,"player_choice":"Healed","damage_taken":0,"max_hp_gain":0,"max_hp_loss":0,"event_name":"The Cleric","floor":10,"gold_loss":35},{"damage_healed":0,"gold_gain":0,"player_choice":"Left Gold","damage_taken":0,"max_hp_gain":0,"max_hp_loss":0,"event_name":"World of Goop","floor":11,"gold_loss":11},{"damage_healed":0,"gold_gain":0,"player_choice":"Damaged","damage_taken":7,"max_hp_gain":0,"max_hp_loss":0,"event_name":"Wheel of Change","floor":14,"gold_loss":0},{"damage_healed":23,"gold_gain":0,"player_choice":"Heal","damage_taken":0,"max_hp_gain":0,"max_hp_loss":0,"event_name":"The Library","floor":22,"gold_loss":0},{"damage_healed":0,"gold_gain":0,"player_choice":"Traded Relic","damage_taken":0,"relics_obtained":["Nloth\u0027s Gift"],"max_hp_gain":0,"max_hp_loss":0,"event_name":"N\u0027loth","floor":25,"relics_lost":["Boot"],"gold_loss":0}],"is_beta":false,"boss_relics":[{"not_picked":["Runic Dome","Snecko Eye"],"picked":"Orrery"},{"not_picked":["Runic Pyramid","Calling Bell"],"picked":"Lizard Tail"}],"items_purged_floors":[3,21],"is_endless":false,"potions_floor_spawned":[2,5,8,16,18,20,23,27,30,31,35,38],"killed_by":"Reptomancer","ascension_level":2}