{"gold_per_floor":[119,64,74,85,97,123,142,142],"floor_reached":8,"playtime":609,"items_purged":[],"score":120,"play_id":"3ac32c5d-6d3d-4af7-9424-7f814d7d69e9","local_time":"20190217122428","is_ascension_mode":true,"campfire_choices":[],"neow_cost":"NONE","seed_source_timestamp":212673914981886,"circlet_count":0,"master_deck":["AscendersBane","Defend_G","Defend_G","Defend_G","Defend_G","Defend_G","Strike_G","Strike_G","Strike_G","Strike_G","Strike_G","Survivor","Neutralize","Dagger Throw","Flying Knee","Phantasmal Killer","Endless Agony","Doppelganger","All Out Attack"],"special_seed":0,"relics":["Ring of the Snake","Mercury Hourglass"],"potions_floor_usage":[8],"damage_taken":[{"damage":1.0,"enemies":"Cultist","floor":1.0,"turns":4.0},{"damage":0.0,"enemies":"Small Slimes","floor":3.0,"turns":3.0},{"damage":2.0,"enemies":"Jaw Worm","floor":4.0,"turns":3.0},{"damage":0.0,"enemies":"3 Louse","floor":5.0,"turns":2.0},{"damage":24.0,"enemies":"3 Sentries","floor":6.0,"turns":10.0},{"damage":6.0,"enemies":"Exordium Wildlife","floor":7.0,"turns":2.0},{"damage":52,"enemies":"Gremlin Nob","floor":8,"turns":4}],"seed_played":"-1601756385953017020","potions_obtained":[{"floor":3.0,"key":"SkillPotion"},{"floor":7.0,"key":"LiquidBronze"}],"is_trial":false,"path_per_floor":["M","$","M","M","M","E","M","E"],"character_chosen":"THE_SILENT","items_purchased":["Explosive Potion"],"campfire_rested":0,"item_purchase_floors":[2],"current_hp_per_floor":[64,64,64,62,62,38,32,0],"gold":142,"neow_bonus":"TEN_PERCENT_HP_BONUS","is_prod":false,"is_daily":false,"chose_seed":false,"campfire_upgraded":0,"win_rate":0,"timestamp":1550402668,"path_taken":["M","$","M","M","?","E","M","E"],"build_version":"2019-01-23","purchased_purges":0,"victory":false,"max_hp_per_floor":[72,72,72,72,72,72,72,72],"card_choices":[{"not_picked":["Backflip","Endless Agony"],"picked":"Dagger Throw","floor":1.0},{"not_picked":["Endless Agony","Setup"],"picked":"Flying Knee","floor":3.0},{"not_picked":["Prepared","Slice"],"picked":"Phantasmal Killer","floor":4.0},{"not_picked":["Sucker Punch","Blade Dance"],"picked":"Endless Agony","floor":5.0},{"not_picked":["Sucker Punch","Deadly Poison"],"picked":"Doppelganger","floor":6.0},{"not_picked":["Blade Dance","Deflect"],"picked":"All Out Attack","floor":7.0}],"player_experience":1705752,"relics_obtained":[{"floor":6.0,"key":"Mercury Hourglass"}],"event_choices":[],"is_beta":false,"boss_relics":[],"items_purged_floors":[],"is_endless":false,"potions_floor_spawned":[3,7],"killed_by":"Gremlin Nob","ascension_level":20}