{"gold_per_floor":[116,116,132,143,143,172,9,9,32,57,67,67,11,24,24,98,98,117,42,42,60,60,85,85,85,85,111,131,131,145,70,70,70],"floor_reached":33,"playtime":5747,"items_purged":["Defend_R"],"score":590,"play_id":"0dc73866-d42f-4f84-9a12-9f627bf0a0d6","local_time":"20190523195743","is_ascension_mode":true,"campfire_choices":[{"data":"Searing Blow+1","floor":8.0,"key":"SMITH"},{"data":"Searing Blow+2","floor":12.0,"key":"SMITH"},{"data":"Searing Blow+3","floor":15.0,"key":"SMITH"},{"data":"Searing Blow+4","floor":24.0,"key":"SMITH"},{"data":"Searing Blow+5","floor":29,"key":"SMITH"},{"data":"Searing Blow+6","floor":32,"key":"SMITH"}],"neow_cost":"NONE","seed_source_timestamp":0,"circlet_count":0,"master_deck":["AscendersBane","Defend_R","Defend_R","Defend_R","Bash","True Grit","Searing Blow+7","Feel No Pain","Armaments","Sever Soul","Reaper+1","Flex","Headbutt+1","Feed+1","Immolate+1","Armaments","Metallicize","Spot Weakness"],"special_seed":0,"relics":["Burning Blood","Happy Flower","Whetstone","Bag of Marbles","Molten Egg 2","Runic Dome","Strawberry","Anchor","Du-Vu Doll"],"potions_floor_usage":[33,33],"damage_taken":[{"damage":5.0,"enemies":"Small Slimes","floor":1.0,"turns":5.0},{"damage":2.0,"enemies":"2 Louse","floor":3.0,"turns":4.0},{"damage":2.0,"enemies":"Cultist","floor":4.0,"turns":4.0},{"damage":20.0,"enemies":"Gremlin Nob","floor":6.0,"turns":4.0},{"damage":20.0,"enemies":"Lagavulin","floor":10.0,"turns":7.0},{"damage":6.0,"enemies":"Looter","floor":11.0,"turns":2.0},{"damage":12.0,"enemies":"Large Slime","floor":14.0,"turns":3.0},{"damage":37.0,"enemies":"The Guardian","floor":16.0,"turns":12.0},{"damage":21.0,"enemies":"3 Byrds","floor":18.0,"turns":5.0},{"damage":9.0,"enemies":"Chosen","floor":21.0,"turns":6.0},{"damage":40.0,"enemies":"Slavers","floor":23.0,"turns":8.0},{"damage":0.0,"enemies":"Snake Plant","floor":25.0,"turns":1.0},{"damage":53.0,"enemies":"Book of Stabbing","floor":27.0,"turns":5.0},{"damage":1.0,"enemies":"Centurion and Healer","floor":28.0,"turns":4.0},{"damage":0,"enemies":"Snecko","floor":30,"turns":1},{"damage":67,"enemies":"Collector","floor":33,"turns":6}],"seed_played":"-400218957574369070","potions_obtained":[{"floor":1.0,"key":"Block Potion"},{"floor":4.0,"key":"Strength Potion"},{"floor":14.0,"key":"Swift Potion"},{"floor":16.0,"key":"SmokeBomb"},{"floor":18.0,"key":"Energy Potion"},{"floor":23.0,"key":"Explosive Potion"},{"floor":27.0,"key":"Poison Potion"},{"floor":30,"key":"Swift Potion"}],"is_trial":false,"path_per_floor":["M","?","M","M","?","E","$","R","T","E","M","R","$","M","R","B",null,"M","?","?","M","$","E","R","M","T","E","M","R","M","$","R","B"],"character_chosen":"IRONCLAD","items_purchased":["Whetstone","Energy Potion"],"campfire_rested":0,"item_purchase_floors":[7,13],"current_hp_per_floor":[69,62,66,70,70,56,56,56,56,49,49,49,49,50,50,26,63,57,57,57,57,57,56,56,62,62,15,42,42,48,48,48,0],"gold":70,"neow_bonus":"TRANSFORM_CARD","is_prod":false,"is_daily":false,"chose_seed":false,"campfire_upgraded":6,"win_rate":0,"timestamp":1558634263,"path_taken":["M","?","M","M","?","E","$","R","T","E","M","R","$","?","R","BOSS","M","?","?","M","$","E","R","?","T","E","?","R","M","$","R","BOSS"],"build_version":"2019-01-23","purchased_purges":1,"victory":false,"max_hp_per_floor":[75,75,75,75,75,75,75,75,75,75,75,75,75,75,75,75,75,79,79,79,79,79,90,90,90,90,90,94,94,94,94,94,94],"card_choices":[{"not_picked":["Intimidate","Hemokinesis"],"picked":"Searing Blow","floor":1.0},{"not_picked":["Shrug It Off","Inflame"],"picked":"Feel No Pain","floor":3.0},{"not_picked":["Sword Boomerang","Shrug It Off"],"picked":"Armaments","floor":4.0},{"not_picked":["Body Slam","Pommel Strike"],"picked":"Reaper","floor":6.0},{"not_picked":["Pommel Strike","Perfected Strike"],"picked":"Flex","floor":10.0},{"not_picked":["Pommel Strike+1","Shrug It Off"],"picked":"Headbutt+1","floor":11.0},{"not_picked":["Spot Weakness","Heavy Blade+1"],"picked":"Feed+1","floor":14.0},{"not_picked":["Barricade","Offering"],"picked":"Immolate+1","floor":16.0},{"not_picked":["Searing Blow+1","Clash+1"],"picked":"Armaments","floor":18.0},{"not_picked":["Shrug It Off","Pommel Strike+1"],"picked":"Spot Weakness","floor":21.0},{"not_picked":["Clothesline+1","Warcry","Twin Strike+1"],"picked":"SKIP","floor":23.0},{"not_picked":["Perfected Strike+1","Rupture","Reckless Charge+1"],"picked":"SKIP","floor":27.0},{"not_picked":["Searing Blow+1","True Grit","Sword Boomerang+1"],"picked":"SKIP","floor":28.0},{"not_picked":["Intimidate","True Grit","Havoc"],"picked":"SKIP","floor":30}],"player_experience":2832539,"relics_obtained":[{"floor":6.0,"key":"Happy Flower"},{"floor":9.0,"key":"Bag of Marbles"},{"floor":10.0,"key":"Molten Egg 2"},{"floor":23.0,"key":"Strawberry"},{"floor":26.0,"key":"Anchor"},{"floor":27.0,"key":"Du-Vu Doll"}],"event_choices":[{"cards_removed":["Strike_R"],"damage_healed":0.0,"max_hp_gain":0.0,"max_hp_loss":0.0,"gold_gain":0.0,"event_name":"Golden Wing","player_choice":"Card Removal","floor":2.0,"gold_loss":0.0,"damage_taken":7.0},{"damage_healed":0.0,"max_hp_gain":0.0,"max_hp_loss":0.0,"gold_gain":0.0,"cards_transformed":["Strike_R"],"event_name":"Transmorgrifier","player_choice":"Transformed","floor":5.0,"gold_loss":0.0,"damage_taken":0.0,"cards_obtained":["Sever Soul"]},{"cards_removed":["Strike_R"],"damage_healed":0.0,"max_hp_gain":0.0,"max_hp_loss":0.0,"gold_gain":0.0,"event_name":"Beggar","player_choice":"Gave Gold","floor":19.0,"gold_loss":75.0,"damage_taken":0.0},{"damage_healed":0.0,"max_hp_gain":0.0,"max_hp_loss":0.0,"gold_gain":0.0,"cards_transformed":["Strike_R"],"event_name":"Transmorgrifier","player_choice":"Transformed","floor":20.0,"gold_loss":0.0,"damage_taken":0.0,"cards_obtained":["Metallicize"]}],"is_beta":false,"boss_relics":[{"not_picked":["Calling Bell","Ectoplasm"],"picked":"Runic Dome"}],"items_purged_floors":[31],"is_endless":false,"potions_floor_spawned":[1,4,14,16,18,23,25,27,30],"killed_by":"Collector","ascension_level":20}