{"gold_per_floor":[115,134,147,160,175,203,221,221,266,279,312,312,20,33,33,109,109,128,157,157,170,170,185,197,197,197,197,216,216,232,245,245,319,319,331,154,174,185,204,204,234,234,257,290,290,240,269,285,285,285,285,285,285,71,99,99],"floor_reached":57,"playtime":4233,"items_purged":["Strike_G","Strike_G","Strike_G","Strike_G"],"score":2970,"play_id":"a35cf9f0-04bd-4bd4-827e-9ef3c59b3d44","local_time":"20190131210131","is_ascension_mode":true,"campfire_choices":[{"data":"Catalyst","floor":8.0,"key":"SMITH"},{"data":"Catalyst","floor":12.0,"key":"SMITH"},{"data":"Bouncing Flask","floor":15.0,"key":"SMITH"},{"data":"Catalyst","floor":25.0,"key":"SMITH"},{"data":"Bouncing Flask","floor":29.0,"key":"SMITH"},{"data":"Neutralize","floor":32.0,"key":"SMITH"},{"data":"Burst","floor":40.0,"key":"SMITH"},{"data":"Deadly Poison","floor":42.0,"key":"SMITH"},{"floor":45.0,"key":"RECALL"},{"data":"Acrobatics","floor":49.0,"key":"SMITH"},{"data":"Leg Sweep","floor":53.0,"key":"SMITH"}],"neow_cost":"NONE","seed_source_timestamp":0,"circlet_count":0,"master_deck":["AscendersBane","Defend_G+1","Defend_G+1","Defend_G","Defend_G","Defend_G","Strike_G","Survivor","Neutralize+1","Leg Sweep+1","Catalyst+1","Bouncing Flask+1","Catalyst+1","Well Laid Plans","After Image+1","Bouncing Flask+1","Footwork+1","Backflip","After Image+1","Dodge and Roll","Catalyst+1","Backflip","Burst+1","Deadly Poison+1","Footwork+1","Blur+1","Acrobatics+1","Acrobatics+1","Acrobatics+1","Prepared+1"],"special_seed":0,"relics":["Runic Dome","Meat on the Bone","Omamori","Frozen Egg 2","Coffee Dripper","Red Mask","Dodecahedron","Question Card","FossilizedHelix","Snecko Eye","Smiling Mask","Oddly Smooth Stone","Bottled Tornado","Strawberry","War Paint"],"potions_floor_usage":[],"damage_taken":[{"damage":3.0,"enemies":"Cultist","floor":1.0,"turns":4.0},{"damage":7.0,"enemies":"2 Louse","floor":2.0,"turns":3.0},{"damage":2.0,"enemies":"Jaw Worm","floor":3.0,"turns":4.0},{"damage":7.0,"enemies":"Large Slime","floor":4.0,"turns":9.0},{"damage":4.0,"enemies":"Blue Slaver","floor":5.0,"turns":5.0},{"damage":12.0,"enemies":"Lagavulin","floor":6.0,"turns":7.0},{"damage":0.0,"enemies":"2 Fungi Beasts","floor":7.0,"turns":4.0},{"damage":12.0,"enemies":"Gremlin Gang","floor":10.0,"turns":4.0},{"damage":0.0,"enemies":"Gremlin Nob","floor":11.0,"turns":3.0},{"damage":5.0,"enemies":"Looter","floor":14.0,"turns":3.0},{"damage":6.0,"enemies":"Slime Boss","floor":16.0,"turns":4.0},{"damage":28.0,"enemies":"3 Byrds","floor":18.0,"turns":6.0},{"damage":22.0,"enemies":"Masked Bandits","floor":19.0,"turns":6.0},{"damage":0.0,"enemies":"Shell Parasite","floor":21.0,"turns":4.0},{"damage":4.0,"enemies":"Centurion and Healer","floor":23.0,"turns":7.0},{"damage":13.0,"enemies":"Snake Plant","floor":24.0,"turns":2.0},{"damage":0.0,"enemies":"Chosen and Byrds","floor":28.0,"turns":4.0},{"damage":0.0,"enemies":"Snecko","floor":30.0,"turns":5.0},{"damage":0.0,"enemies":"Sentry and Sphere","floor":31.0,"turns":4.0},{"damage":26.0,"enemies":"Collector","floor":33.0,"turns":4.0},{"damage":0.0,"enemies":"Orb Walker","floor":35.0,"turns":4.0},{"damage":12.0,"enemies":"3 Darklings","floor":37.0,"turns":6.0},{"damage":20.0,"enemies":"Sphere and 2 Shapes","floor":38.0,"turns":5.0},{"damage":10.0,"enemies":"Writhing Mass","floor":39.0,"turns":4.0},{"damage":0.0,"enemies":"Giant Head","floor":41.0,"turns":3.0},{"damage":0.0,"enemies":"Nemesis","floor":44.0,"turns":5.0},{"damage":0.0,"enemies":"Giant Head","floor":47.0,"turns":3.0},{"damage":9.0,"enemies":"4 Shapes","floor":48.0,"turns":10.0},{"damage":14.0,"enemies":"Time Eater","floor":50.0,"turns":4.0},{"damage":29.0,"enemies":"Awakened One","floor":51.0,"turns":13.0},{"damage":40.0,"enemies":"Shield and Spear","floor":55.0,"turns":7.0},{"damage":0,"enemies":"The Heart","floor":56,"turns":6}],"seed_played":"-5578847261257158871","potions_obtained":[{"floor":4.0,"key":"AttackPotion"},{"floor":6.0,"key":"Swift Potion"},{"floor":14.0,"key":"Weak Potion"},{"floor":16.0,"key":"Strength Potion"},{"floor":18.0,"key":"GamblersBrew"},{"floor":23.0,"key":"Fire Potion"},{"floor":30.0,"key":"Explosive Potion"},{"floor":33.0,"key":"Swift Potion"},{"floor":35.0,"key":"SkillPotion"},{"floor":37.0,"key":"GamblersBrew"},{"floor":41.0,"key":"Energy Potion"},{"floor":55.0,"key":"Fire Potion"}],"is_trial":false,"path_per_floor":["M","M","M","M","M","E","M","R","T","M","E","R","$","M","R","B",null,"M","?","?","M","T","M","M","R","T","?","M","R","M","M","R","B",null,"M","$","M","M","M","R","E","R","T","E","R","$","E","M","R","B","B",null,"R","$","E","B",null],"character_chosen":"THE_SILENT","items_purchased":["Bouncing Flask","Footwork+1","Backflip","Footwork+1","Strawberry"],"campfire_rested":0,"item_purchase_floors":[13,13,13,36,54],"current_hp_per_floor":[56,49,47,40,36,24,36,36,36,36,36,36,36,43,43,37,59,43,33,33,45,45,41,40,40,40,40,40,40,40,40,40,26,56,56,56,44,36,38,38,38,38,38,38,38,38,38,41,41,39,22,55,55,62,34,46],"gold":99,"neow_bonus":"BOSS_RELIC","is_prod":false,"is_daily":false,"chose_seed":false,"campfire_upgraded":10,"win_rate":0,"timestamp":1548964891,"path_taken":["M","M","?","M","M","E","M","R","T","?","E","R","$","M","R","BOSS","M","?","?","M","?","M","M","R","T","?","?","R","M","M","R","BOSS","M","$","M","M","M","R","E","R","T","E","R","$","E","M","R","BOSS","BOSS","R","$","E","BOSS"],"build_version":"2019-01-23","purchased_purges":4,"victory":true,"max_hp_per_floor":[66,66,66,66,66,66,66,66,66,66,66,66,66,66,66,66,66,66,66,66,66,66,66,66,66,66,66,66,66,66,66,66,66,66,66,66,66,66,66,66,66,66,66,66,66,66,66,66,66,66,66,66,66,73,73,73],"card_choices":[{"not_picked":["Flying Knee","Prepared","Concentrate"],"picked":"SKIP","floor":1.0},{"not_picked":["Finisher","Tactician"],"picked":"Leg Sweep","floor":2.0},{"not_picked":["Slice","Accuracy","Underhanded Strike"],"picked":"SKIP","floor":3.0},{"not_picked":["Dodge and Roll","Expertise"],"picked":"Catalyst","floor":4.0},{"not_picked":["Flying Knee","Cloak And Dagger"],"picked":"Bouncing Flask","floor":5.0},{"not_picked":["Flying Knee","Skewer"],"picked":"Catalyst","floor":6.0},{"not_picked":["Dagger Spray","Poisoned Stab"],"picked":"Well Laid Plans","floor":7.0},{"not_picked":["Poisoned Stab","Tactician","Flying Knee"],"picked":"SKIP","floor":10.0},{"not_picked":["Poisoned Stab","Tactician","Flying Knee"],"picked":"SKIP","floor":10.0},{"not_picked":["Bane","Dagger Throw"],"picked":"After Image","floor":11.0},{"not_picked":["Slice","Choke","Blade Dance"],"picked":"SKIP","floor":14.0},{"not_picked":["A Thousand Cuts+1","Storm of Steel"],"picked":"After Image+1","floor":16.0},{"not_picked":["Prepared","Finisher","Accuracy+1"],"picked":"SKIP","floor":18.0},{"not_picked":["Dagger Throw","Cloak And Dagger+1"],"picked":"Dodge and Roll","floor":21.0},{"not_picked":["Dash","Dagger Throw","Deadly Poison","Predator"],"picked":"SKIP","floor":23.0},{"not_picked":["Blade Dance","Underhanded Strike","Blur"],"picked":"Catalyst","floor":24.0},{"not_picked":["Prepared","Phantasmal Killer","Outmaneuver","Poisoned Stab"],"picked":"SKIP","floor":28.0},{"not_picked":["Dodge and Roll","Quick Slash","Bane+1","Sucker Punch"],"picked":"SKIP","floor":30.0},{"not_picked":["Deadly Poison","Underhanded Strike","Eviscerate"],"picked":"Backflip","floor":31.0},{"not_picked":["Tools of the Trade+1","Adrenaline","Storm of Steel"],"picked":"Burst","floor":33.0},{"not_picked":["Endless Agony","PiercingWail+1","Masterful Stab"],"picked":"Deadly Poison","floor":35.0},{"not_picked":["Quick Slash","Riddle With Holes","Deadly Poison"],"picked":"Blur+1","floor":37.0},{"not_picked":["Prepared","Terror","Outmaneuver","Dagger Spray"],"picked":"SKIP","floor":38.0},{"not_picked":["Flying Knee","Expertise","Blade Dance"],"picked":"Acrobatics+1","floor":39.0},{"not_picked":["Well Laid Plans+1","Accuracy+1","Dodge and Roll"],"picked":"Acrobatics+1","floor":41.0},{"not_picked":["Terror","Masterful Stab","Dagger Spray","Dagger Throw"],"picked":"SKIP","floor":44.0},{"not_picked":["Reflex","Venomology","Doppelganger"],"picked":"Acrobatics","floor":47.0},{"not_picked":["Quick Slash","Noxious Fumes+1","All Out Attack"],"picked":"Prepared+1","floor":48.0},{"not_picked":["Concentrate","Acrobatics","All Out Attack","Outmaneuver"],"picked":"SKIP","floor":55.0}],"player_experience":1175977,"relics_obtained":[{"floor":6.0,"key":"Meat on the Bone"},{"floor":9.0,"key":"Omamori"},{"floor":11.0,"key":"Frozen Egg 2"},{"floor":19.0,"key":"Red Mask"},{"floor":22.0,"key":"Question Card"},{"floor":26.0,"key":"FossilizedHelix"},{"floor":41.0,"key":"Smiling Mask"},{"floor":44.0,"key":"Oddly Smooth Stone"},{"floor":47.0,"key":"Bottled Tornado"},{"floor":55.0,"key":"War Paint"}],"event_choices":[{"damage_healed":0.0,"max_hp_gain":0.0,"max_hp_loss":0.0,"gold_gain":0.0,"event_name":"Masked Bandits","player_choice":"Fought Bandits","floor":19.0,"gold_loss":0.0,"damage_taken":0.0},{"damage_healed":0.0,"max_hp_gain":0.0,"max_hp_loss":0.0,"gold_gain":0.0,"event_name":"The Mausoleum","player_choice":"Opened","floor":20.0,"gold_loss":0.0,"damage_taken":0.0,"relics_obtained":["Dodecahedron"],"cards_obtained":["Writhe"]},{"damage_healed":0.0,"max_hp_gain":0.0,"max_hp_loss":0.0,"gold_gain":0.0,"event_name":"Forgotten Altar","player_choice":"Smashed Altar","floor":27.0,"gold_loss":0.0,"damage_taken":0.0,"cards_obtained":["Decay"]}],"is_beta":true,"boss_relics":[{"not_picked":["Eternal Feather","Empty Cage"],"picked":"Coffee Dripper"},{"not_picked":["Orrery","Astrolabe"],"picked":"Snecko Eye"}],"items_purged_floors":[13,36,46,54],"is_endless":false,"potions_floor_spawned":[4,6,7,14,16,18,23,30,33,35,37,41,47,55],"ascension_level":20}