{"gold_per_floor":[109,126,139,151,164,164,199,199,225,256,268,304,332,378,390,402],"floor_reached":16,"playtime":4078,"items_purged":[],"score":248,"play_id":"95eb971a-4e82-4b77-b474-faae4e317031","local_time":"20190212220745","is_ascension_mode":true,"campfire_choices":[{"data":"Barricade","floor":6,"key":"SMITH"},{"floor":8,"key":"REST"},{"floor":15,"key":"REST"}],"neow_cost":"NONE","seed_source_timestamp":1644223779485961,"circlet_count":0,"master_deck":["AscendersBane","Strike_R+1","Strike_R","Strike_R","Strike_R","Strike_R+1","Defend_R","Defend_R+1","Defend_R","Defend_R","Bash","Barricade+1","Iron Wave","Shrug It Off+1","Thunderclap","Corruption","Flame Barrier","Clothesline"],"relics":["Burning Blood","Whetstone","War Paint","MawBank","Golden Idol","Boot"],"potions_floor_usage":[5,7,10,13],"damage_taken":[{"damage":14,"enemies":"Small Slimes","floor":1,"turns":4},{"damage":6,"enemies":"Cultist","floor":2,"turns":4},{"damage":4,"enemies":"2 Louse","floor":3,"turns":3},{"damage":6,"enemies":"Blue Slaver","floor":4,"turns":6},{"damage":6,"enemies":"Looter","floor":5,"turns":3},{"damage":42,"enemies":"3 Sentries","floor":7,"turns":11},{"damage":27,"enemies":"Gremlin Nob","floor":10,"turns":4},{"damage":11,"enemies":"3 Louse","floor":12,"turns":4},{"damage":0,"enemies":"Blue Slaver","floor":13,"turns":4},{"damage":6,"enemies":"Lagavulin","floor":14,"turns":11},{"damage":50,"enemies":"Slime Boss","floor":16,"turns":9}],"seed_played":"2510470673638568593","potions_obtained":[{"floor":2,"key":"FearPotion"},{"floor":4,"key":"AttackPotion"},{"floor":5,"key":"Energy Potion"},{"floor":12,"key":"SkillPotion"}],"is_trial":false,"path_per_floor":["M","M","M","M","M","R","E","R","T","E","?","M","M","E","R","B"],"character_chosen":"IRONCLAD","items_purchased":[],"campfire_rested":2,"item_purchase_floors":[],"current_hp_per_floor":[60,60,62,62,62,62,26,48,48,27,27,22,28,28,48,0],"gold":402,"neow_bonus":"ONE_RANDOM_RARE_CARD","is_prod":false,"is_daily":false,"chose_seed":false,"campfire_upgraded":1,"win_rate":0,"timestamp":1550005665,"path_taken":["M","M","M","M","M","R","E","R","T","E","?","M","M","E","R","BOSS"],"build_version":"2019-01-23","purchased_purges":0,"victory":false,"max_hp_per_floor":[75,75,75,75,75,75,75,75,75,75,68,68,68,68,68,68],"card_choices":[{"not_picked":["Rupture","Perfected Strike"],"picked":"Iron Wave","floor":1},{"not_picked":["Blood for Blood","Reckless Charge"],"picked":"Shrug It Off","floor":2},{"not_picked":["Perfected Strike","Sword Boomerang"],"picked":"Thunderclap","floor":3},{"not_picked":["Blood for Blood","Ghostly Armor"],"picked":"Corruption","floor":4},{"not_picked":["Cleave","Wild Strike","Anger"],"picked":"SKIP","floor":5},{"not_picked":["Sword Boomerang","Hemokinesis","Dropkick"],"picked":"SKIP","floor":7},{"not_picked":["Berserk","Twin Strike"],"picked":"Flame Barrier","floor":10},{"not_picked":["Wild Strike","Sword Boomerang","Flex"],"picked":"SKIP","floor":12},{"not_picked":["Anger","Dual Wield","Iron Wave"],"picked":"SKIP","floor":13},{"not_picked":["Wild Strike","Havoc"],"picked":"Clothesline","floor":14}],"player_experience":1669854,"relics_obtained":[{"floor":7,"key":"Whetstone"},{"floor":9,"key":"War Paint"},{"floor":10,"key":"MawBank"},{"floor":14,"key":"Boot"}],"event_choices":[{"damage_healed":0,"gold_gain":0,"player_choice":"Lose Max HP","damage_taken":0,"relics_obtained":["Golden Idol"],"max_hp_gain":0,"max_hp_loss":7,"event_name":"Golden Idol","floor":11,"gold_loss":0}],"is_beta":false,"boss_relics":[],"items_purged_floors":[],"is_endless":false,"potions_floor_spawned":[2,4,5,12],"killed_by":"Slime Boss","ascension_level":20}