{"gold_per_floor":[114,131,131,144,12,12,45,6,6,6,34,134,134,161,161,235,235,247,247,266,191,207,207,242,242,265,300,300,300,300,319,319,392,392,412,130,230,241,241,306,306,316,316,316,316,25,36,54,54,54,54],"floor_reached":51,"playtime":10368,"items_purged":["Strike_R","Defend_R+1"],"score":1483,"play_id":"41e0557c-b86a-4eb3-ad2b-84be54c74955","local_time":"20190420205703","is_ascension_mode":true,"campfire_choices":[{"data":"Bash","floor":6,"key":"SMITH"},{"data":"Inflame","floor":10,"key":"SMITH"},{"data":"Pummel","floor":13,"key":"SMITH"},{"data":"Impervious","floor":15,"key":"SMITH"},{"data":"Spot Weakness","floor":23,"key":"SMITH"},{"floor":25,"key":"REST"},{"floor":30,"key":"REST"},{"floor":32,"key":"REST"},{"floor":41,"key":"REST"},{"floor":49,"key":"RECALL"}],"neow_cost":"PERCENT_DAMAGE","seed_source_timestamp":940047018783301,"circlet_count":0,"master_deck":["AscendersBane","Defend_R+1","Defend_R+1","Defend_R+1","Bash+1","Pummel+1","Twin Strike","Twin Strike","Inflame+1","Twin Strike","Ghostly Armor+1","Spot Weakness+1","Inflame","Impervious+1","Offering+1","Headbutt+1","Feel No Pain+1","Whirlwind+1","Offering","PanicButton","Burning Pact","Thinking Ahead","Flame Barrier","Spot Weakness"],"relics":["Burning Blood","Gremlin Horn","Bottled Tornado","Strawberry","Art of War","Busted Crown","War Paint","Bronze Scales","Blood Vial","Enchiridion","Sozu","Nunchaku","Tiny Chest","Self Forming Clay","Bag of Marbles"],"potions_floor_usage":[16,16,18,27,33,35],"damage_taken":[{"damage":12,"enemies":"Jaw Worm","floor":1,"turns":4},{"damage":0,"enemies":"Cultist","floor":2,"turns":2},{"damage":4,"enemies":"Small Slimes","floor":4,"turns":4},{"damage":8,"enemies":"Gremlin Nob","floor":7,"turns":3},{"damage":5,"enemies":"3 Sentries","floor":11,"turns":6},{"damage":20,"enemies":"Lagavulin","floor":14,"turns":4},{"damage":23,"enemies":"Hexaghost","floor":16,"turns":6},{"damage":3,"enemies":"2 Thieves","floor":18,"turns":3},{"damage":6,"enemies":"3 Byrds","floor":20,"turns":4},{"damage":16,"enemies":"Snake Plant","floor":22,"turns":3},{"damage":52,"enemies":"Book of Stabbing","floor":24,"turns":5},{"damage":21,"enemies":"Gremlin Leader","floor":27,"turns":4},{"damage":7,"enemies":"Snecko","floor":31,"turns":4},{"damage":9,"enemies":"Collector","floor":33,"turns":4},{"damage":23,"enemies":"3 Darklings","floor":35,"turns":2},{"damage":14,"enemies":"Mind Bloom Boss Battle","floor":37,"turns":3},{"damage":0,"enemies":"3 Shapes","floor":38,"turns":6},{"damage":56,"enemies":"Giant Head","floor":40,"turns":5},{"damage":22,"enemies":"Writhing Mass","floor":42,"turns":2},{"damage":6,"enemies":"Spire Growth","floor":47,"turns":3},{"damage":0,"enemies":"Jaw Worm Horde","floor":48,"turns":1},{"damage":28,"enemies":"Donu and Deca","floor":50,"turns":6},{"damage":27,"enemies":"Awakened One","floor":51,"turns":2}],"seed_played":"1470841647119676841","potions_obtained":[{"floor":2,"key":"Regen Potion"},{"floor":16,"key":"EssenceOfSteel"},{"floor":20,"key":"Poison Potion"},{"floor":24,"key":"Dexterity Potion"},{"floor":31,"key":"Explosive Potion"}],"is_trial":false,"path_per_floor":["M","M","?","M","$","R","E","$","T","R","E","?","R","E","R","B",null,"M","?","M","?","M","R","E","R","T","E","?","?","R","M","R","B",null,"M","$","?","M","?","E","R","M","T","?","T","$","M","M","R","B","B"],"character_chosen":"IRONCLAD","items_purchased":["Block Potion","Spot Weakness","PanicButton","Burning Pact","Flame Barrier","Spot Weakness","Bag of Marbles"],"campfire_rested":4,"item_purchase_floors":[5,8,36,36,46,46,46],"current_hp_per_floor":[44,50,50,52,52,52,50,50,50,50,58,58,58,44,44,39,71,74,74,74,74,64,64,18,42,42,27,6,6,30,31,55,54,75,60,60,54,62,57,9,33,19,19,19,19,19,21,29,29,9,0],"gold":54,"neow_bonus":"TRANSFORM_TWO_CARDS","is_prod":false,"is_daily":false,"chose_seed":false,"campfire_upgraded":5,"win_rate":0,"timestamp":1555786623,"path_taken":["M","M","?","M","?","R","E","?","T","R","E","?","R","E","R","BOSS","M","?","M","?","M","R","E","R","T","E","?","?","R","?","R","BOSS","M","$","?","M","?","E","R","M","T","?","?","?","?","M","R","BOSS","BOSS"],"build_version":"2019-01-23","purchased_purges":2,"victory":false,"max_hp_per_floor":[75,75,75,75,75,75,75,75,75,75,82,82,82,82,82,82,82,82,82,82,82,82,82,82,82,82,82,82,82,82,82,82,82,82,82,82,82,82,82,82,82,82,82,82,82,82,82,82,82,82,82],"card_choices":[{"not_picked":["Wild Strike","Havoc"],"picked":"Twin Strike","floor":1},{"not_picked":["Intimidate","Searing Blow"],"picked":"Inflame","floor":2},{"not_picked":["Power Through","Clash"],"picked":"Twin Strike","floor":4},{"not_picked":["Hemokinesis","Corruption"],"picked":"Ghostly Armor","floor":7},{"not_picked":["Anger","Metallicize"],"picked":"Inflame","floor":11},{"not_picked":["Entrench","Clothesline"],"picked":"Impervious","floor":14},{"not_picked":["Bludgeon","Impervious"],"picked":"Offering","floor":16},{"not_picked":[],"picked":"Headbutt+1","floor":18},{"not_picked":[],"picked":"Feel No Pain+1","floor":20},{"not_picked":["Shrug It Off"],"picked":"SKIP","floor":22},{"not_picked":["Havoc+1"],"picked":"SKIP","floor":24},{"not_picked":[],"picked":"Whirlwind+1","floor":27},{"not_picked":["Armaments"],"picked":"SKIP","floor":31},{"not_picked":[],"picked":"Offering","floor":33},{"not_picked":["Combust"],"picked":"SKIP","floor":35},{"not_picked":["Twin Strike"],"picked":"SKIP","floor":38},{"not_picked":[],"picked":"Thinking Ahead","floor":39},{"not_picked":["Hemokinesis"],"picked":"SKIP","floor":40},{"not_picked":["Armaments"],"picked":"SKIP","floor":42},{"not_picked":["Iron Wave"],"picked":"SKIP","floor":47},{"not_picked":["Entrench+1"],"picked":"SKIP","floor":48}],"player_experience":2528042,"relics_obtained":[{"floor":7,"key":"Gremlin Horn"},{"floor":9,"key":"Bottled Tornado"},{"floor":11,"key":"Strawberry"},{"floor":14,"key":"Art of War"},{"floor":24,"key":"War Paint"},{"floor":26,"key":"Bronze Scales"},{"floor":27,"key":"Blood Vial"},{"floor":28,"key":"Enchiridion"},{"floor":37,"key":"Nunchaku"},{"floor":40,"key":"Tiny Chest"},{"floor":45,"key":"Self Forming Clay"}],"event_choices":[{"cards_removed":["Strike_R"],"damage_healed":0,"gold_gain":0,"player_choice":"Offered Basic","damage_taken":0,"max_hp_gain":0,"max_hp_loss":0,"event_name":"Bonfire Elementals","floor":3,"gold_loss":0},{"damage_healed":0,"gold_gain":100,"player_choice":"Gold","damage_taken":0,"max_hp_gain":0,"max_hp_loss":0,"event_name":"Wheel of Change","floor":12,"gold_loss":0},{"damage_healed":0,"gold_gain":0,"player_choice":"Simplicity","damage_taken":0,"max_hp_gain":0,"max_hp_loss":0,"event_name":"Back to Basics","floor":19,"gold_loss":0,"cards_upgraded":["Strike_R","Defend_R","Defend_R","Defend_R","Defend_R"]},{"cards_removed":["Strike_R"],"damage_healed":0,"gold_gain":0,"player_choice":"Gave Gold","damage_taken":0,"max_hp_gain":0,"max_hp_loss":0,"event_name":"Beggar","floor":21,"gold_loss":75},{"damage_healed":0,"gold_gain":0,"player_choice":"Obtained Book","damage_taken":21,"max_hp_gain":0,"max_hp_loss":0,"event_name":"Cursed Tome","floor":28,"gold_loss":0},{"damage_healed":0,"gold_gain":0,"player_choice":"Ignored","damage_taken":0,"max_hp_gain":0,"max_hp_loss":0,"event_name":"Vampires","floor":29,"gold_loss":0},{"damage_healed":0,"gold_gain":0,"player_choice":"Fight","damage_taken":0,"max_hp_gain":0,"max_hp_loss":0,"event_name":"MindBloom","floor":37,"gold_loss":0},{"damage_healed":0,"gold_gain":0,"player_choice":"Memory 2","damage_taken":5,"max_hp_gain":0,"max_hp_loss":0,"event_name":"SensoryStone","floor":39,"gold_loss":0},{"damage_healed":0,"gold_gain":0,"player_choice":"Ignored","damage_taken":0,"max_hp_gain":0,"max_hp_loss":0,"event_name":"Tomb of Lord Red Mask","floor":44,"gold_loss":0}],"is_beta":false,"boss_relics":[{"not_picked":["Runic Dome","Velvet Choker"],"picked":"Busted Crown"},{"not_picked":["Black Blood","Black Star"],"picked":"Sozu"}],"items_purged_floors":[5,36],"is_endless":false,"potions_floor_spawned":[2,14,16,20,24,31,40,47],"killed_by":"Awakened One","ascension_level":20}