{"gold_per_floor":[369,387,103,123,142,142,170,170,170,170,196,12,32,58,58,161,161,171,171,185,285,303,303,332,39,39,70,70,50,64,77,77,180,180,195,195,214,69,85,85,103,103,103,103,119,133,147,22,22,22],"floor_reached":51,"playtime":3670,"items_purged":["Strike_G","Strike_G","Parasite"],"score":860,"play_id":"7f095126-eb0e-4a1d-b685-a9a081a201cc","local_time":"20181028140952","is_ascension_mode":true,"campfire_choices":[{"data":"Adrenaline","floor":6,"key":"SMITH"},{"data":"Infinite Blades","floor":8,"key":"SMITH"},{"data":"Dash","floor":15,"key":"SMITH"},{"data":"Noxious Fumes","floor":23,"key":"SMITH"},{"data":"Blur","floor":28,"key":"SMITH"},{"data":"Neutralize","floor":32,"key":"SMITH"},{"data":"Doppelganger","floor":40,"key":"SMITH"},{"data":"Survivor","floor":44,"key":"SMITH"},{"floor":49,"key":"REST"}],"neow_cost":"TEN_PERCENT_HP_LOSS","seed_source_timestamp":324356761426109,"circlet_count":0,"master_deck":["Defend_G+1","Defend_G","Defend_G","Defend_G+1","Defend_G","Strike_G","Strike_G","Strike_G","Survivor+1","Neutralize+1","Dagger Throw","Infinite Blades+1","Backflip","Adrenaline+1","Dagger Throw","Backflip","Poisoned Stab","Noxious Fumes+1","Dash+1","Poisoned Stab","Slice+1","Envenom+1","Backstab+1","Backflip+1","Dash+1","Die Die Die+1","Flash of Steel+1","Blur+1","Choke+1","Slice+1","Doppelganger+1","Dodge and Roll+1"],"relics":["Ring of the Snake","Snake Skull","Blue Candle","FossilizedHelix","Letter Opener","Molten Egg 2","Runic Pyramid","Du-Vu Doll","Ninja Scroll","Dead Branch","TwistedFunnel","War Paint","Vajra","Busted Crown","Pen Nib","Singing Bowl"],"potions_floor_usage":[7,11,13,21,24,50],"damage_taken":[{"damage":0,"enemies":"Cultist","floor":1,"turns":4},{"damage":7,"enemies":"Jaw Worm","floor":2,"turns":5},{"damage":0,"enemies":"Small Slimes","floor":4,"turns":3},{"damage":1,"enemies":"Looter","floor":5,"turns":3},{"damage":19,"enemies":"Lagavulin","floor":7,"turns":9},{"damage":0,"enemies":"Gremlin Nob","floor":11,"turns":3},{"damage":1,"enemies":"Exordium Thugs","floor":13,"turns":6},{"damage":0,"enemies":"3 Sentries","floor":14,"turns":5},{"damage":5,"enemies":"Slime Boss","floor":16,"turns":10},{"damage":0,"enemies":"3 Byrds","floor":18,"turns":4},{"damage":6,"enemies":"Chosen","floor":20,"turns":3},{"damage":0,"enemies":"Colosseum Slavers","floor":21,"turns":3},{"damage":12,"enemies":"Colosseum Nobs","floor":21,"turns":4},{"damage":1,"enemies":"Centurion and Healer","floor":22,"turns":5},{"damage":5,"enemies":"Book of Stabbing","floor":24,"turns":4},{"damage":0,"enemies":"Gremlin Leader","floor":27,"turns":3},{"damage":0,"enemies":"Sentry and Sphere","floor":30,"turns":5},{"damage":0,"enemies":"Shelled Parasite and Fungi","floor":31,"turns":1},{"damage":16,"enemies":"Champ","floor":33,"turns":6},{"damage":0,"enemies":"3 Shapes","floor":35,"turns":1},{"damage":0,"enemies":"Orb Walker","floor":37,"turns":1},{"damage":0,"enemies":"Spire Growth","floor":39,"turns":3},{"damage":0,"enemies":"Sphere and 2 Shapes","floor":41,"turns":3},{"damage":0,"enemies":"3 Darklings","floor":45,"turns":2},{"damage":20,"enemies":"Writhing Mass","floor":46,"turns":4},{"damage":0,"enemies":"Spire Growth","floor":47,"turns":3},{"damage":5,"enemies":"Donu and Deca","floor":50,"turns":8}],"seed_played":"-8259669090134111777","potions_obtained":[{"floor":1,"key":"SteroidPotion"},{"floor":5,"key":"Block Potion"},{"floor":20,"key":"Poison Potion"},{"floor":22,"key":"FearPotion"},{"floor":24,"key":"Weak Potion"},{"floor":27,"key":"Dexterity Potion"},{"floor":29,"key":"FairyPotion"},{"floor":31,"key":"LiquidBronze"},{"floor":37,"key":"GhostInAJar"}],"is_trial":false,"path_per_floor":["M","M","$","M","M","R","E","R","T","?","E","$","M","E","R","B",null,"M","?","M","?","M","R","E","$","T","E","R","?","M","M","R","B",null,"M","?","M","$","M","R","M","?","T","R","M","M","M","$","R","B"],"character_chosen":"THE_SILENT","items_purchased":["Backflip","Adrenaline","Dash","PowerPotion","Flash of Steel+1","TwistedFunnel","Pen Nib"],"campfire_rested":1,"item_purchase_floors":[3,3,12,12,25,25,38],"current_hp_per_floor":[63,56,56,56,55,55,36,36,36,18,18,18,17,17,17,12,63,63,63,57,45,44,44,39,39,39,39,39,39,39,39,39,23,63,63,63,63,63,63,63,63,63,63,63,65,47,49,49,66,61],"gold":22,"neow_bonus":"TWO_FIFTY_GOLD","is_prod":false,"is_daily":false,"chose_seed":false,"campfire_upgraded":8,"win_rate":0,"timestamp":1540760992,"path_taken":["M","M","$","?","M","R","E","R","T","?","E","$","M","E","R","BOSS","M","?","M","?","M","R","E","?","T","E","R","?","?","M","R","BOSS","M","?","M","$","M","R","?","?","T","R","M","M","?","?","R","BOSS"],"build_version":"2018-10-25v2","purchased_purges":3,"victory":true,"max_hp_per_floor":[63,63,63,63,63,63,63,63,63,63,63,63,63,63,63,63,63,63,63,63,63,63,63,63,63,63,63,63,63,63,63,63,63,63,63,63,63,63,63,63,63,63,63,63,65,67,69,66,66,66],"card_choices":[{"not_picked":["Distraction","Flying Knee"],"picked":"Dagger Throw","floor":1},{"not_picked":["Acrobatics","Choke"],"picked":"Infinite Blades","floor":2},{"not_picked":["Sucker Punch","Bane"],"picked":"Dagger Throw","floor":4},{"not_picked":["Flying Knee","Endless Agony"],"picked":"Backflip","floor":5},{"not_picked":["Well Laid Plans","Predator"],"picked":"Poisoned Stab","floor":7},{"not_picked":["Predator","Skewer"],"picked":"Noxious Fumes","floor":11},{"not_picked":["Concentrate","Deflect"],"picked":"Poisoned Stab","floor":13},{"not_picked":["Flying Knee","Tools of the Trade"],"picked":"Slice","floor":14},{"not_picked":["Doppelganger","Burst"],"picked":"Envenom","floor":16},{"not_picked":["PiercingWail+1","Blade Dance+1"],"picked":"Backstab+1","floor":18},{"not_picked":["Finisher+1","Escape Plan+1"],"picked":"Backflip+1","floor":20},{"not_picked":["Underhanded Strike+1","Blade Dance"],"picked":"Dash+1","floor":22},{"not_picked":["Flying Knee+1","All Out Attack+1"],"picked":"Die Die Die+1","floor":24},{"not_picked":["Concentrate+1","Sucker Punch+1"],"picked":"Blur","floor":27},{"not_picked":["Deflect","Quick Slash+1"],"picked":"Choke+1","floor":30},{"not_picked":["Quick Slash+1","Distraction"],"picked":"Slice+1","floor":31},{"not_picked":["Wraith Form v2","Grand Finale+1"],"picked":"Doppelganger","floor":33},{"not_picked":["Prepared"],"picked":"SKIP","floor":35},{"not_picked":["Choke+1"],"picked":"SKIP","floor":37},{"not_picked":["Sucker Punch+1"],"picked":"SKIP","floor":39},{"not_picked":[],"picked":"Dodge and Roll+1","floor":41},{"not_picked":["Dagger Throw+1"],"picked":"Singing Bowl","floor":45},{"not_picked":["Slice+1"],"picked":"Singing Bowl","floor":46},{"not_picked":["Infinite Blades"],"picked":"Singing Bowl","floor":47}],"player_experience":132270,"relics_obtained":[{"floor":7,"key":"Snake Skull"},{"floor":9,"key":"Blue Candle"},{"floor":11,"key":"Letter Opener"},{"floor":14,"key":"Molten Egg 2"},{"floor":21,"key":"Du-Vu Doll"},{"floor":21,"key":"Ninja Scroll"},{"floor":24,"key":"Dead Branch"},{"floor":26,"key":"War Paint"},{"floor":27,"key":"Vajra"},{"floor":43,"key":"Singing Bowl"}],"event_choices":[{"damage_healed":0,"gold_gain":0,"player_choice":"Success","damage_taken":18,"relics_obtained":["FossilizedHelix"],"max_hp_gain":0,"max_hp_loss":0,"event_name":"Scrap Ooze","floor":10,"gold_loss":0},{"damage_healed":0,"gold_gain":0,"player_choice":"Upgraded","damage_taken":0,"max_hp_gain":0,"max_hp_loss":0,"event_name":"Upgrade Shrine","floor":19,"gold_loss":0,"cards_upgraded":["Envenom"]},{"damage_healed":0,"gold_gain":0,"player_choice":"Fight","damage_taken":0,"max_hp_gain":0,"max_hp_loss":0,"event_name":"Colosseum","floor":21,"gold_loss":0},{"damage_healed":0,"gold_gain":0,"player_choice":"Fought Nobs","damage_taken":0,"max_hp_gain":0,"max_hp_loss":0,"event_name":"Colosseum","floor":21,"gold_loss":0},{"damage_healed":0,"gold_gain":0,"player_choice":"Bought 1 Potion","damage_taken":0,"max_hp_gain":0,"max_hp_loss":0,"event_name":"The Woman in Blue","floor":29,"gold_loss":0},{"damage_healed":0,"gold_gain":0,"player_choice":"Ignored","damage_taken":0,"max_hp_gain":0,"max_hp_loss":0,"event_name":"Tomb of Lord Red Mask","floor":36,"gold_loss":0},{"damage_healed":0,"gold_gain":0,"player_choice":"Ignored","damage_taken":0,"max_hp_gain":0,"max_hp_loss":0,"event_name":"Mysterious Sphere","floor":42,"gold_loss":0}],"is_beta":false,"boss_relics":[{"not_picked":["Philosopher\u0027s Stone","White Beast Statue"],"picked":"Runic Pyramid"},{"not_picked":["Orrery","Astrolabe"],"picked":"Busted Crown"}],"items_purged_floors":[3,12,48],"is_endless":false,"potions_floor_spawned":[1,5,20,22,24,27,31,33,37,39,46],"ascension_level":2}