{"gold_per_floor":[117,129,145,2,13,48,48,80,80,80,94,128,128,156,156,257,257,270,285,139,154,154,188,213,246,246,278,278,311,339,450,462,474],"floor_reached":33,"playtime":2518,"items_purged":[],"score":667,"play_id":"86fdae54-55ed-487e-acb6-3c0cc5f12833","local_time":"20181117003553","is_ascension_mode":true,"campfire_choices":[{"floor":7,"key":"REST"},{"floor":10,"key":"REST"},{"floor":15,"key":"REST"},{"floor":28,"key":"REST"},{"floor":32,"key":"REST"}],"neow_cost":"NONE","seed_source_timestamp":0,"circlet_count":0,"master_deck":["AscendersBane","Defend_G","Defend_G","Defend_G","Defend_G","Defend_G","Strike_G","Strike_G","Strike_G","Strike_G","Strike_G","Survivor","Neutralize","Cloak And Dagger","Dagger Spray","Dash","Leg Sweep","Predator","Dagger Spray","Adrenaline","Corpse Explosion","Phantasmal Killer","Reflex+1","Cloak And Dagger+1","Cloak And Dagger+1","Blade Dance+1","Accuracy"],"special_seed":0,"relics":["Ring of the Snake","Pen Nib","Juzu Bracelet","Ornamental Fan","Singing Bowl","Gremlin Horn","Bag of Preparation","HoveringKite","Lantern","MutagenicStrength","Bronze Scales","Red Mask","Tough Bandages","Mummified Hand","Question Card","MawBank"],"potions_floor_usage":[12,14,14,16,27,29,29,33,33],"damage_taken":[{"damage":2.0,"enemies":"Cultist","floor":1.0,"turns":5.0},{"damage":1.0,"enemies":"2 Louse","floor":2.0,"turns":2.0},{"damage":4.0,"enemies":"Jaw Worm","floor":3.0,"turns":5.0},{"damage":7.0,"enemies":"Exordium Wildlife","floor":5.0,"turns":3.0},{"damage":45.0,"enemies":"Lagavulin","floor":6.0,"turns":9.0},{"damage":17,"enemies":"Gremlin Nob","floor":8,"turns":4},{"damage":0,"enemies":"Red Slaver","floor":11,"turns":4},{"damage":0,"enemies":"3 Sentries","floor":12,"turns":5},{"damage":8,"enemies":"Gremlin Nob","floor":14,"turns":4},{"damage":43,"enemies":"Slime Boss","floor":16,"turns":12},{"damage":0,"enemies":"3 Byrds","floor":18,"turns":2},{"damage":8,"enemies":"Shell Parasite","floor":19,"turns":6},{"damage":6,"enemies":"Cultist and Chosen","floor":21,"turns":3},{"damage":19,"enemies":"Book of Stabbing","floor":23,"turns":5},{"damage":2,"enemies":"Masked Bandits","floor":24,"turns":2},{"damage":0,"enemies":"Slavers","floor":25,"turns":2},{"damage":2,"enemies":"Book of Stabbing","floor":27,"turns":4},{"damage":0,"enemies":"Slavers","floor":29,"turns":1},{"damage":0,"enemies":"Sentry and Sphere","floor":30,"turns":3},{"damage":88,"enemies":"Champ","floor":33,"turns":15}],"seed_played":"8440961451646664664","potions_obtained":[{"floor":2.0,"key":"Ancient Potion"},{"floor":8,"key":"Ancient Potion"},{"floor":11,"key":"SkillPotion"},{"floor":12,"key":"GamblersBrew"},{"floor":16,"key":"LiquidBronze"},{"floor":18,"key":"EssenceOfSteel"},{"floor":23,"key":"Explosive Potion"},{"floor":27,"key":"Explosive Potion"},{"floor":29,"key":"Weak Potion"}],"is_trial":false,"path_per_floor":["M","M","M","$","M","E","R","E","T","R","M","E","$","E","R","B",null,"M","M","$","M","?","E","?","E","T","E","R","E","M","?","R","B"],"character_chosen":"THE_SILENT","items_purchased":["Pen Nib","Lantern"],"campfire_rested":5,"item_purchase_floors":[4,20],"current_hp_per_floor":[68,67,63,63,56,11,34,17,17,40,40,40,40,34,57,14,63,65,57,57,51,51,32,32,34,34,32,57,57,59,59,85,0],"gold":474,"neow_bonus":"TEN_PERCENT_HP_BONUS","is_prod":false,"is_daily":false,"chose_seed":false,"campfire_upgraded":0,"win_rate":0,"timestamp":1542407753,"path_taken":["M","M","?","$","M","E","R","E","T","R","M","E","?","E","R","BOSS","M","M","$","M","?","E","?","E","T","E","R","E","M","?","R","BOSS"],"build_version":"2018-11-15","purchased_purges":0,"victory":false,"max_hp_per_floor":[77,77,77,77,77,77,77,77,77,77,77,77,77,79,79,79,79,81,81,81,81,81,81,83,85,85,85,85,85,87,87,87,87],"card_choices":[{"not_picked":["Underhanded Strike","Backflip"],"picked":"Cloak And Dagger","floor":1.0},{"not_picked":["Finisher","All Out Attack"],"picked":"Dagger Spray","floor":2.0},{"not_picked":["Bane","Deflect"],"picked":"Dash","floor":3.0},{"not_picked":["Noxious Fumes","Sucker Punch"],"picked":"Leg Sweep","floor":5.0},{"not_picked":["Flechettes","Outmaneuver"],"picked":"Predator","floor":6.0},{"not_picked":["Caltrops","Choke"],"picked":"Dagger Spray","floor":8},{"not_picked":["Outmaneuver","PiercingWail"],"picked":"Adrenaline","floor":11},{"not_picked":["Quick Slash","Reflex"],"picked":"Corpse Explosion","floor":12},{"not_picked":["Bane","Choke","Blur"],"picked":"Singing Bowl","floor":14},{"not_picked":["Envenom","Venomology"],"picked":"Phantasmal Killer","floor":16},{"not_picked":["Deflect+1","Cloak And Dagger","Prepared"],"picked":"Singing Bowl","floor":18},{"not_picked":["PiercingWail","Footwork"],"picked":"Reflex+1","floor":19},{"not_picked":["Flying Knee","Distraction+1"],"picked":"Cloak And Dagger+1","floor":21},{"not_picked":["Accuracy","Choke"],"picked":"Cloak And Dagger+1","floor":23},{"not_picked":["Cloak And Dagger","Bane","Deflect"],"picked":"Singing Bowl","floor":24},{"not_picked":["Dodge and Roll","Flying Knee","Masterful Stab"],"picked":"Singing Bowl","floor":25},{"not_picked":["Sucker Punch+1","Eviscerate"],"picked":"Blade Dance+1","floor":27},{"not_picked":["Caltrops","Dash","Backflip"],"picked":"Accuracy","floor":29},{"not_picked":["Riddle With Holes","Prepared","Escape Plan","Corpse Explosion"],"picked":"Singing Bowl","floor":30}],"player_experience":310047,"relics_obtained":[{"floor":6.0,"key":"Juzu Bracelet"},{"floor":8,"key":"Ornamental Fan"},{"floor":9,"key":"Singing Bowl"},{"floor":12,"key":"Gremlin Horn"},{"floor":14,"key":"Bag of Preparation"},{"floor":23,"key":"Bronze Scales"},{"floor":24,"key":"Red Mask"},{"floor":25,"key":"Tough Bandages"},{"floor":26,"key":"Mummified Hand"},{"floor":27,"key":"Question Card"},{"floor":29,"key":"MawBank"}],"event_choices":[{"damage_healed":0,"gold_gain":0,"player_choice":"Inject Mutagens","damage_taken":0,"relics_obtained":["MutagenicStrength"],"max_hp_gain":0,"max_hp_loss":0,"event_name":"Drug Dealer","floor":22,"gold_loss":0},{"damage_healed":0,"gold_gain":0,"player_choice":"Fought Bandits","damage_taken":0,"max_hp_gain":0,"max_hp_loss":0,"event_name":"Masked Bandits","floor":24,"gold_loss":0},{"damage_healed":0,"gold_gain":99,"player_choice":"Stole From Cult","damage_taken":0,"max_hp_gain":0,"max_hp_loss":0,"event_name":"Nest","floor":31,"gold_loss":0}],"is_beta":true,"boss_relics":[{"not_picked":["Philosopher\u0027s Stone","Ectoplasm"],"picked":"HoveringKite"}],"items_purged_floors":[],"is_endless":false,"potions_floor_spawned":[2,8,11,12,16,18,23,24,27,29],"killed_by":"Champ","ascension_level":10}