{"gold_per_floor":[115,115,129,141,154,188,188,205,205,218,231,23,34,47,47,149,149,164,15,15,15,27,27,60,74,121,153,153,166,21,32,32,131,131,144,244,260,275,275,275,292,292],"floor_reached":42,"playtime":3081,"items_purged":["Shame"],"score":708,"play_id":"ee82649f-54c1-402b-891a-4f8f243e37ac","local_time":"20190210180128","is_ascension_mode":true,"campfire_choices":[{"floor":7,"key":"REST"},{"floor":15,"key":"REST"},{"floor":23,"key":"REST"},{"floor":28,"key":"REST"},{"data":"1","floor":32,"key":"LIFT"},{"floor":40,"key":"REST"}],"neow_cost":"PERCENT_DAMAGE","seed_source_timestamp":1694947327095756,"circlet_count":0,"master_deck":["Strike_B","Strike_B","Strike_B","Strike_B","Defend_B","Defend_B","Defend_B","Defend_B","Dualcast","Defragment","Gash","Glacier","Glacier","FTL","Gash","FTL","Sunder","Coolheaded","Sweeping Beam","Core Surge","Ball Lightning","RitualDagger","FTL+1","Gash+1","Leap","Barrage","Double Energy","Defragment","Undo+1","Seek","Sunder+1","Rebound+1","Gash"],"relics":["Cracked Core","Peace Pipe","Pantograph","Gremlin Horn","ClockworkSouvenir","Cursed Key","Blood Vial","Girya","Regal Pillow","Matryoshka","Nuclear Battery","NlothsMask"],"potions_floor_usage":[6,6,6,10,16,24,29,31,41,42,42],"damage_taken":[{"damage":0,"enemies":"2 Louse","floor":1,"turns":1},{"damage":6,"enemies":"Cultist","floor":3,"turns":3},{"damage":8,"enemies":"Jaw Worm","floor":4,"turns":4},{"damage":13,"enemies":"Lots of Slimes","floor":5,"turns":9},{"damage":10,"enemies":"Gremlin Nob","floor":6,"turns":7},{"damage":8,"enemies":"Exordium Thugs","floor":8,"turns":8},{"damage":1,"enemies":"2 Fungi Beasts","floor":10,"turns":3},{"damage":2,"enemies":"Large Slime","floor":11,"turns":6},{"damage":0,"enemies":"3 Louse","floor":13,"turns":2},{"damage":6,"enemies":"Exordium Thugs","floor":14,"turns":4},{"damage":31,"enemies":"Hexaghost","floor":16,"turns":12},{"damage":17,"enemies":"Shell Parasite","floor":18,"turns":5},{"damage":1,"enemies":"Chosen","floor":22,"turns":4},{"damage":19,"enemies":"Slavers","floor":24,"turns":8},{"damage":7,"enemies":"Snake Plant","floor":25,"turns":5},{"damage":0,"enemies":"Gremlin Leader","floor":27,"turns":6},{"damage":15,"enemies":"Centurion and Healer","floor":29,"turns":5},{"damage":4,"enemies":"3 Cultists","floor":31,"turns":4},{"damage":33,"enemies":"Collector","floor":33,"turns":12},{"damage":21,"enemies":"3 Darklings","floor":35,"turns":5},{"damage":0,"enemies":"Orb Walker","floor":37,"turns":3},{"damage":37,"enemies":"Maw","floor":38,"turns":8},{"damage":15,"enemies":"4 Shapes","floor":41,"turns":6},{"damage":55,"enemies":"Giant Head","floor":42,"turns":7}],"seed_played":"-3526781253530447553","potions_obtained":[{"floor":1,"key":"SpeedPotion"},{"floor":3,"key":"Weak Potion"},{"floor":5,"key":"Ancient Potion"},{"floor":8,"key":"Ancient Potion"},{"floor":11,"key":"Strength Potion"},{"floor":16,"key":"GamblersBrew"},{"floor":22,"key":"Strength Potion"},{"floor":25,"key":"Fire Potion"},{"floor":33,"key":"Block Potion"},{"floor":35,"key":"Fire Potion"},{"floor":38,"key":"Dexterity Potion"}],"is_trial":false,"path_per_floor":["M","?","M","M","M","E","R","M","T","M","M","$","M","M","R","B",null,"M","$","?","$","M","R","E","M","T","E","R","M","$","M","R","B",null,"M","?","M","M","?","R","M","E"],"character_chosen":"DEFECT","items_purchased":["ClockworkSouvenir","Blood Vial","Defragment"],"campfire_rested":5,"item_purchase_floors":[12,19,30],"current_hp_per_floor":[50,50,44,36,23,13,35,27,27,26,24,24,24,18,40,34,65,48,48,42,42,43,65,48,43,43,45,75,60,60,58,58,42,67,48,48,50,15,15,52,39,0],"gold":292,"neow_bonus":"ONE_RARE_RELIC","is_prod":false,"is_daily":false,"chose_seed":false,"campfire_upgraded":0,"win_rate":0,"timestamp":1549814488,"path_taken":["M","?","?","M","M","E","R","M","T","M","?","$","?","M","R","BOSS","M","$","?","$","M","R","E","M","T","E","R","M","$","M","R","BOSS","M","?","?","M","?","R","?","E"],"build_version":"2019-02-06","purchased_purges":1,"victory":false,"max_hp_per_floor":[75,75,75,75,75,75,75,75,75,75,75,75,75,75,75,75,75,75,75,75,75,75,75,75,75,75,75,75,75,75,75,75,75,75,75,75,75,75,75,75,75,75],"card_choices":[{"not_picked":["Reprogram","BootSequence"],"picked":"Defragment","floor":1},{"not_picked":["Tempest","Heatsinks"],"picked":"Gash","floor":3},{"not_picked":["Force Field","Doom and Gloom"],"picked":"Glacier","floor":4},{"not_picked":["Hologram","Compile Driver"],"picked":"Glacier","floor":5},{"not_picked":["Chill","Leap"],"picked":"FTL","floor":6},{"not_picked":["Reprogram","Ball Lightning"],"picked":"Gash","floor":8},{"not_picked":["Streamline","Amplify"],"picked":"FTL","floor":10},{"not_picked":["Hologram","Compile Driver"],"picked":"Sunder","floor":11},{"not_picked":["Lockon","Barrage"],"picked":"Coolheaded","floor":13},{"not_picked":["Stack","Turbo"],"picked":"Sweeping Beam","floor":14},{"not_picked":["Hyperbeam","Electrodynamics"],"picked":"Core Surge","floor":16},{"not_picked":["Sunder","Leap"],"picked":"Ball Lightning","floor":18},{"not_picked":["Beam Cell","Cold Snap"],"picked":"FTL+1","floor":22},{"not_picked":["Beam Cell+1","Leap"],"picked":"Gash+1","floor":24},{"not_picked":["Steam","Turbo"],"picked":"Leap","floor":25},{"not_picked":["Lockon","Chaos"],"picked":"Barrage","floor":27},{"not_picked":["Darkness","Storm+1"],"picked":"Double Energy","floor":29},{"not_picked":["Reinforced Body","Thunder Strike"],"picked":"Undo+1","floor":31},{"not_picked":["Hyperbeam","Rainbow"],"picked":"Seek","floor":33},{"not_picked":["Hologram+1","Recycle+1"],"picked":"Sunder+1","floor":35},{"not_picked":["Go for the Eyes","Ball Lightning+1"],"picked":"Rebound+1","floor":37},{"not_picked":["Ball Lightning","Hologram","Darkness+1"],"picked":"SKIP","floor":38},{"not_picked":["Multi-Cast","Double Energy"],"picked":"Gash","floor":41}],"player_experience":467461,"relics_obtained":[{"floor":6,"key":"Pantograph"},{"floor":9,"key":"Gremlin Horn"},{"floor":24,"key":"Girya"},{"floor":26,"key":"Regal Pillow"},{"floor":27,"key":"Matryoshka"}],"event_choices":[{"cards_removed":["Zap"],"damage_healed":0,"gold_gain":0,"player_choice":"Purged","damage_taken":0,"max_hp_gain":0,"max_hp_loss":0,"event_name":"Purifier","floor":2,"gold_loss":0},{"damage_healed":0,"gold_gain":0,"player_choice":"Joined the Cult","damage_taken":6,"max_hp_gain":0,"max_hp_loss":0,"event_name":"Nest","floor":20,"gold_loss":0,"cards_obtained":["RitualDagger"]},{"damage_healed":0,"gold_gain":100,"player_choice":"Pray","damage_taken":0,"max_hp_gain":0,"max_hp_loss":0,"event_name":"Golden Shrine","floor":36,"gold_loss":0},{"damage_healed":0,"gold_gain":0,"player_choice":"Trade","damage_taken":0,"relics_obtained":["NlothsMask"],"max_hp_gain":0,"max_hp_loss":0,"event_name":"FaceTrader","floor":39,"gold_loss":0}],"is_beta":true,"boss_relics":[{"not_picked":["Coffee Dripper","Philosopher\u0027s Stone"],"picked":"Cursed Key"},{"not_picked":["Orrery","White Beast Statue"],"picked":"Nuclear Battery"}],"items_purged_floors":[30],"is_endless":false,"potions_floor_spawned":[1,3,5,8,11,16,22,25,33,35,38],"killed_by":"Giant Head","ascension_level":9}