{"gold_per_floor":[114,130,130,11,23,23,51,51,76,89,101,130,130,89,89,161,161,177,191,241,241,241,270,282,325,337,92,17,17,17,35,35,109,109,127,147,158,27,39,39,39,39],"floor_reached":42,"playtime":4540,"items_purged":["Strike_G"],"score":888,"play_id":"0c5d05dd-7530-47a7-acfd-400493d55d84","local_time":"20190519101732","is_ascension_mode":true,"campfire_choices":[{"data":"Die Die Die","floor":6.0,"key":"SMITH"},{"floor":8.0,"key":"REST"},{"data":"Footwork","floor":13.0,"key":"SMITH"},{"data":"Blur","floor":15.0,"key":"SMITH"},{"data":"Calculated Gamble","floor":24.0,"key":"SMITH"},{"floor":30.0,"key":"REST"},{"data":"Malaise","floor":32.0,"key":"SMITH"},{"floor":40.0,"key":"REST"}],"neow_cost":"TEN_PERCENT_HP_LOSS","seed_source_timestamp":0,"circlet_count":0,"master_deck":["AscendersBane","Defend_G","Defend_G","Defend_G","Defend_G","Defend_G","Strike_G","Survivor","Neutralize+1","Die Die Die+1","Bouncing Flask","Escape Plan","Footwork+1","Blur+1","Skewer","Calculated Gamble+1","Dash","Die Die Die","Deflect","Malaise","Acrobatics","Noxious Fumes","Leg Sweep+1","Malaise+1","Corpse Explosion","Acrobatics+1"],"special_seed":0,"relics":["Ring of the Snake","Potion Belt","Bronze Scales","Art of War","Cursed Key","MawBank","Anchor","Regal Pillow","Empty Cage"],"potions_floor_usage":[],"damage_taken":[{"damage":0.0,"enemies":"2 Louse","floor":1.0,"turns":3.0},{"damage":0.0,"enemies":"Cultist","floor":2.0,"turns":3.0},{"damage":4.0,"enemies":"Small Slimes","floor":5.0,"turns":5.0},{"damage":31.0,"enemies":"Lagavulin","floor":7.0,"turns":6.0},{"damage":0.0,"enemies":"Blue Slaver","floor":10.0,"turns":4.0},{"damage":0.0,"enemies":"Exordium Wildlife","floor":11.0,"turns":3.0},{"damage":14.0,"enemies":"Gremlin Nob","floor":12.0,"turns":4.0},{"damage":16.0,"enemies":"The Guardian","floor":16.0,"turns":13.0},{"damage":9.0,"enemies":"Shell Parasite","floor":18.0,"turns":7.0},{"damage":5.0,"enemies":"2 Thieves","floor":19.0,"turns":5.0},{"damage":4.0,"enemies":"Book of Stabbing","floor":23.0,"turns":6.0},{"damage":44.0,"enemies":"Slavers","floor":25.0,"turns":7.0},{"damage":0.0,"enemies":"Chosen and Byrds","floor":31.0,"turns":4.0},{"damage":28.0,"enemies":"Champ","floor":33.0,"turns":22.0},{"damage":13.0,"enemies":"Orb Walker","floor":35.0,"turns":6.0},{"damage":16.0,"enemies":"3 Darklings","floor":36.0,"turns":4.0},{"damage":2.0,"enemies":"Sphere and 2 Shapes","floor":37.0,"turns":5.0},{"damage":1.0,"enemies":"Jaw Worm Horde","floor":39.0,"turns":4.0},{"damage":61,"enemies":"Giant Head","floor":42,"turns":10}],"seed_played":"1142695440584388524","potions_obtained":[{"floor":5.0,"key":"SkillPotion"},{"floor":7.0,"key":"SneckoOil"},{"floor":10.0,"key":"Fire Potion"},{"floor":18.0,"key":"Regen Potion"},{"floor":19.0,"key":"Fire Potion"},{"floor":31.0,"key":"Energy Potion"}],"is_trial":false,"path_per_floor":["M","M","?","$","M","R","E","R","T","M","M","E","R","?","R","B",null,"M","M","?","T","?","E","R","E","T","$","?","?","R","M","R","B",null,"M","M","M","$","M","R","?","E"],"character_chosen":"THE_SILENT","items_purchased":["Footwork","Blur","GhostInAJar","Regal Pillow","Explosive Potion"],"campfire_rested":3,"item_purchase_floors":[4,4,27,27,38],"current_hp_per_floor":[59,59,59,59,55,55,24,42,42,42,42,28,28,28,28,12,48,39,34,34,34,46,57,57,13,13,13,13,13,46,46,46,18,50,37,21,19,19,18,51,51,0],"gold":39,"neow_bonus":"THREE_RARE_CARDS","is_prod":false,"is_daily":false,"chose_seed":false,"campfire_upgraded":5,"win_rate":0,"timestamp":1558286252,"path_taken":["M","M","?","$","?","R","E","R","T","M","M","E","R","?","R","BOSS","M","M","?","?","?","E","R","E","T","$","?","?","R","M","R","BOSS","M","M","?","$","M","R","?","E"],"build_version":"2019-01-23","purchased_purges":1,"victory":false,"max_hp_per_floor":[60,60,60,60,60,60,60,60,60,60,60,60,60,60,60,60,60,60,60,60,60,60,60,60,60,60,60,60,60,60,60,60,60,60,60,60,60,60,60,60,57,57],"card_choices":[{"not_picked":["After Image","Night Terror"],"picked":"Die Die Die","floor":0.0},{"not_picked":["Blade Dance","Finisher"],"picked":"Bouncing Flask","floor":1.0},{"not_picked":["Blade Dance","Deflect"],"picked":"Escape Plan","floor":2.0},{"not_picked":["Deadly Poison","Bane"],"picked":"Skewer","floor":5.0},{"not_picked":["Reflex","Sucker Punch"],"picked":"Calculated Gamble","floor":7.0},{"not_picked":["Heel Hook","Blade Dance"],"picked":"Dash","floor":10.0},{"not_picked":["Dagger Spray","Finisher"],"picked":"Die Die Die","floor":11.0},{"not_picked":["Storm of Steel","Underhanded Strike"],"picked":"Deflect","floor":12.0},{"not_picked":["Glass Knife","Unload"],"picked":"Malaise","floor":16.0},{"not_picked":["Poisoned Stab","Footwork"],"picked":"Acrobatics","floor":18.0},{"not_picked":["Sucker Punch","Cloak And Dagger"],"picked":"Noxious Fumes","floor":19.0},{"not_picked":["Dodge and Roll","Flying Knee"],"picked":"Leg Sweep+1","floor":23.0},{"not_picked":["Blade Dance","Deadly Poison","Backstab+1"],"picked":"SKIP","floor":25.0},{"not_picked":["Dagger Spray","Flying Knee","Poisoned Stab"],"picked":"SKIP","floor":31.0},{"not_picked":["Tools of the Trade","Phantasmal Killer"],"picked":"Corpse Explosion","floor":33.0},{"not_picked":["Deadly Poison","Underhanded Strike"],"picked":"Acrobatics+1","floor":35.0},{"not_picked":["Outmaneuver","Dagger Throw","Expertise"],"picked":"SKIP","floor":36.0},{"not_picked":["Dodge and Roll","Outmaneuver+1","Endless Agony"],"picked":"SKIP","floor":37.0},{"not_picked":["Blade Dance+1","Footwork","Flechettes"],"picked":"SKIP","floor":39.0},{"not_picked":["Blade Dance+1","Footwork","Flechettes"],"picked":"SKIP","floor":39.0}],"player_experience":1384027,"relics_obtained":[{"floor":7.0,"key":"Potion Belt"},{"floor":9.0,"key":"Bronze Scales"},{"floor":12.0,"key":"Art of War"},{"floor":23.0,"key":"MawBank"},{"floor":25.0,"key":"Anchor"}],"event_choices":[{"damage_healed":0.0,"max_hp_gain":0.0,"max_hp_loss":0.0,"gold_gain":0.0,"event_name":"Upgrade Shrine","player_choice":"Upgraded","floor":3.0,"gold_loss":0.0,"damage_taken":0.0,"cards_upgraded":["Neutralize"]},{"damage_healed":0.0,"max_hp_gain":0.0,"max_hp_loss":0.0,"gold_gain":0.0,"event_name":"World of Goop","player_choice":"Left Gold","floor":14.0,"gold_loss":41.0,"damage_taken":0.0},{"damage_healed":0.0,"max_hp_gain":0.0,"max_hp_loss":0.0,"gold_gain":50.0,"event_name":"Nest","player_choice":"Stole From Cult","floor":20.0,"gold_loss":0.0,"damage_taken":0.0},{"damage_healed":12.0,"max_hp_gain":0.0,"max_hp_loss":0.0,"gold_gain":0.0,"event_name":"The Library","player_choice":"Heal","floor":22.0,"gold_loss":0.0,"damage_taken":0.0},{"cards_removed":["Strike_G"],"damage_healed":0.0,"max_hp_gain":0.0,"max_hp_loss":0.0,"gold_gain":0.0,"event_name":"Beggar","player_choice":"Gave Gold","floor":28.0,"gold_loss":75.0,"damage_taken":0.0},{"damage_healed":0.0,"max_hp_gain":0.0,"max_hp_loss":0.0,"gold_gain":0.0,"event_name":"Duplicator","player_choice":"Copied","floor":29.0,"gold_loss":0.0,"damage_taken":0.0,"cards_obtained":["Malaise"]},{"damage_healed":0.0,"max_hp_gain":0.0,"max_hp_loss":3.0,"gold_gain":0.0,"event_name":"Winding Halls","player_choice":"Max HP","floor":41.0,"gold_loss":0.0,"damage_taken":0.0}],"is_beta":false,"boss_relics":[{"not_picked":["Fusion Hammer","Pandora\u0027s Box"],"picked":"Cursed Key"},{"not_picked":["Astrolabe","HoveringKite"],"picked":"Empty Cage"}],"items_purged_floors":[38],"is_endless":false,"potions_floor_spawned":[5,7,10,18,19,31],"killed_by":"Giant Head","ascension_level":20}