{"gold_per_floor":[114,289,289,66,84,109,109,72,98,98,20,20,20,34,34,159,159,139,139,139],"floor_reached":20,"playtime":1160,"items_purged":["Doubt"],"score":308,"play_id":"b5a29a20-bc3b-40aa-9e4c-6579429db6ef","local_time":"20190525220934","is_ascension_mode":true,"campfire_choices":[{"data":"Bash","floor":7,"key":"SMITH"},{"data":"Clothesline","floor":10,"key":"SMITH"},{"floor":13,"key":"REST"},{"data":"Shockwave","floor":15,"key":"SMITH"}],"neow_cost":"TEN_PERCENT_HP_LOSS","seed_source_timestamp":0,"circlet_count":0,"master_deck":["Strike_R","Strike_R","Strike_R","Strike_R","Defend_R","Defend_R","Defend_R","Defend_R","Bash+1","Clothesline+1","Heavy Blade","Metallicize","Shockwave+1","Injury","Demon Form","Spot Weakness"],"special_seed":0,"relics":["Burning Blood","Bird Faced Urn","Vajra","Potion Belt","Blood Vial","Golden Idol","Philosopher\u0027s Stone"],"potions_floor_usage":[16],"damage_taken":[{"damage":13,"enemies":"Small Slimes","floor":1,"turns":4},{"damage":6,"enemies":"2 Louse","floor":5,"turns":3},{"damage":41,"enemies":"Lagavulin","floor":6,"turns":7},{"damage":9,"enemies":"Jaw Worm","floor":14,"turns":4},{"damage":48,"enemies":"Slime Boss","floor":16,"turns":14},{"damage":41,"enemies":"2 Thieves","floor":18,"turns":5},{"damage":34,"enemies":"Colosseum Slavers","floor":19,"turns":5},{"damage":22,"enemies":"Shell Parasite","floor":20,"turns":4}],"seed_played":"-5198433046869873736","potions_obtained":[{"floor":6,"key":"Weak Potion"}],"is_trial":false,"path_per_floor":["M","?","?","$","M","E","R","$","T","R","$","?","R","M","R","B",null,"M","?","M"],"character_chosen":"IRONCLAD","items_purchased":["Vajra","Metallicize","Shockwave"],"campfire_rested":1,"item_purchase_floors":[4,8,11],"current_hp_per_floor":[65,65,58,58,58,23,23,23,23,23,23,23,44,45,45,7,72,39,17,0],"gold":139,"neow_bonus":"ONE_RARE_RELIC","is_prod":false,"is_daily":false,"chose_seed":false,"campfire_upgraded":3,"win_rate":1,"timestamp":1558843774,"path_taken":["M","?","?","$","M","E","R","?","T","R","$","?","R","?","R","BOSS","M","?","M"],"build_version":"2019-01-23","purchased_purges":1,"victory":false,"max_hp_per_floor":[72,72,72,72,72,72,72,72,72,72,72,72,72,72,72,72,72,72,72,72],"card_choices":[{"not_picked":["Anger","Intimidate","True Grit"],"picked":"SKIP","floor":1},{"not_picked":["Sword Boomerang","Dropkick"],"picked":"Clothesline","floor":5},{"not_picked":["Fire Breathing","True Grit"],"picked":"Heavy Blade","floor":6},{"not_picked":["Searing Blow","Wild Strike","Perfected Strike"],"picked":"SKIP","floor":14},{"not_picked":["Impervious","Bludgeon"],"picked":"Demon Form","floor":16},{"not_picked":["Pommel Strike","Cleave"],"picked":"Spot Weakness","floor":18}],"player_experience":34207,"relics_obtained":[{"floor":6,"key":"Potion Belt"},{"floor":9,"key":"Blood Vial"}],"event_choices":[{"damage_healed":0,"gold_gain":175,"player_choice":"AGREE","damage_taken":0,"max_hp_gain":0,"max_hp_loss":0,"event_name":"Liars Game","floor":2,"gold_loss":0,"cards_obtained":["Doubt"]},{"cards_removed":["Strike_R"],"damage_healed":0,"gold_gain":0,"player_choice":"Card Removal","damage_taken":7,"max_hp_gain":0,"max_hp_loss":0,"event_name":"Golden Wing","floor":3,"gold_loss":0},{"damage_healed":0,"gold_gain":0,"player_choice":"Take Wound","damage_taken":0,"relics_obtained":["Golden Idol"],"max_hp_gain":0,"max_hp_loss":0,"event_name":"Golden Idol","floor":12,"gold_loss":0,"cards_obtained":["Injury"]},{"damage_healed":0,"gold_gain":0,"player_choice":"Fight","damage_taken":0,"max_hp_gain":0,"max_hp_loss":0,"event_name":"Colosseum","floor":19,"gold_loss":0},{"damage_healed":0,"gold_gain":0,"player_choice":"Fled From Nobs","damage_taken":0,"max_hp_gain":0,"max_hp_loss":0,"event_name":"Colosseum","floor":19,"gold_loss":0}],"is_beta":false,"boss_relics":[{"not_picked":["Empty Cage","Astrolabe"],"picked":"Philosopher\u0027s Stone"}],"items_purged_floors":[4],"is_endless":false,"potions_floor_spawned":[6],"killed_by":"Shell Parasite","ascension_level":3}