{"gold_per_floor":[111,128,128,144,159,159,190,204,204,204,238,299,310,328,328,424,424,439,60,78,1,20,20,33,59,86,101,121,27,27,44,44,44],"floor_reached":33,"playtime":3357,"items_purged":[],"score":297,"play_id":"a72c3ff3-057d-4bc3-baa2-35fae93aba1f","local_time":"20180623133137","is_ascension_mode":true,"campfire_choices":[{"data":"Blood for Blood","floor":6,"key":"SMITH"},{"floor":10,"key":"REST"},{"floor":15,"key":"REST"},{"floor":23,"key":"REST"},{"floor":32,"key":"REST"}],"neow_cost":"NONE","seed_source_timestamp":197346914126,"circlet_count":0,"master_deck":["Sword Boomerang","Cleave","Evolve","Second Wind+1","Warcry","Wild Strike","Heavy Blade+1","Shrug It Off+1","Iron Wave","Blood for Blood+1","Thunderclap","Cleave","Burning Pact","Fire Breathing","Cleave","Armaments","Spot Weakness","Reaper","Heavy Blade","Metallicize","Armaments","Anger","Pommel Strike","Metallicize","Battle Trance+1","Headbutt+1","Limit Break","Flex+1","Flex","Infernal Blade"],"relics":["Pandora\u0027s Box","Ancient Tea Set","Oddly Smooth Stone","War Paint","Mark of Pain","Kunai","Dodecahedron","Strawberry"],"potions_floor_usage":[14,16,22,22,27,31,33,33],"damage_taken":[{"damage":8,"enemies":"Jaw Worm","floor":1,"turns":3},{"damage":1,"enemies":"Cultist","floor":2,"turns":3},{"damage":0,"enemies":"2 Louse","floor":4,"turns":2},{"damage":11,"enemies":"Blue Slaver","floor":5,"turns":3},{"damage":24,"enemies":"3 Sentries","floor":7,"turns":4},{"damage":5,"enemies":"3 Louse","floor":8,"turns":2},{"damage":36,"enemies":"Lagavulin","floor":11,"turns":5},{"damage":0,"enemies":"Looter","floor":13,"turns":2},{"damage":12,"enemies":"Blue Slaver","floor":14,"turns":3},{"damage":17,"enemies":"Slime Boss","floor":16,"turns":6},{"damage":32,"enemies":"Shell Parasite","floor":18,"turns":5},{"damage":21,"enemies":"2 Thieves","floor":20,"turns":3},{"damage":23,"enemies":"Snecko","floor":22,"turns":6},{"damage":17,"enemies":"Centurion and Healer","floor":24,"turns":3},{"damage":32,"enemies":"Book of Stabbing","floor":25,"turns":6},{"damage":30,"enemies":"Sentry and Sphere","floor":27,"turns":4},{"damage":10,"enemies":"Cultist and Chosen","floor":28,"turns":4},{"damage":1,"enemies":"Centurion and Healer","floor":31,"turns":6},{"damage":59,"enemies":"Champ","floor":33,"turns":11}],"seed_played":"5354474896357859436","potions_obtained":[{"floor":5,"key":"FairyPotion"},{"floor":7,"key":"GamblersBrew"},{"floor":8,"key":"GamblersBrew"},{"floor":11,"key":"Explosive Potion"},{"floor":16,"key":"GamblersBrew"},{"floor":20,"key":"BloodPotion"},{"floor":25,"key":"Regen Potion"},{"floor":28,"key":"Block Potion"},{"floor":31,"key":"Energy Potion"}],"is_trial":false,"path_per_floor":["M","M","?","M","M","R","E","M","T","R","E","?","M","M","R","B",null,"M","$","M","$","M","R","M","E","T","M","M","$","?","M","R"],"character_chosen":"IRONCLAD","items_purchased":["Kunai","Metallicize","Armaments","Anger","Metallicize","Flex","Dexterity Potion"],"campfire_rested":4,"item_purchase_floors":[19,19,19,19,21,29,29],"current_hp_per_floor":[72,71,71,71,60,60,36,31,31,55,19,19,19,7,31,14,80,56,56,35,35,26,50,33,6,13,8,10,10,10,25,51,0],"gold":44,"neow_bonus":"BOSS_RELIC","is_prod":false,"is_daily":false,"chose_seed":false,"campfire_upgraded":1,"win_rate":0,"timestamp":1529753497,"path_taken":["M","M","?","M","M","R","E","M","T","R","E","?","M","?","R","BOSS","M","$","M","?","M","R","M","E","T","M","M","$","?","M","R","BOSS"],"build_version":"2018-06-21v2","purchased_purges":0,"victory":false,"max_hp_per_floor":[80,80,80,80,80,80,80,80,80,80,80,80,80,80,80,80,80,80,80,80,80,80,80,80,80,87,87,87,87,87,87,87,87],"card_choices":[{"not_picked":["Dual Wield","Wild Strike"],"picked":"Blood for Blood","floor":1},{"not_picked":["Twin Strike","Power Through"],"picked":"Thunderclap","floor":2},{"not_picked":["Perfected Strike","Clash"],"picked":"Cleave","floor":4},{"not_picked":["Rupture","Perfected Strike"],"picked":"Burning Pact","floor":5},{"not_picked":["Searing Blow","Uppercut"],"picked":"Fire Breathing","floor":7},{"not_picked":["Clash","Thunderclap"],"picked":"Cleave","floor":8},{"not_picked":["Searing Blow","Feel No Pain"],"picked":"Armaments","floor":11},{"not_picked":["Second Wind","Hemokinesis","Fire Breathing"],"picked":"SKIP","floor":13},{"not_picked":["Second Wind","Power Through"],"picked":"Spot Weakness","floor":14},{"not_picked":["Feed","Brutality"],"picked":"Reaper","floor":16},{"not_picked":["Headbutt","Twin Strike"],"picked":"Heavy Blade","floor":18},{"not_picked":["Twin Strike","Disarm"],"picked":"Pommel Strike","floor":20},{"not_picked":["Combust","Corruption"],"picked":"Battle Trance+1","floor":22},{"not_picked":["Corruption","Dropkick"],"picked":"Headbutt+1","floor":24},{"not_picked":["Corruption+1","Juggernaut"],"picked":"Limit Break","floor":25},{"not_picked":["Clothesline","Body Slam"],"picked":"Flex+1","floor":27},{"not_picked":["Twin Strike","Dropkick","Cleave"],"picked":"SKIP","floor":28},{"not_picked":["Searing Blow","Clothesline+1"],"picked":"Infernal Blade","floor":31}],"player_experience":127424,"relics_obtained":[{"floor":7,"key":"Ancient Tea Set"},{"floor":9,"key":"Oddly Smooth Stone"},{"floor":11,"key":"War Paint"},{"floor":25,"key":"Dodecahedron"},{"floor":26,"key":"Strawberry"}],"event_choices":[{"event_name":"Upgrade Shrine","player_choice":"Upgraded","floor":3,"damage_taken":0},{"event_name":"Golden Wing","player_choice":"Gained Gold","floor":12,"damage_taken":0},{"event_name":"Back to Basics","player_choice":"Elegance","floor":30,"damage_taken":0}],"boss_relics":[{"not_picked":["Astrolabe","Runic Cube"],"picked":"Mark of Pain"}],"items_purged_floors":[],"is_endless":false,"potions_floor_spawned":[5,7,8,11,16,20,25,28,31],"killed_by":"Champ","ascension_level":1}