{"gold_per_floor":[116,291,66,81,81,107,107,123,123,155,155,175,175,207,207,286,286,299,310,13,13,27,58,58,75,155,167,199,53,83,83,83,83],"floor_reached":33,"playtime":2084,"items_purged":["Doubt"],"score":540,"play_id":"1f0d877f-2e4b-4296-98d4-adac9b8ad486","local_time":"20190122013600","is_ascension_mode":true,"campfire_choices":[{"floor":7,"key":"REST"},{"floor":11,"key":"REST"},{"data":"Inflame","floor":15,"key":"SMITH"},{"floor":24,"key":"REST"},{"floor":32,"key":"REST"}],"neow_cost":"NONE","seed_source_timestamp":394738211548176,"circlet_count":0,"master_deck":["AscendersBane","Strike_R","Strike_R","Strike_R","Strike_R","Strike_R","Defend_R","Defend_R","Defend_R","Bash","Dramatic Entrance","Iron Wave","Rage+1","Shrug It Off","Battle Trance","Flex","Armaments","Inflame+1","Clash","Perfected Strike","Reaper","Clash","Uppercut+1","Perfected Strike","Perfected Strike","Reaper","Dropkick","Pommel Strike","Flame Barrier","Thunderclap","Wild Strike","Second Wind+1","Flex"],"relics":["Burning Blood","Potion Belt","Gremlin Horn","Prayer Wheel","Anchor","Question Card","White Beast Statue","Torii","Self Forming Clay","Tiny Chest","Bird Faced Urn","Regal Pillow","Ice Cream"],"potions_floor_usage":[14,14,19,21,25,27,28,28,30,30,30,30,31,33,33,33],"damage_taken":[{"damage":0,"enemies":"Small Slimes","floor":1,"turns":2},{"damage":3,"enemies":"2 Louse","floor":4,"turns":3},{"damage":53,"enemies":"Lagavulin","floor":6,"turns":10},{"damage":1,"enemies":"Cultist","floor":8,"turns":4},{"damage":7,"enemies":"3 Sentries","floor":10,"turns":9},{"damage":0,"enemies":"2 Fungi Beasts","floor":12,"turns":2},{"damage":15,"enemies":"Gremlin Nob","floor":14,"turns":4},{"damage":13,"enemies":"Slime Boss","floor":16,"turns":11},{"damage":17,"enemies":"Shell Parasite","floor":18,"turns":5},{"damage":0,"enemies":"Chosen","floor":19,"turns":4},{"damage":0,"enemies":"Snake Plant","floor":21,"turns":1},{"damage":14,"enemies":"Snecko","floor":22,"turns":4},{"damage":43,"enemies":"Slavers","floor":23,"turns":6},{"damage":18,"enemies":"3 Cultists","floor":25,"turns":5},{"damage":17,"enemies":"Snake Plant","floor":27,"turns":3},{"damage":15,"enemies":"Book of Stabbing","floor":28,"turns":4},{"damage":109,"enemies":"Gremlin Leader","floor":30,"turns":7},{"damage":0,"enemies":"Shelled Parasite and Fungi","floor":31,"turns":1},{"damage":81,"enemies":"Champ","floor":33,"turns":9}],"seed_played":"538667803107792708","potions_obtained":[{"floor":10,"key":"Poison Potion"},{"floor":12,"key":"Block Potion"},{"floor":14,"key":"EssenceOfSteel"},{"floor":16,"key":"SmokeBomb"},{"floor":18,"key":"LiquidBronze"},{"floor":19,"key":"Weak Potion"},{"floor":22,"key":"BloodPotion"},{"floor":23,"key":"Swift Potion"},{"floor":25,"key":"Energy Potion"},{"floor":27,"key":"Explosive Potion"},{"floor":28,"key":"EntropicBrew"},{"floor":30,"key":"AttackPotion"}],"is_trial":false,"path_per_floor":["?","?","M","?"],"character_chosen":"IRONCLAD","items_purchased":["Potion Belt","Torii","Regal Pillow"],"campfire_rested":4,"item_purchase_floors":[3,20,29],"current_hp_per_floor":[78,78,78,80,80,33,57,62,62,61,80,80,80,71,71,64,76,65,78,78,80,72,53,77,80,80,73,77,77,7,13,52,0],"gold":83,"neow_bonus":"RANDOM_COLORLESS","is_prod":false,"is_daily":false,"chose_seed":false,"campfire_upgraded":1,"win_rate":0,"timestamp":1548113760,"path_taken":["M","?","$","M","?","E","R","?","T","E","R","M","?","E","R","BOSS","M","M","$","M","M","E","R","M","T","M","E","$","E","M","R","BOSS"],"build_version":"2019-01-20","purchased_purges":1,"victory":false,"max_hp_per_floor":[80,80,80,80,80,80,80,80,80,80,80,80,80,80,80,80,80,80,80,80,80,80,80,80,80,80,80,80,80,80,80,80,80],"card_choices":[{"not_picked":["Warcry","Pummel"],"picked":"Iron Wave","floor":1},{"not_picked":["Shrug It Off","Warcry"],"picked":"Rage","floor":4},{"not_picked":["Burning Pact","Cleave"],"picked":"Shrug It Off","floor":6},{"not_picked":["Warcry","Rupture"],"picked":"Battle Trance","floor":8},{"not_picked":["Body Slam","Dropkick"],"picked":"Flex","floor":10},{"not_picked":["Bloodletting","Hemokinesis"],"picked":"Armaments","floor":12},{"not_picked":["Flex","Feel No Pain"],"picked":"Inflame","floor":12},{"not_picked":["Berserk","Armaments"],"picked":"Perfected Strike","floor":14},{"not_picked":["Offering","Bludgeon","Exhume"],"picked":"Reaper","floor":16},{"not_picked":["Heavy Blade","Sentinel","Perfected Strike"],"picked":"Clash","floor":18},{"not_picked":["Spot Weakness","Hemokinesis+1","Rampage"],"picked":"Uppercut+1","floor":18},{"not_picked":["Pommel Strike","Shrug It Off","Warcry"],"picked":"Perfected Strike","floor":19},{"not_picked":["Shrug It Off","Carnage","Iron Wave"],"picked":"Perfected Strike","floor":19},{"not_picked":["Cleave","Armaments","Sentinel"],"picked":"Reaper","floor":22},{"not_picked":["Iron Wave","Thunderclap","Entrench"],"picked":"Dropkick","floor":22},{"not_picked":["Rupture+1","Burning Pact","Entrench","Clothesline"],"picked":"SKIP","floor":23},{"not_picked":["Iron Wave","Metallicize","Clothesline"],"picked":"Pommel Strike","floor":25},{"not_picked":["Whirlwind","Cleave","Armaments"],"picked":"Flame Barrier","floor":25},{"not_picked":["Sword Boomerang","Combust","Blood for Blood"],"picked":"Thunderclap","floor":27},{"not_picked":["Metallicize+1","Juggernaut","True Grit"],"picked":"Wild Strike","floor":27},{"not_picked":["Dual Wield","Burning Pact","Sword Boomerang"],"picked":"Second Wind+1","floor":28},{"not_picked":["Second Wind","Spot Weakness","Anger"],"picked":"Flex","floor":30}],"player_experience":386334,"relics_obtained":[{"floor":6,"key":"Gremlin Horn"},{"floor":9,"key":"Prayer Wheel"},{"floor":10,"key":"Anchor"},{"floor":14,"key":"Question Card"},{"floor":23,"key":"Self Forming Clay"},{"floor":26,"key":"Tiny Chest"},{"floor":28,"key":"Bird Faced Urn"},{"floor":30,"key":"Ice Cream"}],"event_choices":[{"damage_healed":0,"gold_gain":175,"player_choice":"AGREE","damage_taken":0,"max_hp_gain":0,"max_hp_loss":0,"event_name":"Liars Game","floor":2,"gold_loss":0,"cards_obtained":["Doubt"]},{"damage_healed":0,"gold_gain":0,"player_choice":"Upgraded","damage_taken":0,"max_hp_gain":0,"max_hp_loss":0,"event_name":"Upgrade Shrine","floor":5,"gold_loss":0,"cards_upgraded":["Rage"]},{"damage_healed":0,"gold_gain":0,"cards_transformed":["Defend_R"],"player_choice":"Transformed","damage_taken":0,"max_hp_gain":0,"max_hp_loss":0,"event_name":"Transmorgrifier","floor":13,"gold_loss":0,"cards_obtained":["Clash"]}],"is_beta":true,"boss_relics":[{"not_picked":["Pandora\u0027s Box","Ectoplasm"],"picked":"White Beast Statue"}],"items_purged_floors":[3],"is_endless":false,"potions_floor_spawned":[10,12,14,16,18,19,21,22,23,25,27,28,30,31],"killed_by":"Champ","ascension_level":13}