{"path_per_floor":["M","M","M","M","M","E","R","M","T","R","E","M","?","M","R","B",null,"M","M","$","?","$","R","E","R","T","E","?","M"],"character_chosen":"THE_SILENT","items_purchased":["Bottled Flame","Underhanded Strike","Backflip"],"gold_per_floor":[109,128,140,150,162,190,190,202,256,256,284,295,245,265,265,361,361,381,397,81,81,5,5,35,35,60,88,88,105,105],"floor_reached":30,"campfire_rested":0,"playtime":1530,"current_hp_per_floor":[70,70,65,61,61,58,58,54,54,54,53,55,55,56,56,55,70,66,68,68,68,68,68,40,40,40,27,27,25,0],"items_purged":["Strike_G","Defend_G"],"gold":105,"score":308,"play_id":"939c66b5-3824-431c-93f0-f2e1e9e52d85","local_time":"20180324212846","is_prod":false,"is_daily":false,"is_ascension_mode":false,"campfire_upgraded":5,"timestamp":1521952126,"path_taken":["M","M","M","M","M","E","R","M","T","R","E","M","?","M","R","BOSS","M","M","$","?","$","R","E","R","T","E","?","M","M"],"build_version":"2018-03-22v2","purchased_purges":2,"victory":false,"master_deck":["Defend_G+1","Survivor","Neutralize","Escape Plan+1","Unload+1","Eviscerate+1","Quick Slash","Backstab+1","Cloak And Dagger+1","All Out Attack","Dagger Throw","Glass Knife+1","Underhanded Strike","Well Laid Plans","Prepared+1","Terror","Phantasmal Killer","Quick Slash","Flying Knee","Dash","Malaise","Calculated Gamble+1","All Out Attack","Underhanded Strike","Bite","Bite","Bite","Bite","Bite","Backflip","Burst+1","Backstab","Prepared+1"],"max_hp_per_floor":[70,70,70,70,70,70,70,70,70,70,70,70,70,70,70,70,70,70,70,70,70,70,70,70,70,70,70,70,70,70],"relics":["Astrolabe","Smiling Mask","War Paint","Orrery","Bottled Flame","Frozen Egg 2","Lantern","Shuriken"],"card_choices":[{"not_picked":["Flying Knee","Poisoned Stab"],"picked":"Quick Slash","floor":1.0},{"not_picked":["Quick Slash","Slice"],"picked":"Backstab","floor":2.0},{"not_picked":["Quick Slash","Sucker Punch"],"picked":"Cloak And Dagger","floor":3.0},{"not_picked":["Acrobatics","Underhanded Strike"],"picked":"All Out Attack","floor":4.0},{"not_picked":["Malaise","Cloak And Dagger"],"picked":"Dagger Throw","floor":5.0},{"not_picked":["Blur","Die Die Die"],"picked":"Glass Knife","floor":6.0},{"not_picked":["Distraction","Deadly Poison"],"picked":"Underhanded Strike","floor":8.0},{"not_picked":["Bane","Storm of Steel"],"picked":"Well Laid Plans","floor":11.0},{"not_picked":["Outmaneuver","Footwork"],"picked":"Prepared","floor":12.0},{"not_picked":["Dagger Spray","PiercingWail"],"picked":"Terror","floor":14.0},{"not_picked":["Burst","Storm of Steel"],"picked":"Phantasmal Killer","floor":16.0},{"not_picked":["PiercingWail","Poisoned Stab"],"picked":"Quick Slash","floor":17.0},{"not_picked":["PiercingWail","Finisher"],"picked":"Flying Knee","floor":17.0},{"not_picked":["Caltrops","Dagger Spray"],"picked":"Dash","floor":17.0},{"not_picked":["Leg Sweep","Poisoned Stab"],"picked":"Malaise","floor":17.0},{"not_picked":["Poisoned Stab","PiercingWail"],"picked":"Calculated Gamble","floor":18.0},{"not_picked":["Masterful Stab","Dagger Spray"],"picked":"All Out Attack","floor":19.0},{"not_picked":["Choke","Sucker Punch"],"picked":"Burst","floor":24},{"not_picked":["All Out Attack","Dodge and Roll"],"picked":"Backstab","floor":27},{"not_picked":["Bane","Skewer"],"picked":"Prepared","floor":29}],"player_experience":39930,"potions_floor_usage":[24],"damage_taken":[{"damage":0.0,"enemies":"2 Louse","floor":1.0,"turns":3.0},{"damage":0.0,"enemies":"Cultist","floor":2.0,"turns":3.0},{"damage":5.0,"enemies":"Small Slimes","floor":3.0,"turns":3.0},{"damage":4.0,"enemies":"Looter","floor":4.0,"turns":3.0},{"damage":0.0,"enemies":"2 Fungi Beasts","floor":5.0,"turns":2.0},{"damage":3.0,"enemies":"3 Sentries","floor":6.0,"turns":4.0},{"damage":4.0,"enemies":"Blue Slaver","floor":8.0,"turns":2.0},{"damage":1.0,"enemies":"Lagavulin","floor":11.0,"turns":4.0},{"damage":0.0,"enemies":"Large Slime","floor":12.0,"turns":3.0},{"damage":1.0,"enemies":"Looter","floor":14.0,"turns":2.0},{"damage":3.0,"enemies":"Slime Boss","floor":16.0,"turns":8.0},{"damage":4.0,"enemies":"Chosen","floor":18.0,"turns":3.0},{"damage":0.0,"enemies":"2 Thieves","floor":19.0,"turns":3.0},{"damage":28,"enemies":"Book of Stabbing","floor":24,"turns":5},{"damage":17,"enemies":"Gremlin Leader","floor":27,"turns":5},{"damage":8,"enemies":"Snake Plant","floor":29,"turns":4},{"damage":29,"enemies":"Cultist and Chosen","floor":30,"turns":3}],"event_choices":[{"event_name":"The Cleric","player_choice":"Card Removal","floor":13.0,"damage_taken":0.0},{"event_name":"Vampires","player_choice":"Became a vampire (Vial)","floor":21.0,"damage_taken":0.0},{"event_name":"Back to Basics","player_choice":"Elegance","floor":28,"damage_taken":0}],"boss_relics":[],"potions_floor_spawned":[2,3,5,8,16,19,27],"seed_played":"4060173269654084317","killed_by":"Cultist and Chosen","ascension_level":0,"is_trial":false}