{"path_per_floor":["M","M","?","?","M","E","R","E","T","R","?","M","$","M","R","B",null,"M","?","$","?","M","R","M","M","T","R","M","E"],"character_chosen":"THE_SILENT","items_purchased":["Footwork","PiercingWail","Happy Flower","Acrobatics","Caltrops"],"gold_per_floor":[112,131,131,131,149,188,188,222,222,222,222,241,12,35,35,156,156,124,124,36,36,59,59,84,98,98,98,122,158,158],"floor_reached":30,"campfire_rested":4,"playtime":3713,"item_purchase_floors":[13,13,13,20,20],"current_hp_per_floor":[64,62,62,62,59,39,60,13,13,34,34,31,31,29,50,39,70,51,51,51,51,50,50,19,4,4,25,24,9,0],"items_purged":[],"gold":158,"score":260,"play_id":"b614ae2a-e617-4350-bc6e-827c64b1b6f9","local_time":"20180605181159","is_prod":false,"is_daily":false,"chose_seed":false,"is_ascension_mode":false,"campfire_upgraded":1,"win_rate":0.0,"timestamp":1528215119,"campfire_choices":[{"floor":7,"key":"REST"},{"floor":10,"key":"REST"},{"floor":15,"key":"REST"},{"data":"Caltrops","floor":23,"key":"SMITH"},{"floor":27,"key":"REST"}],"path_taken":["M","M","?","?","M","E","R","E","T","R","?","M","$","?","R","BOSS","M","?","$","?","M","R","M","M","T","R","M","E","M"],"build_version":"2018-05-31","seed_source_timestamp":1792880865520,"purchased_purges":0,"victory":false,"master_deck":["Defend_G+1","Defend_G+1","Defend_G+1","Defend_G+1","Defend_G+1","Strike_G+1","Strike_G+1","Strike_G+1","Strike_G+1","Strike_G+1","Survivor","Neutralize","A Thousand Cuts","Underhanded Strike","Slice","Tactician","Injury","Dagger Spray","Crippling Poison","Poisoned Stab","Calculated Gamble+1","Footwork","PiercingWail","Acrobatics","Doppelganger","Backflip+1","Acrobatics","Caltrops+1","Injury","Deflect","Well Laid Plans","Terror","Adrenaline","Masterful Stab"],"max_hp_per_floor":[70,70,70,70,70,70,70,70,70,70,70,70,70,70,70,70,70,70,70,70,70,70,70,70,70,70,70,70,70,70],"relics":["Ring of the Snake","Golden Idol","Snake Skull","Ginger","Paper Crane","Happy Flower","Black Star","Tough Bandages","Lantern","Regal Pillow"],"card_choices":[{"not_picked":["Bane","Choke"],"picked":"Underhanded Strike","floor":1},{"not_picked":["Endless Agony","Bane"],"picked":"Slice","floor":2},{"not_picked":["Catalyst","Bane"],"picked":"Dagger Spray","floor":5},{"not_picked":["Predator","Poisoned Stab"],"picked":"Crippling Poison","floor":6},{"not_picked":["Distraction","Skewer"],"picked":"Poisoned Stab","floor":8},{"not_picked":["Riddle With Holes","Outmaneuver"],"picked":"Calculated Gamble","floor":12},{"not_picked":["Prepared","Die Die Die"],"picked":"Acrobatics","floor":14},{"not_picked":["Die Die Die","Phantasmal Killer"],"picked":"Doppelganger","floor":16},{"not_picked":["Calculated Gamble","Underhanded Strike"],"picked":"Backflip+1","floor":18},{"not_picked":["Predator","Sucker Punch"],"picked":"Deflect","floor":22},{"not_picked":["Poisoned Stab","Dodge and Roll"],"picked":"Well Laid Plans","floor":24},{"not_picked":["Bane","Underhanded Strike+1"],"picked":"Terror","floor":25},{"not_picked":["Malaise","Endless Agony"],"picked":"Adrenaline","floor":28},{"not_picked":["All Out Attack","Backflip"],"picked":"Masterful Stab","floor":29}],"player_experience":55760,"potions_floor_usage":[6,6,12,14,16,16,24,24,25,28,30],"damage_taken":[{"damage":6,"enemies":"Jaw Worm","floor":1,"turns":4},{"damage":2,"enemies":"Cultist","floor":2,"turns":5},{"damage":3,"enemies":"2 Louse","floor":5,"turns":4},{"damage":20,"enemies":"Gremlin Nob","floor":6,"turns":4},{"damage":47,"enemies":"Lagavulin","floor":8,"turns":9},{"damage":3,"enemies":"Large Slime","floor":12,"turns":6},{"damage":2,"enemies":"Exordium Thugs","floor":14,"turns":4},{"damage":11,"enemies":"Slime Boss","floor":16,"turns":9},{"damage":19,"enemies":"2 Thieves","floor":18,"turns":5},{"damage":1,"enemies":"3 Byrds","floor":22,"turns":6},{"damage":31,"enemies":"Centurion and Healer","floor":24,"turns":11},{"damage":15,"enemies":"Sentry and Sphere","floor":25,"turns":8},{"damage":1,"enemies":"Snake Plant","floor":28,"turns":3},{"damage":15,"enemies":"Book of Stabbing","floor":29,"turns":8},{"damage":13,"enemies":"Cultist and Chosen","floor":30,"turns":3}],"relics_obtained":[{"floor":6,"key":"Snake Skull"},{"floor":8,"key":"Ginger"},{"floor":9,"key":"Paper Crane"},{"floor":26,"key":"Tough Bandages"},{"floor":29,"key":"Lantern"},{"floor":29,"key":"Regal Pillow"}],"event_choices":[{"event_name":"Match and Keep!","player_choice":"1 cards matched","floor":3,"damage_taken":0},{"event_name":"Golden Idol","player_choice":"Take Wound","floor":4,"damage_taken":0},{"event_name":"The Lab","player_choice":"Got Potions","floor":11,"damage_taken":0},{"event_name":"Back to Basics","player_choice":"Simplicity","floor":19,"damage_taken":0},{"event_name":"Accursed Blacksmith","player_choice":"Forge","floor":21,"damage_taken":0}],"boss_relics":[{"not_picked":["Runic Dome","Lizard Tail"],"picked":"Black Star"}],"items_purged_floors":[],"potions_floor_spawned":[2,5,12,14,22,24,25,29],"seed_played":"6394769212672333299","killed_by":"Cultist and Chosen","ascension_level":0,"potions_obtained":[{"floor":2,"key":"Fire Potion"},{"floor":5,"key":"GamblersBrew"},{"floor":11,"key":"Strength Potion"},{"floor":11,"key":"SkillPotion"},{"floor":11,"key":"GamblersBrew"},{"floor":12,"key":"Dexterity Potion"},{"floor":14,"key":"SteroidPotion"},{"floor":22,"key":"AttackPotion"},{"floor":24,"key":"Poison Potion"},{"floor":25,"key":"Fire Potion"},{"floor":29,"key":"Dexterity Potion"}],"is_trial":false}