{"path_per_floor":["M","?","M","?","T","?","$","?","T","M","E","R","M","E","R","B",null,"M","?","M","$","M","R","?","M","T","M","R","M","?","M","R","B",null,"M","T","?","M","M","R","M","?","T","$","R","M","$","M","R"],"character_chosen":"THE_SILENT","items_purchased":["Backstab","Vajra","Finisher","Master of Strategy","Finisher","Pantograph","Secret Technique"],"gold_per_floor":[119,119,137,137,137,87,50,125,151,169,199,199,211,246,246,341,341,361,361,373,7,17,17,287,300,375,386,386,396,396,406,406,507,537,551,551,551,568,578,578,590,560,611,123,123,137,62,79,79,79],"floor_reached":50,"campfire_rested":5,"playtime":2683,"current_hp_per_floor":[59,59,59,59,59,59,59,48,48,48,46,46,46,42,42,42,63,63,52,40,40,37,57,25,25,25,9,29,29,29,33,47,17,52,36,36,36,36,27,42,19,19,19,19,34,42,42,42,42,0],"items_purged":["Defend_G"],"gold":79,"score":580,"play_id":"0562da94-0d70-49d3-9b61-d37f055e993a","local_time":"20180325145356","is_prod":false,"is_daily":false,"is_ascension_mode":false,"campfire_upgraded":3,"timestamp":1522014836,"path_taken":["M","?","M","?","?","?","$","?","T","M","E","R","M","E","R","BOSS","M","?","M","$","M","R","?","M","T","?","R","M","?","M","R","BOSS","M","?","?","?","M","R","M","?","T","$","R","M","$","M","R","BOSS"],"build_version":"2018-03-22v2","purchased_purges":1,"victory":false,"master_deck":["Defend_G","Defend_G","Defend_G","Survivor","Neutralize+1","Quick Slash","Cloak And Dagger","Backstab","Backflip+1","Sucker Punch","Terror","Burst+1","Phantasmal Killer+1","Choke","Infinite Blades","Finisher","Master of Strategy","Flechettes+1","Storm of Steel","Cloak And Dagger","Prepared+1","Bite","Bite","Bite","Bite","Bite","Phantasmal Killer+1","Blade Dance","Outmaneuver+1","Dagger Throw+1","Backflip+1","Footwork+1","Finisher","Secret Technique","Endless Agony+1","Finisher+1"],"max_hp_per_floor":[63,63,63,63,63,63,63,63,63,63,63,63,63,63,63,63,63,63,68,68,68,68,68,68,68,68,68,68,68,47,47,47,47,52,52,52,52,52,52,52,52,52,52,52,52,52,52,52,52,52],"relics":["Ring of the Snake","Letter Opener","Bronze Scales","Ancient Tea Set","Orichalcum","Runic Pyramid","Vajra","Centennial Puzzle","Tiny House","Prayer Wheel","Anchor","Pantograph"],"card_choices":[{"not_picked":["All Out Attack","Deflect"],"picked":"Quick Slash","floor":1},{"not_picked":["Footwork","Escape Plan"],"picked":"Cloak And Dagger","floor":3},{"not_picked":["Poisoned Stab","Deadly Poison"],"picked":"Backflip","floor":10},{"not_picked":["Poisoned Stab","Crippling Poison"],"picked":"Sucker Punch","floor":11},{"not_picked":["Acrobatics","Dagger Spray"],"picked":"Terror","floor":13},{"not_picked":["Expertise","Masterful Stab"],"picked":"Burst","floor":14},{"not_picked":["Unload","Tactician"],"picked":"Phantasmal Killer","floor":16},{"not_picked":["Underhanded Strike","Dagger Spray"],"picked":"Choke","floor":18},{"not_picked":["Prepared","Outmaneuver"],"picked":"Infinite Blades","floor":20},{"not_picked":["Underhanded Strike","Poisoned Stab"],"picked":"Flechettes","floor":22},{"not_picked":["Dagger Throw","Underhanded Strike"],"picked":"Storm of Steel","floor":25},{"not_picked":["Poisoned Stab","Bane"],"picked":"Cloak And Dagger","floor":27},{"not_picked":["Deflect","Deadly Poison"],"picked":"Prepared","floor":29},{"not_picked":["Wraith Form","A Thousand Cuts"],"picked":"Phantasmal Killer","floor":33},{"not_picked":["Bouncing Flask","Deflect"],"picked":"Blade Dance","floor":34},{"not_picked":["Acrobatics","Predator"],"picked":"Outmaneuver","floor":35},{"not_picked":["Deadly Poison","Backflip"],"picked":"Dagger Throw","floor":38},{"not_picked":["Dodge and Roll","Dash"],"picked":"Backflip","floor":41},{"not_picked":["Reflex","Deadly Poison"],"picked":"Footwork","floor":43},{"not_picked":["Backflip","Choke"],"picked":"Endless Agony","floor":46},{"not_picked":["Malaise","Dagger Throw"],"picked":"Finisher","floor":48}],"player_experience":48091,"potions_floor_usage":[11,33,33,33,39,39,48,48,50,50],"damage_taken":[{"damage":4,"enemies":"Jaw Worm","floor":1,"turns":10},{"damage":0,"enemies":"Cultist","floor":3,"turns":4},{"damage":0,"enemies":"Small Slimes","floor":10,"turns":2},{"damage":2,"enemies":"3 Sentries","floor":11,"turns":5},{"damage":0,"enemies":"Blue Slaver","floor":13,"turns":2},{"damage":4,"enemies":"Gremlin Nob","floor":14,"turns":3},{"damage":0,"enemies":"The Guardian","floor":16,"turns":12},{"damage":0,"enemies":"3 Byrds","floor":18,"turns":5},{"damage":12,"enemies":"2 Thieves","floor":20,"turns":4},{"damage":3,"enemies":"Chosen and Byrds","floor":22,"turns":4},{"damage":0,"enemies":"Cultist and Chosen","floor":25,"turns":6},{"damage":16,"enemies":"3 Cultists","floor":27,"turns":4},{"damage":0,"enemies":"Centurion and Healer","floor":29,"turns":3},{"damage":0,"enemies":"Chosen and Byrds","floor":31,"turns":3},{"damage":38,"enemies":"Automaton","floor":33,"turns":5},{"damage":20,"enemies":"3 Shapes","floor":35,"turns":7},{"damage":4,"enemies":"Orb Walker","floor":38,"turns":2},{"damage":27,"enemies":"Sphere and 2 Shapes","floor":39,"turns":5},{"damage":33,"enemies":"3 Darklings","floor":41,"turns":5},{"damage":0,"enemies":"4 Shapes","floor":46,"turns":6},{"damage":4,"enemies":"Sphere and 2 Shapes","floor":48,"turns":5},{"damage":62,"enemies":"Donu and Deca","floor":50,"turns":5}],"event_choices":[{"event_name":"Upgrade Shrine","player_choice":"Upgraded","floor":2,"damage_taken":0},{"event_name":"Liars Game","player_choice":"disagreed","floor":4,"damage_taken":0},{"event_name":"The Cleric","player_choice":"Card Removal","floor":6,"damage_taken":0},{"event_name":"World of Goop","player_choice":"Gather Gold","floor":8,"damage_taken":0},{"event_name":"Forgotten Altar","player_choice":"Shed Blood","floor":19,"damage_taken":0},{"event_name":"Knowing Skull","player_choice":"GOLD GOLD GOLD ","floor":24,"damage_taken":0},{"event_name":"Vampires","player_choice":"Became a vampire","floor":30,"damage_taken":0},{"event_name":"Mysterious Sphere","player_choice":"Ignore","floor":37,"damage_taken":0},{"event_name":"The Woman in Blue","player_choice":"Bought 2 Potions","floor":42,"damage_taken":0}],"boss_relics":[{"not_picked":["White Beast Statue","Snecko Eye"],"picked":"Runic Pyramid"},{"not_picked":["Black Star","Astrolabe"],"picked":"Tiny House"}],"potions_floor_spawned":[3,10,13,20,22,25,38,39,46,48],"seed_played":"-4433698209231033757","killed_by":"Donu and Deca","ascension_level":0,"is_trial":false}