{"gold_per_floor":[119,129,129,142,162,192,192,210,210,240,96,130,130,150,150,245,245,258,275,294,294,3,33,33,61,61,73,105,128,54,96,108,218,230,254,279,95,111,211,211,191,191,191,201,221,221,232,257,257,257],"floor_reached":51,"playtime":4348,"items_purged":["Parasite","Writhe"],"score":1251,"play_id":"50a178d0-aeec-42a0-98aa-5d8fd44697b2","local_time":"20190209120955","is_ascension_mode":true,"campfire_choices":[{"floor":7.0,"key":"REST"},{"floor":13.0,"key":"REST"},{"floor":15.0,"key":"REST"},{"floor":24.0,"key":"REST"},{"floor":27.0,"key":"REST"},{"floor":32.0,"key":"REST"},{"data":"Wraith Form v2","floor":40.0,"key":"SMITH"},{"data":"Well Laid Plans","floor":42.0,"key":"SMITH"},{"data":"1","floor":49.0,"key":"LIFT"}],"neow_cost":"CURSE","seed_source_timestamp":0,"circlet_count":0,"master_deck":["AscendersBane","Defend_G","Defend_G","Defend_G","Defend_G","Defend_G","Strike_G","Strike_G","Strike_G","Strike_G","Strike_G","Survivor","Neutralize","Deadly Poison","Blur","PiercingWail","Deadly Poison","Caltrops","Deadly Poison","Footwork","Noxious Fumes","Well Laid Plans+1","Dash","Wraith Form v2+1","Bouncing Flask","Backflip","Backflip+1","Noxious Fumes","Bouncing Flask","Dagger Throw","Deadly Poison","Adrenaline","Adrenaline","Deadly Poison","Endless Agony+1","Blur","Blur+1","Cloak And Dagger+1","Catalyst+1","Finesse","Quick Slash+1"],"special_seed":0,"relics":["Ring of the Snake","Torii","Bronze Scales","The Specimen","Matryoshka","Tough Bandages","Eternal Feather","Ice Cream","MealTicket","Regal Pillow","Oddly Smooth Stone","MawBank","Bottled Lightning","FossilizedHelix","Happy Flower","Philosopher\u0027s Stone","ClockworkSouvenir","Girya","PreservedInsect","Pen Nib","Pocketwatch"],"potions_floor_usage":[50,50],"damage_taken":[{"damage":2.0,"enemies":"Jaw Worm","floor":1.0,"turns":7.0},{"damage":0.0,"enemies":"2 Louse","floor":2.0,"turns":2.0},{"damage":1.0,"enemies":"Cultist","floor":4.0,"turns":4.0},{"damage":1.0,"enemies":"Red Slaver","floor":5.0,"turns":5.0},{"damage":15.0,"enemies":"3 Sentries","floor":6.0,"turns":14.0},{"damage":2.0,"enemies":"Looter","floor":8.0,"turns":3.0},{"damage":34.0,"enemies":"Gremlin Nob","floor":10.0,"turns":5.0},{"damage":21.0,"enemies":"Lagavulin","floor":12.0,"turns":6.0},{"damage":2.0,"enemies":"2 Fungi Beasts","floor":14.0,"turns":3.0},{"damage":13.0,"enemies":"Slime Boss","floor":16.0,"turns":12.0},{"damage":12.0,"enemies":"Shell Parasite","floor":18.0,"turns":5.0},{"damage":14.0,"enemies":"2 Thieves","floor":19.0,"turns":4.0},{"damage":2.0,"enemies":"Centurion and Healer","floor":20.0,"turns":7.0},{"damage":15.0,"enemies":"Gremlin Leader","floor":23.0,"turns":7.0},{"damage":56.0,"enemies":"Book of Stabbing","floor":25.0,"turns":7.0},{"damage":6.0,"enemies":"Snake Plant","floor":28.0,"turns":4.0},{"damage":10.0,"enemies":"Chosen and Byrds","floor":29.0,"turns":6.0},{"damage":15.0,"enemies":"Gremlin Leader","floor":31.0,"turns":6.0},{"damage":31.0,"enemies":"Champ","floor":33.0,"turns":13.0},{"damage":24.0,"enemies":"3 Darklings","floor":35.0,"turns":5.0},{"damage":0.0,"enemies":"3 Shapes","floor":36.0,"turns":5.0},{"damage":1.0,"enemies":"Maw","floor":38.0,"turns":6.0},{"damage":0.0,"enemies":"Mind Bloom Boss Battle","floor":39.0,"turns":6.0},{"damage":7.0,"enemies":"Jaw Worm Horde","floor":44.0,"turns":5.0},{"damage":1.0,"enemies":"Spire Growth","floor":45.0,"turns":5.0},{"damage":0.0,"enemies":"4 Shapes","floor":47.0,"turns":7.0},{"damage":0.0,"enemies":"Nemesis","floor":48.0,"turns":5.0},{"damage":58,"enemies":"Awakened One","floor":50,"turns":14}],"seed_played":"6254112854242765776","potions_obtained":[{"floor":1.0,"key":"EssenceOfSteel"},{"floor":4.0,"key":"FearPotion"},{"floor":5.0,"key":"Regen Potion"},{"floor":14.0,"key":"Dexterity Potion"},{"floor":16.0,"key":"SkillPotion"},{"floor":18.0,"key":"Fire Potion"},{"floor":19.0,"key":"Energy Potion"},{"floor":23.0,"key":"Block Potion"},{"floor":33.0,"key":"SkillPotion"},{"floor":35.0,"key":"FearPotion"},{"floor":41.0,"key":"Block Potion"},{"floor":44.0,"key":"PowerPotion"}],"is_trial":false,"path_per_floor":["M","M","?","M","M","E","R","M","T","E","$","E","R","M","R","B",null,"M","M","M","?","$","E","R","E","T","R","M","M","?","E","R","B",null,"M","M","$","M","?","R","?","R","T","M","M","?","M","E","R","B",null],"character_chosen":"THE_SILENT","items_purchased":["Noxious Fumes","MealTicket","ClockworkSouvenir"],"campfire_rested":6,"item_purchase_floors":[11,22,37],"current_hp_per_floor":[61,61,61,60,59,44,65,63,63,42,42,21,41,39,59,46,62,50,36,34,34,34,19,67,11,11,61,55,45,45,30,67,36,59,35,35,35,34,34,55,55,67,67,60,59,59,59,59,67,9],"gold":257,"neow_bonus":"ONE_RARE_RELIC","is_prod":false,"is_daily":false,"chose_seed":false,"campfire_upgraded":2,"win_rate":0,"timestamp":1549706995,"path_taken":["M","M","?","M","M","E","R","M","T","E","$","E","R","M","R","BOSS","M","M","M","?","$","E","R","E","T","R","M","M","?","E","R","BOSS","M","?","?","M","?","R","?","R","T","?","M","?","M","E","R","BOSS"],"build_version":"2019-02-06","purchased_purges":2,"victory":true,"max_hp_per_floor":[70,70,70,70,70,70,70,70,70,70,67,67,67,67,67,67,67,67,67,67,67,67,67,67,67,67,67,67,67,67,67,67,67,67,67,67,67,67,67,67,67,67,67,67,67,67,67,67,67,67],"card_choices":[{"not_picked":["Backflip","Acrobatics"],"picked":"Deadly Poison","floor":1.0},{"not_picked":["Choke","Slice"],"picked":"Blur","floor":2.0},{"not_picked":["Outmaneuver","Escape Plan"],"picked":"PiercingWail","floor":4.0},{"not_picked":["Underhanded Strike","Malaise"],"picked":"Deadly Poison","floor":5.0},{"not_picked":["Masterful Stab","Deflect"],"picked":"Caltrops","floor":6.0},{"not_picked":["Infinite Blades","Riddle With Holes"],"picked":"Deadly Poison","floor":8.0},{"not_picked":["Dodge and Roll","Accuracy"],"picked":"Footwork","floor":10.0},{"not_picked":["Deflect","Bullet Time"],"picked":"Well Laid Plans","floor":12.0},{"not_picked":["Deflect","Blade Dance"],"picked":"Dash","floor":14.0},{"not_picked":["Bullet Time","Unload"],"picked":"Wraith Form v2","floor":16.0},{"not_picked":["Acrobatics","Riddle With Holes"],"picked":"Bouncing Flask","floor":18.0},{"not_picked":["Quick Slash","Predator"],"picked":"Backflip","floor":19.0},{"not_picked":["Outmaneuver","Dagger Spray"],"picked":"Backflip+1","floor":20.0},{"not_picked":["Poisoned Stab","Blade Dance+1"],"picked":"Noxious Fumes","floor":23.0},{"not_picked":["Skewer","Bane"],"picked":"Bouncing Flask","floor":25.0},{"not_picked":["Expertise","Accuracy"],"picked":"Dagger Throw","floor":28.0},{"not_picked":["Flying Knee","Acrobatics"],"picked":"Deadly Poison","floor":29.0},{"not_picked":["Cloak And Dagger","PiercingWail"],"picked":"Adrenaline","floor":31.0},{"not_picked":["Storm of Steel","Wraith Form v2"],"picked":"Adrenaline","floor":33.0},{"not_picked":["Skewer+1","Heel Hook"],"picked":"Deadly Poison","floor":35.0},{"not_picked":["Eviscerate+1","Blade Dance+1"],"picked":"Endless Agony+1","floor":36.0},{"not_picked":["Slice+1","Glass Knife"],"picked":"Blur","floor":38.0},{"not_picked":["Calculated Gamble","Dodge and Roll"],"picked":"Blur+1","floor":39.0},{"not_picked":["PiercingWail","Dodge and Roll"],"picked":"Cloak And Dagger+1","floor":44.0},{"not_picked":["Blade Dance","A Thousand Cuts"],"picked":"Catalyst+1","floor":45.0},{"not_picked":["Swift Strike","Madness"],"picked":"Finesse","floor":46.0},{"not_picked":["Flying Knee+1","Sucker Punch","Eviscerate"],"picked":"SKIP","floor":47.0},{"not_picked":["Tactician+1","Bane"],"picked":"Quick Slash+1","floor":48.0}],"player_experience":443709,"relics_obtained":[{"floor":6.0,"key":"Bronze Scales"},{"floor":9.0,"key":"The Specimen"},{"floor":10.0,"key":"Matryoshka"},{"floor":12.0,"key":"Tough Bandages"},{"floor":23.0,"key":"Regal Pillow"},{"floor":25.0,"key":"Oddly Smooth Stone"},{"floor":26.0,"key":"MawBank"},{"floor":26.0,"key":"Bottled Lightning"},{"floor":31.0,"key":"Happy Flower"},{"floor":39.0,"key":"Girya"},{"floor":43.0,"key":"PreservedInsect"},{"floor":43.0,"key":"Pen Nib"},{"floor":48.0,"key":"Pocketwatch"}],"event_choices":[{"damage_healed":0.0,"max_hp_gain":0.0,"max_hp_loss":0.0,"gold_gain":0.0,"event_name":"Liars Game","player_choice":"Ignored","floor":3.0,"gold_loss":0.0,"damage_taken":0.0},{"damage_healed":0.0,"max_hp_gain":0.0,"max_hp_loss":0.0,"gold_gain":0.0,"event_name":"The Mausoleum","player_choice":"Opened","floor":21.0,"gold_loss":0.0,"damage_taken":0.0,"relics_obtained":["Ice Cream"],"cards_obtained":["Writhe"]},{"damage_healed":0.0,"max_hp_gain":0.0,"max_hp_loss":0.0,"gold_gain":0.0,"event_name":"WeMeetAgain","player_choice":"Paid Gold","floor":30.0,"gold_loss":86.0,"damage_taken":0.0,"relics_obtained":["FossilizedHelix"]},{"damage_healed":0.0,"max_hp_gain":0.0,"max_hp_loss":0.0,"gold_gain":0.0,"event_name":"MindBloom","player_choice":"Fight","floor":39.0,"gold_loss":0.0,"damage_taken":0.0},{"damage_healed":0.0,"max_hp_gain":0.0,"max_hp_loss":0.0,"gold_gain":0.0,"event_name":"The Woman in Blue","player_choice":"Bought 1 Potion","floor":41.0,"gold_loss":0.0,"damage_taken":0.0},{"damage_healed":0.0,"max_hp_gain":0.0,"max_hp_loss":0.0,"gold_gain":0.0,"event_name":"SensoryStone","player_choice":"Memory 1","floor":46.0,"gold_loss":0.0,"damage_taken":0.0}],"is_beta":true,"boss_relics":[{"not_picked":["Black Star","Busted Crown"],"picked":"Eternal Feather"},{"not_picked":["Runic Dome","Orrery"],"picked":"Philosopher\u0027s Stone"}],"items_purged_floors":[11,22],"is_endless":false,"potions_floor_spawned":[1,4,5,14,16,18,19,23,33,35,44,47,48],"ascension_level":11}