{"path_per_floor":["M","?","?","M","$","R","T","R","T","M","M","?","E","M","R","B",null,"M","?","M","M","$","R","E","R","T","?","E","R","E","$","R","B",null,"M","$","?","?","?","E","R","M","T","?","M","$","R","M","R","B"],"character_chosen":"THE_SILENT","items_purchased":["Paper Crane","Vajra","Caltrops"],"gold_per_floor":[110,110,110,128,53,53,79,79,131,144,154,174,208,221,221,320,320,335,250,268,288,34,34,59,59,135,135,167,167,201,17,17,114,114,124,24,24,24,24,51,51,68,98,0,20,20,20,33,33,33],"floor_reached":51,"campfire_rested":6,"playtime":5301,"current_hp_per_floor":[70,70,45,45,45,45,45,45,45,44,44,39,30,28,49,22,70,64,64,50,35,35,43,30,59,59,50,45,53,41,41,75,51,75,35,35,35,35,35,35,75,60,60,60,24,24,71,33,75,75],"items_purged":["Defend_G","Defend_G"],"gold":33,"play_id":"c30582fe-a90b-4277-95be-12248554258f","is_prod":false,"is_daily":false,"is_ascension_mode":false,"campfire_upgraded":4,"path_taken":["M","?","?","?","?","R","?","R","T","M","?","?","E","M","R","BOSS","M","?","M","?","$","R","E","R","T","?","E","R","E","$","R","BOSS","M","$","?","?","?","E","R","M","T","?","M","?","R","M","R","BOSS"],"build_version":"2018-01-25-PROD3","purchased_purges":2,"victory":true,"master_deck":["Defend_G","Defend_G","Defend_G","Strike_G","Strike_G","Strike_G","Strike_G","Survivor","Neutralize+1","Dodge and Roll+1","Well Laid Plans+1","Heel Hook","Finisher+1","Finisher+1","Terror","Caltrops","Predator","Dagger Spray","Quick Slash","Endless Agony+1","Slice+1","Caltrops","Blur+1","Neutralize+1","Dagger Throw+1","Predator+1","Backflip+1"],"max_hp_per_floor":[70,70,70,70,70,70,70,70,70,70,70,70,70,70,70,70,70,70,70,70,70,70,70,70,70,70,75,75,75,75,75,75,75,75,75,75,75,75,75,75,75,75,75,75,75,75,75,75,75,75],"relics":["Velvet Choker","Bag of Marbles","Omamori","Orichalcum","Odd Mushroom","Toxic Egg","Eternal Feather","Dodecahedron","Paper Crane","Oddly Smooth Stone","Tough Bandages","Regal Pillow","Juzu Bracelet","Vajra","Lizard Tail","Smiling Mask","Tiny Chest","Red Mask"],"card_choices":[{"not_picked":["Footwork","Acrobatics"],"picked":"Dodge and Roll"},{"not_picked":["Outmaneuver","Bane"],"picked":"Heel Hook"},{"not_picked":["Masterful Stab","Outmaneuver"],"picked":"Finisher"},{"not_picked":["Bouncing Flask","Acrobatics"],"picked":"Finisher"},{"not_picked":["Acrobatics","Finisher"],"picked":"Terror"},{"not_picked":["Dagger Throw","Deadly Poison"],"picked":"Caltrops"},{"not_picked":["PiercingWail","Outmaneuver"],"picked":"Prepared"},{"not_picked":["Slice","Outmaneuver"],"picked":"Predator"},{"not_picked":["Well Laid Plans","Envenom"],"picked":"Dagger Spray"},{"not_picked":["Dagger Throw","Blur"],"picked":"Quick Slash"},{"not_picked":["Backflip","Outmaneuver"],"picked":"Endless Agony"},{"not_picked":["Flechettes","Footwork"],"picked":"Slice"},{"not_picked":["Prepared","Escape Plan"],"picked":"Blur"},{"not_picked":["Quick Slash","All Out Attack"],"picked":"Dagger Throw"},{"not_picked":["Flying Knee","Bane"],"picked":"Predator"},{"not_picked":["Quick Slash","Deadly Poison"],"picked":"Backflip"}],"player_experience":37593,"potions_floor_usage":[13,16,28,28,33,42,50,50,50],"damage_taken":[{"damage":0,"enemies":"2 Louse","floor":1,"turns":3},{"damage":0,"enemies":"Small Slimes","floor":4,"turns":4},{"damage":1,"enemies":"Blue Slaver","floor":10,"turns":4},{"damage":0,"enemies":"2 Fungi Beasts","floor":11,"turns":3},{"damage":5,"enemies":"The Mushroom Lair","floor":12,"turns":4},{"damage":9,"enemies":"Gremlin Nob","floor":13,"turns":3},{"damage":2,"enemies":"Looter","floor":14,"turns":3},{"damage":27,"enemies":"The Guardian","floor":16,"turns":8},{"damage":6,"enemies":"Shell Parasite","floor":18,"turns":5},{"damage":14,"enemies":"Spheric Guardian","floor":20,"turns":4},{"damage":15,"enemies":"3 Cultists","floor":21,"turns":6},{"damage":13,"enemies":"Book of Stabbing","floor":24,"turns":5},{"damage":5,"enemies":"Slavers","floor":28,"turns":4},{"damage":12,"enemies":"Gremlin Leader","floor":30,"turns":4},{"damage":24,"enemies":"Collector","floor":33,"turns":7},{"damage":40,"enemies":"3 Shapes","floor":35,"turns":5},{"damage":0,"enemies":"Giant Head","floor":40,"turns":7},{"damage":15,"enemies":"3 Darklings","floor":42,"turns":4},{"damage":36,"enemies":"4 Shapes","floor":45,"turns":3},{"damage":38,"enemies":"Sphere and 2 Shapes","floor":48,"turns":5},{"damage":11,"enemies":"Awakened One","floor":50,"turns":13}],"event_choices":[{"event_name":"Living Wall","player_choice":"Change","floor":2,"damage_taken":0},{"event_name":"Scrap Ooze","player_choice":"success","floor":3,"damage_taken":25},{"event_name":"Mushrooms","player_choice":"Fought Mushrooms","floor":12,"damage_taken":0},{"event_name":"Addict","player_choice":"Obtained Relic","floor":19,"damage_taken":0},{"event_name":"Forgotten Altar","player_choice":"Shed Blood","floor":27,"damage_taken":0},{"event_name":"The Lab","player_choice":"Got Potions","floor":37,"damage_taken":0},{"event_name":"Duplicator","player_choice":"One dupe","floor":39,"damage_taken":0},{"event_name":"Tomb of Lord Red Mask","player_choice":"Paid","floor":44,"damage_taken":0}],"boss_relics":[{"not_picked":["Runic Pyramid","Orrery"],"picked":"Eternal Feather"},{"not_picked":["White Beast Statue","Question Card"],"picked":"Lizard Tail"}],"potions_floor_spawned":[1,10,11,12,18,20,21,30,33,35,48],"seed_played":"-4009041518070165170","ascension_level":0,"is_trial":false}