{"path_per_floor":["M","?","M","M","M","$","R","E","T","M","R","M","M","M","R","B",null,"M","M","?","?","M","R","E","M","T","R","?","M","R","M","R","B",null,"M","?","?","$","?","R","M","M","T","R","E","$","M"],"character_chosen":"THE_SILENT","items_purchased":["Flash of Steel","Noxious Fumes","Panache","Flash of Steel","Shuriken","Dagger Spray"],"gold_per_floor":[109,209,219,236,248,106,106,133,133,144,144,157,175,195,195,290,290,305,322,322,422,442,442,477,496,522,522,437,452,452,467,467,564,564,581,581,581,36,0,0,18,32,32,32,64,39,59],"floor_reached":48,"campfire_rested":7,"playtime":3758,"current_hp_per_floor":[70,70,69,69,67,67,67,52,52,41,41,37,37,34,55,21,70,63,58,42,42,32,53,26,5,5,26,26,26,47,41,62,12,70,43,43,43,43,43,64,48,48,48,69,35,35,17],"items_purged":[],"gold":59,"score":461,"play_id":"c4a19b1e-59b1-4b6a-b246-f87fd9020da0","is_prod":false,"is_daily":false,"is_ascension_mode":false,"campfire_upgraded":1,"path_taken":["M","?","M","?","M","$","R","E","T","M","R","M","M","M","R","BOSS","M","M","?","?","M","R","E","?","T","R","?","M","R","?","R","BOSS","M","?","?","$","?","R","M","M","T","R","E","?","?","?"],"build_version":"2018-02-15-PROD1","purchased_purges":0,"victory":false,"master_deck":["Defend_G","Defend_G","Defend_G","Defend_G","Defend_G","Strike_G","Strike_G","Strike_G","Strike_G","Strike_G","Survivor","Neutralize+1","Dagger Throw","Poisoned Stab","Endless Agony","Flash of Steel","Noxious Fumes+1","Backflip","Backflip","Deflect","Distraction","Escape Plan","A Thousand Cuts","Bouncing Flask","Footwork","Deflect","Blade Dance","Infinite Blades","Adrenaline","Calculated Gamble","Panache","Flash of Steel","Dagger Throw+1","Bane+1","Catalyst+1","Dagger Spray","Prepared+1"],"max_hp_per_floor":[70,70,70,70,70,70,70,70,70,70,70,70,70,70,70,70,70,70,70,70,70,70,70,70,70,70,70,70,70,70,70,70,70,70,70,70,70,70,70,70,70,70,70,70,70,70,70],"relics":["Ring of the Snake","Shovel","Anchor","Bottled Tornado","Velvet Choker","Enchiridion","Bottled Lightning","Lantern","Tough Bandages","Lizard Tail","Shuriken","Red Mask","Calipers","Paper Crane"],"card_choices":[{"not_picked":["Dodge and Roll","Flechettes"],"picked":"Dagger Throw"},{"not_picked":["Deflect","Outmaneuver"],"picked":"Poisoned Stab"},{"not_picked":["PiercingWail","Crippling Poison"],"picked":"Endless Agony"},{"not_picked":["Dodge and Roll","Masterful Stab"],"picked":"Backflip"},{"not_picked":["Finisher","Predator"],"picked":"Backflip"},{"not_picked":["Backflip","Predator"],"picked":"Deflect"},{"not_picked":["Prepared","Night Terror"],"picked":"Distraction"},{"not_picked":["Slice","Dagger Throw"],"picked":"Escape Plan"},{"not_picked":["Tools of the Trade","Night Terror"],"picked":"A Thousand Cuts"},{"not_picked":["Backflip","Quick Slash"],"picked":"Bouncing Flask"},{"not_picked":["Outmaneuver","Bouncing Flask"],"picked":"Footwork"},{"not_picked":["PiercingWail","Acrobatics"],"picked":"Deflect"},{"not_picked":["PiercingWail","All Out Attack"],"picked":"Blade Dance"},{"not_picked":["Bane","Leg Sweep"],"picked":"Infinite Blades"},{"not_picked":["Blur","PiercingWail"],"picked":"Backstab"},{"not_picked":["A Thousand Cuts","Corpse Explosion"],"picked":"Adrenaline"},{"not_picked":["Blur","Dagger Spray"],"picked":"Calculated Gamble"},{"not_picked":["Acrobatics","Outmaneuver"],"picked":"Dagger Throw"},{"not_picked":["Prepared","All Out Attack"],"picked":"Bane"},{"not_picked":["Slice","Die Die Die"],"picked":"Catalyst"},{"not_picked":["Blade Dance","Deflect"],"picked":"Prepared"}],"player_experience":41267,"potions_floor_usage":[8,8,14,19,22,25,42,45,45],"damage_taken":[{"damage":0,"enemies":"Small Slimes","floor":1,"turns":5},{"damage":1,"enemies":"Cultist","floor":3,"turns":4},{"damage":0,"enemies":"Jaw Worm","floor":4,"turns":3},{"damage":2,"enemies":"Blue Slaver","floor":5,"turns":4},{"damage":15,"enemies":"Gremlin Nob","floor":8,"turns":4},{"damage":11,"enemies":"Gremlin Gang","floor":10,"turns":7},{"damage":4,"enemies":"3 Louse","floor":12,"turns":3},{"damage":0,"enemies":"Looter","floor":13,"turns":3},{"damage":3,"enemies":"2 Fungi Beasts","floor":14,"turns":3},{"damage":34,"enemies":"The Guardian","floor":16,"turns":11},{"damage":7,"enemies":"Shell Parasite","floor":18,"turns":7},{"damage":5,"enemies":"Spheric Guardian","floor":19,"turns":5},{"damage":10,"enemies":"Snecko","floor":22,"turns":5},{"damage":27,"enemies":"Slavers","floor":24,"turns":5},{"damage":21,"enemies":"Cultist and Chosen","floor":25,"turns":6},{"damage":0,"enemies":"Snake Plant","floor":29,"turns":5},{"damage":6,"enemies":"Snecko","floor":31,"turns":4},{"damage":50,"enemies":"Automaton","floor":33,"turns":11},{"damage":27,"enemies":"3 Shapes","floor":35,"turns":7},{"damage":16,"enemies":"3 Darklings","floor":41,"turns":5},{"damage":0,"enemies":"Maw","floor":42,"turns":7},{"damage":75,"enemies":"Nemesis","floor":45,"turns":9},{"damage":18,"enemies":"Sphere and 2 Shapes","floor":47,"turns":4},{"damage":17,"enemies":"3 Darklings","floor":48,"turns":2}],"event_choices":[{"event_name":"Golden Shrine","player_choice":"Pray","floor":2,"damage_taken":0},{"event_name":"Cursed Tome","player_choice":"Obtained Book","floor":20,"damage_taken":0},{"event_name":"Golden Shrine","player_choice":"Pray","floor":21,"damage_taken":0},{"event_name":"Addict","player_choice":"Obtained Relic","floor":28,"damage_taken":0},{"event_name":"Accursed Blacksmith","player_choice":"Forge","floor":36,"damage_taken":0},{"event_name":"Tomb of Lord Red Mask","player_choice":"Paid","floor":39,"damage_taken":0}],"boss_relics":[{"not_picked":["Question Card","The Specimen"],"picked":"Velvet Choker"},{"not_picked":["Runic Pyramid","Calling Bell"],"picked":"Lizard Tail"}],"potions_floor_spawned":[1,3,13,16,18,19,33,35,42],"seed_played":"4908869951730575734","killed_by":"3 Darklings","ascension_level":0,"is_trial":false}