{"gold_per_floor":[115,133,152,162,174,174,200,216,216,34,34,34,46,71,71,173,173,190,105,121,139,157,157,172,200,200,200,200,200,233,245,245,348,348,363,43,43,63,80,80,92,104,104,104,104,104,104,0,0,0],"floor_reached":50,"playtime":2557,"items_purged":["Decay"],"score":819,"play_id":"c5a2eb58-9a88-4ea2-bd03-dc2362d55085","local_time":"20190505124902","is_ascension_mode":true,"campfire_choices":[{"data":"Zap","floor":6.0,"key":"SMITH"},{"data":"Dualcast","floor":12.0,"key":"SMITH"},{"floor":15.0,"key":"REST"},{"data":"Double Energy","floor":23.0,"key":"SMITH"},{"floor":27.0,"key":"REST"},{"floor":29.0,"key":"REST"},{"floor":32.0,"key":"REST"},{"floor":40.0,"key":"REST"},{"floor":44.0,"key":"REST"},{"floor":49.0,"key":"REST"}],"neow_cost":"TEN_PERCENT_HP_LOSS","seed_source_timestamp":0,"circlet_count":0,"master_deck":["AscendersBane","Strike_B+1","Strike_B+1","Strike_B+1","Defend_B+1","Defend_B+1","Defend_B+1","Defend_B+1","Zap+1","Dualcast+1","All For One+1","All For One+1","Conserve Battery+1","Beam Cell+1","Hyperbeam+1","Gash+1","Leap+1","Beam Cell+1","Hyperbeam+1","Gash+1","Stack+1","Double Energy+1","Steam Power+1","FTL+1","Skim+1","Scrape+1","Stack+1","Meteor Strike+1","Steam+1","Good Instincts+1","Undo+1","Steam+1","Coolheaded+1"],"special_seed":0,"relics":["Cracked Core","Pen Nib","Mummified Hand","Whetstone","Pear","Cursed Key","Kunai","Shuriken","Sundial","Centennial Puzzle","Fusion Hammer","Mark of the Bloom","Red Mask"],"potions_floor_usage":[50,50,50],"damage_taken":[{"damage":5.0,"enemies":"Small Slimes","floor":1.0,"turns":3.0},{"damage":5.0,"enemies":"2 Louse","floor":2.0,"turns":3.0},{"damage":1.0,"enemies":"Cultist","floor":3.0,"turns":3.0},{"damage":9.0,"enemies":"Looter","floor":4.0,"turns":4.0},{"damage":0.0,"enemies":"Exordium Thugs","floor":5.0,"turns":4.0},{"damage":8.0,"enemies":"3 Sentries","floor":7.0,"turns":5.0},{"damage":7.0,"enemies":"Exordium Wildlife","floor":8.0,"turns":3.0},{"damage":8.0,"enemies":"Blue Slaver","floor":13.0,"turns":2.0},{"damage":23.0,"enemies":"Lagavulin","floor":14.0,"turns":4.0},{"damage":0.0,"enemies":"Slime Boss","floor":16.0,"turns":6.0},{"damage":0.0,"enemies":"Spheric Guardian","floor":18.0,"turns":2.0},{"damage":16.0,"enemies":"2 Thieves","floor":20.0,"turns":3.0},{"damage":2.0,"enemies":"Cultist and Chosen","floor":21.0,"turns":4.0},{"damage":28.0,"enemies":"Centurion and Healer","floor":22.0,"turns":4.0},{"damage":10.0,"enemies":"Shelled Parasite and Fungi","floor":24.0,"turns":3.0},{"damage":22.0,"enemies":"Gremlin Leader","floor":25.0,"turns":4.0},{"damage":42.0,"enemies":"Slavers","floor":30.0,"turns":4.0},{"damage":0.0,"enemies":"Sentry and Sphere","floor":31.0,"turns":2.0},{"damage":26.0,"enemies":"Automaton","floor":33.0,"turns":8.0},{"damage":14.0,"enemies":"3 Darklings","floor":35.0,"turns":3.0},{"damage":11.0,"enemies":"3 Shapes","floor":38.0,"turns":3.0},{"damage":0.0,"enemies":"Maw","floor":39.0,"turns":6.0},{"damage":0.0,"enemies":"Jaw Worm Horde","floor":41.0,"turns":2.0},{"damage":11.0,"enemies":"4 Shapes","floor":42.0,"turns":5.0},{"damage":79,"enemies":"Time Eater","floor":50,"turns":8}],"seed_played":"-1757470897482693702","potions_obtained":[{"floor":4.0,"key":"Swift Potion"},{"floor":7.0,"key":"Dexterity Potion"},{"floor":13.0,"key":"FearPotion"},{"floor":14.0,"key":"Explosive Potion"},{"floor":16.0,"key":"Energy Potion"},{"floor":22.0,"key":"SkillPotion"},{"floor":25.0,"key":"SteroidPotion"},{"floor":30.0,"key":"Dexterity Potion"},{"floor":39.0,"key":"Strength Potion"}],"is_trial":false,"path_per_floor":["M","M","M","M","M","R","E","M","T","$","?","R","M","E","R","B",null,"M","?","M","M","M","R","M","E","T","R","?","R","E","M","R","B",null,"M","$","?","M","M","R","M","M","T","R","?","?","?","?","R","B"],"character_chosen":"DEFECT","items_purchased":["Whetstone","Leap","Good Instincts","EssenceOfSteel","Undo"],"campfire_rested":7,"item_purchase_floors":[10,10,36,36,36],"current_hp_per_floor":[63,58,57,48,48,48,40,33,33,33,33,33,25,19,42,49,71,71,71,62,67,46,46,43,28,28,51,51,74,39,39,62,43,69,62,62,62,58,65,78,78,74,74,78,78,78,78,78,78,0],"gold":0,"neow_bonus":"THREE_RARE_CARDS","is_prod":false,"is_daily":false,"chose_seed":false,"campfire_upgraded":3,"win_rate":0,"timestamp":1557085742,"path_taken":["M","M","M","M","M","R","E","M","T","$","?","R","M","E","R","BOSS","M","?","M","M","M","R","M","E","T","R","?","R","E","?","R","BOSS","M","$","?","M","M","R","M","?","T","R","?","?","?","?","R","BOSS"],"build_version":"2019-01-23","purchased_purges":1,"victory":false,"max_hp_per_floor":[68,68,68,68,68,68,68,68,68,68,68,68,68,78,78,78,78,78,78,78,78,78,78,78,78,78,78,78,78,78,78,78,78,78,78,78,78,78,78,78,78,78,78,78,78,78,78,78,78,78],"card_choices":[{"not_picked":["Seek","Core Surge"],"picked":"All For One","floor":0.0},{"not_picked":["Redo","Streamline","Compile Driver"],"picked":"SKIP","floor":1.0},{"not_picked":["Barrage","Sweeping Beam"],"picked":"All For One","floor":2.0},{"not_picked":["Compile Driver","Rip and Tear"],"picked":"Conserve Battery","floor":3.0},{"not_picked":["Leap","Coolheaded"],"picked":"Beam Cell","floor":4.0},{"not_picked":["Barrage","Undo"],"picked":"Hyperbeam","floor":5.0},{"not_picked":["Coolheaded","Go for the Eyes"],"picked":"Gash","floor":7.0},{"not_picked":["Streamline","Compile Driver","Skim"],"picked":"SKIP","floor":8.0},{"not_picked":["Steam","Melter"],"picked":"Self Repair","floor":13.0},{"not_picked":["Reprogram","Leap"],"picked":"Beam Cell","floor":14.0},{"not_picked":["Reboot","Meteor Strike"],"picked":"Hyperbeam","floor":16.0},{"not_picked":["Rebound","Blizzard"],"picked":"Gash+1","floor":18.0},{"not_picked":["Leap","Rebound"],"picked":"Stack","floor":20.0},{"not_picked":["Skim","Glacier"],"picked":"Double Energy","floor":21.0},{"not_picked":["Hello World+1","Coolheaded"],"picked":"Steam Power","floor":22.0},{"not_picked":["Beam Cell","Go for the Eyes"],"picked":"FTL","floor":24.0},{"not_picked":["Doom and Gloom","Glacier"],"picked":"Skim+1","floor":25.0},{"not_picked":["Rebound","Seek"],"picked":"Scrape+1","floor":30.0},{"not_picked":["Chaos+1","Compile Driver+1"],"picked":"Stack+1","floor":31.0},{"not_picked":["Thunder Strike","Biased Cognition"],"picked":"Meteor Strike","floor":33.0},{"not_picked":["Cold Snap","Coolheaded+1"],"picked":"Steam","floor":35.0},{"not_picked":["Loop","Beam Cell"],"picked":"Steam+1","floor":38.0},{"not_picked":["Streamline+1","Loop+1"],"picked":"Coolheaded+1","floor":39.0},{"not_picked":["Melter+1","Redo+1","Hello World"],"picked":"SKIP","floor":41.0},{"not_picked":["Sweeping Beam+1","Consume+1","Steam"],"picked":"SKIP","floor":42.0}],"player_experience":326274,"relics_obtained":[{"floor":7.0,"key":"Pen Nib"},{"floor":9.0,"key":"Mummified Hand"},{"floor":14.0,"key":"Pear"},{"floor":25.0,"key":"Shuriken"},{"floor":26.0,"key":"Sundial"},{"floor":30.0,"key":"Centennial Puzzle"}],"event_choices":[{"damage_healed":0.0,"max_hp_gain":0.0,"max_hp_loss":0.0,"gold_gain":0.0,"event_name":"Scrap Ooze","player_choice":"Fled","floor":11.0,"gold_loss":0.0,"damage_taken":0.0},{"damage_healed":0.0,"max_hp_gain":0.0,"max_hp_loss":0.0,"gold_gain":0.0,"event_name":"Addict","player_choice":"Obtained Relic","floor":19.0,"gold_loss":85.0,"damage_taken":0.0,"relics_obtained":["Kunai"]},{"damage_healed":0.0,"max_hp_gain":0.0,"max_hp_loss":0.0,"gold_gain":0.0,"cards_transformed":["Clumsy"],"event_name":"Transmorgrifier","player_choice":"Transformed","floor":28.0,"gold_loss":0.0,"damage_taken":0.0,"cards_obtained":["Decay"]},{"cards_removed":["Strike_B"],"damage_healed":0.0,"max_hp_gain":0.0,"max_hp_loss":0.0,"gold_gain":0.0,"event_name":"Bonfire Elementals","player_choice":"Offered Basic","floor":37.0,"gold_loss":0.0,"damage_taken":0.0},{"damage_healed":0.0,"max_hp_gain":0.0,"max_hp_loss":0.0,"gold_gain":0.0,"event_name":"Mysterious Sphere","player_choice":"Ignored","floor":45.0,"gold_loss":0.0,"damage_taken":0.0},{"cards_removed":["Self Repair"],"damage_healed":0.0,"max_hp_gain":0.0,"max_hp_loss":0.0,"gold_gain":0.0,"event_name":"Falling","player_choice":"Removed Power","floor":46.0,"gold_loss":0.0,"damage_taken":0.0},{"damage_healed":0.0,"max_hp_gain":0.0,"max_hp_loss":0.0,"gold_gain":0.0,"event_name":"MindBloom","player_choice":"Upgrade","floor":47.0,"gold_loss":0.0,"damage_taken":0.0,"cards_upgraded":["Strike_B","Strike_B","Defend_B","Defend_B","Defend_B","Defend_B","All For One","Conserve Battery","Beam Cell","Hyperbeam","Gash","Leap","Beam Cell","Hyperbeam","Stack","Steam Power","FTL","Meteor Strike","Steam","Good Instincts","Undo"],"relics_obtained":["Mark of the Bloom"]},{"damage_healed":0.0,"max_hp_gain":0.0,"max_hp_loss":0.0,"gold_gain":0.0,"event_name":"Tomb of Lord Red Mask","player_choice":"Paid","floor":48.0,"gold_loss":104.0,"damage_taken":0.0,"relics_obtained":["Red Mask"]}],"is_beta":false,"boss_relics":[{"not_picked":["Eternal Feather","Runic Pyramid"],"picked":"Cursed Key"},{"not_picked":["Tiny House","Busted Crown"],"picked":"Fusion Hammer"}],"items_purged_floors":[36],"is_endless":false,"potions_floor_spawned":[4,7,13,14,16,22,25,30,39,42],"killed_by":"Time Eater","ascension_level":10}