{"path_per_floor":["M","M","?","M","?","E","R","M","T","E","M","M","$","?","R","B",null,"M","?","?","$","?","R","E","$","T","R","M","M","E","T","R","B",null,"M","$","M","$","?","R","$","R","T","?","E","M","?","M","R"],"character_chosen":"THE_SILENT","items_purchased":["Juzu Bracelet","Backstab","Accuracy","Footwork","Letter Opener","Oddly Smooth Stone","Bouncing Flask"],"gold_per_floor":[119,136,189,200,200,234,234,253,304,337,354,371,219,219,219,320,320,338,338,253,141,141,141,174,102,102,102,116,132,167,467,467,565,565,575,575,590,346,346,346,40,40,118,0,31,50,50,65,65],"floor_reached":50,"campfire_rested":2,"playtime":3035,"current_hp_per_floor":[70,67,67,64,64,49,49,48,48,47,47,39,39,39,39,38,70,67,51,51,51,51,51,33,33,33,54,57,61,66,66,66,33,70,42,42,44,44,44,65,65,65,65,65,66,61,61,60,60],"items_purged":["Strike_G"],"gold":65,"score":589,"play_id":"078590af-5686-48b4-9eea-ae3f24e36ab4","is_prod":false,"is_daily":false,"is_ascension_mode":true,"campfire_upgraded":6,"path_taken":["M","M","?","M","?","E","R","M","T","E","M","M","$","?","R","BOSS","M","?","?","?","?","R","E","$","T","R","M","M","E","?","R","BOSS","M","$","M","$","?","R","$","R","T","?","E","M","?","M","R","BOSS"],"build_version":"2018-02-08-BETA1","purchased_purges":2,"victory":false,"master_deck":["Defend_G","Defend_G","Defend_G","Defend_G","Strike_G","Survivor","Neutralize+1","Choke+1","Blur","Underhanded Strike","Choke+1","Backflip","Unload","Bouncing Flask+1","Well Laid Plans","After Image","Cloak And Dagger+1","Infinite Blades+1","A Thousand Cuts+1","Necronomicurse","Backstab","Accuracy+1","All Out Attack","Footwork","After Image","Skewer+1","A Thousand Cuts+1","All Out Attack+1","Choke","Choke","Backflip+1","Backstab","Dodge and Roll+1","Bouncing Flask+1","Catalyst+1","Well Laid Plans"],"max_hp_per_floor":[70,70,70,70,70,70,70,70,70,70,70,70,70,70,70,70,70,70,70,70,70,70,70,70,70,70,70,70,70,70,70,70,70,70,70,70,70,70,70,70,70,70,70,70,70,70,70,70,70],"relics":["Velvet Choker","Torii","Vajra","Du-Vu Doll","Juzu Bracelet","Astrolabe","Necronomicon","Happy Flower","Darkstone Periapt","Bird Faced Urn","Lantern","Old Coin","Orrery","Letter Opener","Oddly Smooth Stone","Meat on the Bone","Red Mask","Snake Skull"],"card_choices":[{"not_picked":["Dodge and Roll","Poisoned Stab"],"picked":"Choke"},{"not_picked":["Cloak And Dagger","Endless Agony"],"picked":"Blur"},{"not_picked":["Backflip","Outmaneuver"],"picked":"Underhanded Strike"},{"not_picked":["Dagger Spray","Underhanded Strike"],"picked":"Choke"},{"not_picked":["Calculated Gamble","Sucker Punch"],"picked":"Backflip"},{"not_picked":["Deflect","Dodge and Roll"],"picked":"Unload"},{"not_picked":["PiercingWail","Bane"],"picked":"Bouncing Flask"},{"not_picked":["Slice","Quick Slash"],"picked":"Well Laid Plans"},{"not_picked":["Unload","Burst"],"picked":"After Image"},{"not_picked":["PiercingWail","Acrobatics"],"picked":"All Out Attack"},{"not_picked":["Well Laid Plans","Underhanded Strike"],"picked":"After Image"},{"not_picked":["Dagger Spray","Dash"],"picked":"Skewer"},{"not_picked":["Unload","Wraith Form"],"picked":"A Thousand Cuts"},{"not_picked":["Backflip","Flechettes"],"picked":"All Out Attack"},{"not_picked":["Dagger Spray","Masterful Stab"],"picked":"Choke"},{"not_picked":["Outmaneuver","Deadly Poison"],"picked":"Choke"},{"not_picked":["Sucker Punch","Noxious Fumes"],"picked":"Backflip"},{"not_picked":["Quick Slash","Slice"],"picked":"Backstab"},{"not_picked":["Escape Plan","Deadly Poison"],"picked":"Dodge and Roll"},{"not_picked":["Unload","Well Laid Plans"],"picked":"Catalyst"},{"not_picked":["Prepared","Bane"],"picked":"Well Laid Plans"}],"player_experience":76307,"potions_floor_usage":[16,16,30,33,45,50,50,50],"damage_taken":[{"damage":0,"enemies":"Cultist","floor":1,"turns":3},{"damage":3,"enemies":"2 Louse","floor":2,"turns":2},{"damage":3,"enemies":"Blue Slaver","floor":4,"turns":3},{"damage":15,"enemies":"3 Sentries","floor":6,"turns":10},{"damage":1,"enemies":"Looter","floor":8,"turns":2},{"damage":1,"enemies":"Gremlin Nob","floor":10,"turns":4},{"damage":0,"enemies":"Red Slaver","floor":11,"turns":2},{"damage":8,"enemies":"Large Slime","floor":12,"turns":4},{"damage":1,"enemies":"Slime Boss","floor":16,"turns":8},{"damage":3,"enemies":"Shell Parasite","floor":18,"turns":5},{"damage":18,"enemies":"Gremlin Leader","floor":24,"turns":4},{"damage":1,"enemies":"Chosen","floor":28,"turns":4},{"damage":8,"enemies":"Snake Plant","floor":29,"turns":4},{"damage":1,"enemies":"Book of Stabbing","floor":30,"turns":3},{"damage":39,"enemies":"Collector","floor":33,"turns":6},{"damage":28,"enemies":"3 Darklings","floor":35,"turns":3},{"damage":0,"enemies":"Flame Bruiser 1 Orb","floor":37,"turns":2},{"damage":1,"enemies":"2 Orb Walkers","floor":45,"turns":3},{"damage":9,"enemies":"3 Darklings","floor":46,"turns":4},{"damage":11,"enemies":"Spire Growth","floor":48,"turns":5},{"damage":89,"enemies":"Donu and Deca","floor":50,"turns":6}],"event_choices":[{"event_name":"Golden Wing","player_choice":"Gained Gold","floor":3,"damage_taken":0},{"event_name":"The Lab","player_choice":"Got Potions","floor":5,"damage_taken":0},{"event_name":"Upgrade Shrine","player_choice":"Upgraded","floor":14,"damage_taken":0},{"event_name":"Cursed Tome","player_choice":"Obtained Book","floor":19,"damage_taken":0},{"event_name":"Addict","player_choice":"Obtained Relic","floor":20,"damage_taken":0},{"event_name":"Upgrade Shrine","player_choice":"Upgraded","floor":22,"damage_taken":0},{"event_name":"Tomb of Lord Red Mask","player_choice":"Paid","floor":44,"damage_taken":0},{"event_name":"Mysterious Sphere","player_choice":"Ignore","floor":47,"damage_taken":0}],"boss_relics":[{"not_picked":["Philosopher\u0027s Stone","Runic Dome"],"picked":"Astrolabe"},{"not_picked":["The Specimen","Snecko Eye"],"picked":"Orrery"}],"potions_floor_spawned":[2,6,10,11,28,30,37,46,48],"seed_played":"3487880016425951319","killed_by":"Donu and Deca","ascension_level":2,"is_trial":false}