{"gold_per_floor":[116,126,126,142,159,159,170,10,10,42,42,42,81,106,106,205,205,218,233,146,171,44,44,62,76,76,89,89,139,139,32,32,125,125,143,143],"floor_reached":36,"playtime":3420,"items_purged":["Strike_G","Strike_G","Strike_G"],"score":802,"play_id":"5cd19ac6-cd6e-4d75-b72a-08af1617debd","local_time":"20190521200327","is_ascension_mode":true,"campfire_choices":[{"data":"Night Terror","floor":6.0,"key":"SMITH"},{"floor":15.0,"key":"REST"},{"data":"Corpse Explosion","floor":23,"key":"SMITH"},{"data":"Ghostly","floor":30,"key":"SMITH"},{"data":"Ghostly","floor":32,"key":"SMITH"}],"neow_cost":"NONE","seed_source_timestamp":0,"circlet_count":0,"master_deck":["AscendersBane","Defend_G","Defend_G","Defend_G","Defend_G","Defend_G","Strike_G","Strike_G","Survivor","Neutralize+1","Quick Slash+1","Skewer","Footwork","Night Terror+1","Terror","Well Laid Plans+1","Skewer","Corpse Explosion+1","After Image","Expertise","Deadly Poison+1","Footwork","Noxious Fumes","PiercingWail","PiercingWail","Dodge and Roll","Ghostly+1","Ghostly","Ghostly+1","Malaise"],"special_seed":0,"relics":["Ring of the Snake","Bag of Preparation","Whetstone","PreservedInsect","Golden Idol","Question Card","Coffee Dripper","Smiling Mask","Regal Pillow","Eternal Feather"],"potions_floor_usage":[19,24,27,33,33,36],"damage_taken":[{"damage":1.0,"enemies":"2 Louse","floor":1.0,"turns":2.0},{"damage":1.0,"enemies":"Cultist","floor":2.0,"turns":4.0},{"damage":2.0,"enemies":"Jaw Worm","floor":4.0,"turns":5.0},{"damage":10.0,"enemies":"Gremlin Gang","floor":5.0,"turns":5.0},{"damage":9.0,"enemies":"Blue Slaver","floor":7.0,"turns":6.0},{"damage":0.0,"enemies":"Lagavulin","floor":10.0,"turns":7.0},{"damage":23.0,"enemies":"3 Sentries","floor":13.0,"turns":10.0},{"damage":1.0,"enemies":"2 Fungi Beasts","floor":14.0,"turns":4.0},{"damage":14.0,"enemies":"Slime Boss","floor":16.0,"turns":7.0},{"damage":9,"enemies":"Chosen","floor":18,"turns":6},{"damage":4,"enemies":"Shell Parasite","floor":19,"turns":7},{"damage":10,"enemies":"Centurion and Healer","floor":21,"turns":6},{"damage":0,"enemies":"Snake Plant","floor":24,"turns":5},{"damage":13,"enemies":"Snecko","floor":25,"turns":7},{"damage":3,"enemies":"Centurion and Healer","floor":27,"turns":5},{"damage":1,"enemies":"Automaton","floor":33,"turns":11},{"damage":0,"enemies":"3 Shapes","floor":35,"turns":6},{"damage":38,"enemies":"Orb Walker","floor":36,"turns":3}],"seed_played":"-2915633370154101548","potions_obtained":[{"floor":2.0,"key":"AttackPotion"},{"floor":3.0,"key":"EntropicBrew"},{"floor":7.0,"key":"SteroidPotion"},{"floor":13.0,"key":"LiquidBronze"},{"floor":21,"key":"GhostInAJar"},{"floor":25,"key":"Weak Potion"},{"floor":27,"key":"SpeedPotion"},{"floor":33,"key":"AttackPotion"}],"is_trial":false,"path_per_floor":["M","M","?","M","M","R","M","$","T","E","?","?","E","M","R","B",null,"M","M","?","M","$","R","M","M","T","M","?","?","R","$","R","B",null,"M","M"],"character_chosen":"THE_SILENT","items_purchased":["Well Laid Plans","Noxious Fumes","PowerPotion"],"campfire_rested":1,"item_purchase_floors":[8,22,31],"current_hp_per_floor":[58,57,57,55,45,45,36,36,36,36,36,36,13,12,30,16,49,40,36,36,26,26,26,26,13,13,10,10,10,10,10,10,9,25,25,0],"gold":143,"neow_bonus":"RANDOM_COMMON_RELIC","is_prod":false,"is_daily":false,"chose_seed":false,"campfire_upgraded":4,"win_rate":0,"timestamp":1558494207,"path_taken":["M","M","?","?","M","R","?","$","T","E","?","?","E","M","R","BOSS","M","M","?","M","$","R","?","M","T","M","?","?","R","?","R","BOSS","M","M"],"build_version":"2019-01-23","purchased_purges":3,"victory":false,"max_hp_per_floor":[66,66,66,66,66,66,66,66,66,66,66,60,60,60,60,60,60,60,60,60,60,60,60,60,60,60,60,30,30,30,30,30,30,30,30,30],"card_choices":[{"not_picked":["Prepared","Poisoned Stab"],"picked":"Quick Slash","floor":1.0},{"not_picked":["Quick Slash","Leg Sweep"],"picked":"Skewer","floor":2.0},{"not_picked":["PiercingWail","Deflect"],"picked":"Footwork","floor":4.0},{"not_picked":["Acrobatics","Bouncing Flask"],"picked":"Night Terror","floor":5.0},{"not_picked":["Sucker Punch","Deadly Poison"],"picked":"Terror","floor":7.0},{"not_picked":["Sucker Punch","Quick Slash","Concentrate"],"picked":"SKIP","floor":10.0},{"not_picked":["Bouncing Flask","Flying Knee"],"picked":"Skewer","floor":13.0},{"not_picked":["Cloak And Dagger","Deflect","Masterful Stab"],"picked":"Corpse Explosion","floor":14.0},{"not_picked":["Storm of Steel","Bullet Time","Die Die Die"],"picked":"After Image","floor":16.0},{"not_picked":["Infinite Blades","Quick Slash","Sucker Punch+1"],"picked":"Expertise","floor":18},{"not_picked":["Blade Dance","Underhanded Strike","Quick Slash"],"picked":"Deadly Poison+1","floor":19},{"not_picked":["Poisoned Stab","Backflip+1","Grand Finale"],"picked":"Footwork","floor":21},{"not_picked":["Backflip","Dagger Spray","Cloak And Dagger"],"picked":"PiercingWail","floor":24},{"not_picked":["Blade Dance","Riddle With Holes","After Image"],"picked":"PiercingWail","floor":25},{"not_picked":["Calculated Gamble","PiercingWail","Poisoned Stab+1"],"picked":"Dodge and Roll","floor":27},{"not_picked":["A Thousand Cuts","Bullet Time","Unload"],"picked":"Malaise","floor":33},{"not_picked":["Footwork","Distraction","PiercingWail","Deflect"],"picked":"SKIP","floor":35},{"not_picked":["Footwork","Distraction","PiercingWail","Deflect"],"picked":"SKIP","floor":35}],"player_experience":1420708,"relics_obtained":[{"floor":9.0,"key":"Whetstone"},{"floor":10.0,"key":"PreservedInsect"},{"floor":13.0,"key":"Question Card"},{"floor":26,"key":"Regal Pillow"}],"event_choices":[{"damage_healed":0.0,"max_hp_gain":0.0,"max_hp_loss":0.0,"gold_gain":0.0,"event_name":"Lab","player_choice":"Got Potions","floor":3.0,"gold_loss":0.0,"damage_taken":0.0},{"damage_healed":0.0,"max_hp_gain":0.0,"max_hp_loss":0.0,"gold_gain":0.0,"event_name":"Living Wall","player_choice":"Grow","floor":11.0,"gold_loss":0.0,"damage_taken":0.0,"cards_upgraded":["Well Laid Plans"]},{"damage_healed":0.0,"max_hp_gain":0.0,"max_hp_loss":6.0,"gold_gain":0.0,"event_name":"Golden Idol","player_choice":"Lose Max HP","floor":12.0,"gold_loss":0.0,"damage_taken":0.0,"relics_obtained":["Golden Idol"]},{"damage_healed":0,"gold_gain":0,"player_choice":"Paid Gold","damage_taken":0,"relics_obtained":["Smiling Mask"],"max_hp_gain":0,"max_hp_loss":0,"event_name":"WeMeetAgain","floor":20,"gold_loss":87},{"damage_healed":0,"gold_gain":0,"player_choice":"Became a Ghost","damage_taken":0,"max_hp_gain":0,"max_hp_loss":30,"event_name":"Ghosts","floor":28,"gold_loss":0,"cards_obtained":["Ghostly","Ghostly","Ghostly"]},{"damage_healed":0,"gold_gain":50,"player_choice":"Stole From Cult","damage_taken":0,"max_hp_gain":0,"max_hp_loss":0,"event_name":"Nest","floor":29,"gold_loss":0}],"is_beta":false,"boss_relics":[{"not_picked":["Calling Bell","Orrery"],"picked":"Coffee Dripper"},{"not_picked":["Sozu","Cursed Key"],"picked":"Eternal Feather"}],"items_purged_floors":[8,22,31],"is_endless":false,"potions_floor_spawned":[2,7,10,13,21,25,27,33],"killed_by":"Orb Walker","ascension_level":20}