{"path_per_floor":["M","M","?","M","M","M","E","M","T","M","E","M","M","$","R","B",null,"M","M","M","$","?","?","E","R","T","M","?","R","M","M","R"],"character_chosen":"DEFECT","items_purchased":["Orichalcum","Meat on the Bone"],"gold_per_floor":[112,131,131,146,158,169,203,222,269,284,316,327,337,188,188,286,286,304,323,342,102,102,135,164,164,189,201,201,201,212,224,224,224],"floor_reached":33,"campfire_rested":4,"playtime":1916,"current_hp_per_floor":[74,74,74,74,70,67,43,41,41,42,21,22,24,24,46,7,75,64,59,37,37,43,43,15,39,39,41,41,65,60,48,72,0],"items_purged":[],"gold":224,"score":349,"play_id":"3a125a2c-1334-4b21-9d7a-1bdf064a9afa","local_time":"20180503053256","is_prod":false,"is_daily":false,"chose_seed":false,"is_ascension_mode":true,"campfire_upgraded":0,"timestamp":1525314776,"path_taken":["M","?","?","M","?","M","E","?","T","M","E","M","M","$","R","BOSS","M","M","?","$","?","?","E","R","T","M","?","R","M","M","R","BOSS"],"build_version":"2018-05-01v2","seed_source_timestamp":132196978625966,"purchased_purges":0,"victory":false,"master_deck":["Zap","Dualcast","Ball Lightning","Ball Lightning","Impulse","Stack","Go for the Eyes","Ball Lightning","Doom and Gloom","Leap","Ball Lightning","Rip and Tear","Echo Form","Beam Cell","Barrage","Capacitor","Skim","Sweeping Beam","Impulse","Hologram","Reinforced Body","Loop","Lockon","Writhe","Barrage","Thunder Strike","Ball Lightning","Bite","Bite","Bite","Bite","Bite","Beam Cell","Sweeping Beam+1"],"max_hp_per_floor":[75,75,75,75,75,75,75,75,75,75,75,75,75,75,75,75,75,75,75,75,75,81,81,81,81,81,81,81,81,81,81,81,81],"relics":["Cracked Core","War Paint","Darkstone Periapt","Shuriken","Orichalcum","Pandora\u0027s Box","Meat on the Bone","Omamori","Red Mask","Toolbox","Bag of Preparation"],"card_choices":[{"not_picked":["Tempest","Reinforced Body"],"picked":"Ball Lightning","floor":1},{"not_picked":["Gash","Reinforced Body"],"picked":"Ball Lightning","floor":2},{"not_picked":["Buffer","Beam Cell"],"picked":"Impulse","floor":5},{"not_picked":["Coolheaded","Aggregate"],"picked":"Stack","floor":6},{"not_picked":["Glacier","Cold Snap"],"picked":"Go for the Eyes","floor":7},{"not_picked":["Axe Kick","Streamline"],"picked":"Ball Lightning","floor":8},{"not_picked":["Sweeping Beam","Turbo"],"picked":"Doom and Gloom","floor":10},{"not_picked":["Streamline","Genetic Algorithm"],"picked":"Leap","floor":11},{"not_picked":["Coolheaded","Double Energy"],"picked":"Ball Lightning","floor":12},{"not_picked":["Hologram","Force Field"],"picked":"Rip and Tear","floor":13},{"not_picked":["Fusion","Reboot"],"picked":"Echo Form","floor":16},{"not_picked":["Axe Kick","Beam Cell"],"picked":"Loop","floor":19},{"not_picked":["Melter","Turbo"],"picked":"Lockon","floor":20},{"not_picked":["Capacitor","Coolheaded"],"picked":"Barrage","floor":23},{"not_picked":["Hologram","Streamline"],"picked":"Thunder Strike","floor":24},{"not_picked":["Chill","Barrage"],"picked":"Ball Lightning","floor":27},{"not_picked":["Stack","Turbo"],"picked":"Beam Cell","floor":30},{"not_picked":["Coolheaded","Buffer"],"picked":"Sweeping Beam","floor":31}],"player_experience":208931,"potions_floor_usage":[23,24,24,33,33],"damage_taken":[{"damage":1,"enemies":"Cultist","floor":1,"turns":3},{"damage":0,"enemies":"Small Slimes","floor":2,"turns":2},{"damage":0,"enemies":"2 Louse","floor":4,"turns":2},{"damage":4,"enemies":"Large Slime","floor":5,"turns":4},{"damage":3,"enemies":"Red Slaver","floor":6,"turns":3},{"damage":24,"enemies":"Gremlin Nob","floor":7,"turns":4},{"damage":2,"enemies":"Blue Slaver","floor":8,"turns":3},{"damage":1,"enemies":"Exordium Thugs","floor":10,"turns":4},{"damage":23,"enemies":"Lagavulin","floor":11,"turns":4},{"damage":1,"enemies":"Looter","floor":12,"turns":3},{"damage":0,"enemies":"Large Slime","floor":13,"turns":3},{"damage":41,"enemies":"The Guardian","floor":16,"turns":9},{"damage":11,"enemies":"Chosen","floor":18,"turns":4},{"damage":7,"enemies":"Shell Parasite","floor":19,"turns":3},{"damage":24,"enemies":"Snake Plant","floor":20,"turns":4},{"damage":14,"enemies":"Masked Bandits","floor":23,"turns":4},{"damage":42,"enemies":"Slavers","floor":24,"turns":5},{"damage":12,"enemies":"Centurion and Healer","floor":27,"turns":4},{"damage":11,"enemies":"Slaver and Parasite","floor":30,"turns":5},{"damage":14,"enemies":"Cultist and Chosen","floor":31,"turns":5},{"damage":84,"enemies":"Collector","floor":33,"turns":8}],"event_choices":[{"event_name":"Accursed Blacksmith","player_choice":"Rummage","floor":3,"damage_taken":0},{"event_name":"The Mausoleum","player_choice":"Yes","floor":22,"damage_taken":0},{"event_name":"Masked Bandits","player_choice":"Fought over 102 gold","floor":23,"damage_taken":0},{"event_name":"Vampires","player_choice":"Became a vampire (Vial)","floor":28,"damage_taken":0}],"boss_relics":[{"not_picked":["Runic Dome","Ectoplasm"],"picked":"Pandora\u0027s Box"}],"potions_floor_spawned":[1,6,8,11,12,16,27,31],"seed_played":"5133590062176032614","killed_by":"Collector","ascension_level":1,"is_trial":false}