{"path_per_floor":["M","?","M","M","M","E","M","M","T","T","R","M","M","$","R","B",null,"M","$","M","$","?","E","R","M","T","M","?","E","R","M","R","B",null,"M","M","$","?","M","R","$","M","T"],"character_chosen":"THE_SILENT","items_purchased":["Dash","War Paint","Deadly Poison","Accuracy","Sucker Punch","Burst","Deflect","Well Laid Plans"],"gold_per_floor":[109,109,122,137,161,200,221,246,246,246,246,265,290,215,215,334,334,354,316,340,24,24,67,67,87,87,100,100,132,132,150,150,249,249,266,285,106,106,121,121,21,37,64],"floor_reached":44,"campfire_rested":3,"playtime":5047,"current_hp_per_floor":[70,70,68,65,59,35,25,13,13,20,43,45,46,46,46,42,77,73,73,56,56,56,41,41,41,41,20,20,25,25,23,46,31,77,47,30,30,30,28,51,51,55,60],"items_purged":["Injury","Accuracy"],"gold":64,"score":481,"play_id":"72b1edde-4ad3-43fa-8dc7-0e070356185a","is_prod":false,"is_daily":false,"is_ascension_mode":false,"campfire_upgraded":3,"path_taken":["M","?","M","?","M","E","?","M","T","?","R","M","?","$","R","BOSS","M","$","M","$","?","E","R","M","T","M","?","E","R","M","R","BOSS","M","M","$","?","M","R","$","M","T","E"],"build_version":"2018-02-22-PROD1","purchased_purges":3,"victory":false,"master_deck":["Defend_G+1","Defend_G+1","Defend_G+1","Defend_G+1","Defend_G+1","Strike_G+1","Strike_G+1","Strike_G+1","Strike_G+1","Survivor","Neutralize","Deflect","Deflect+1","Backflip","Leg Sweep","After Image+1","Flying Knee","Die Die Die","Backflip","Well Laid Plans","A Thousand Cuts+1","Escape Plan","Dash","Heel Hook+1","Deadly Poison","Sucker Punch","Deadly Poison+1","Deadly Poison","Caltrops","Catalyst+1","Dagger Spray","Die Die Die","Deadly Poison","Deflect","Burst","Eviscerate+1","Deflect","Well Laid Plans","Cloak And Dagger+1"],"max_hp_per_floor":[70,70,70,70,70,70,70,70,70,77,77,77,77,77,77,77,77,77,77,77,77,77,77,77,77,77,77,77,77,77,77,77,77,77,77,77,77,77,77,77,77,77,77],"relics":["Ring of the Snake","Bloody Idol","Girya","Bird Faced Urn","Strawberry","Lizard Tail","War Paint","Ancient Tea Set","Shovel","Oddly Smooth Stone","Sozu","Omamori"],"card_choices":[{"not_picked":["Prepared","Poisoned Stab"],"picked":"Deflect"},{"not_picked":["Expertise","Underhanded Strike"],"picked":"Deflect"},{"not_picked":["Bouncing Flask","Accuracy"],"picked":"Backflip"},{"not_picked":["Dash","Prepared"],"picked":"Leg Sweep"},{"not_picked":["Prepared","Deadly Poison"],"picked":"After Image"},{"not_picked":["Sucker Punch","Bane"],"picked":"Flying Knee"},{"not_picked":["Masterful Stab","Outmaneuver"],"picked":"Die Die Die"},{"not_picked":["Finisher","Outmaneuver"],"picked":"Backflip"},{"not_picked":["Caltrops","Poisoned Stab"],"picked":"Well Laid Plans"},{"not_picked":["Phantasmal Killer","Storm of Steel"],"picked":"A Thousand Cuts"},{"not_picked":["Deflect","Riddle With Holes"],"picked":"Escape Plan"},{"not_picked":["Dagger Spray","Backflip"],"picked":"Heel Hook"},{"not_picked":["Reflex","Sucker Punch"],"picked":"Deadly Poison"},{"not_picked":["Accuracy","Malaise"],"picked":"Deadly Poison"},{"not_picked":["Outmaneuver","Backflip"],"picked":"Caltrops"},{"not_picked":["Distraction","Underhanded Strike"],"picked":"Catalyst"},{"not_picked":["Acrobatics","Corpse Explosion"],"picked":"Dagger Spray"},{"not_picked":["Doppelganger","Tactician"],"picked":"Die Die Die"},{"not_picked":["Sucker Punch","All Out Attack"],"picked":"Deadly Poison"},{"not_picked":["Poisoned Stab","Underhanded Strike"],"picked":"Deflect"},{"not_picked":["Quick Slash","Acrobatics"],"picked":"Eviscerate"},{"not_picked":["Accuracy","PiercingWail"],"picked":"Cloak And Dagger"}],"player_experience":95774,"potions_floor_usage":[6,6,7,8,16,25,25,27,44],"damage_taken":[{"damage":0,"enemies":"Jaw Worm","floor":1,"turns":5},{"damage":2,"enemies":"2 Louse","floor":3,"turns":4},{"damage":3,"enemies":"Cultist","floor":4,"turns":7},{"damage":6,"enemies":"Lots of Slimes","floor":5,"turns":10},{"damage":24,"enemies":"Gremlin Nob","floor":6,"turns":5},{"damage":10,"enemies":"Exordium Wildlife","floor":7,"turns":9},{"damage":12,"enemies":"Gremlin Gang","floor":8,"turns":11},{"damage":0,"enemies":"2 Fungi Beasts","floor":12,"turns":4},{"damage":1,"enemies":"Exordium Wildlife","floor":13,"turns":6},{"damage":8,"enemies":"The Guardian","floor":16,"turns":26},{"damage":4,"enemies":"Shell Parasite","floor":18,"turns":13},{"damage":21,"enemies":"Spheric Guardian","floor":20,"turns":12},{"damage":21,"enemies":"Book of Stabbing","floor":23,"turns":9},{"damage":4,"enemies":"Cultist and Chosen","floor":25,"turns":11},{"damage":25,"enemies":"Centurion and Healer","floor":27,"turns":12},{"damage":47,"enemies":"Slavers","floor":29,"turns":9},{"damage":15,"enemies":"Chosen and Byrds","floor":31,"turns":6},{"damage":28,"enemies":"Collector","floor":33,"turns":9},{"damage":37,"enemies":"3 Shapes","floor":35,"turns":6},{"damage":30,"enemies":"3 Darklings","floor":36,"turns":5},{"damage":15,"enemies":"Maw","floor":39,"turns":8},{"damage":11,"enemies":"4 Shapes","floor":42,"turns":5},{"damage":70,"enemies":"2 Orb Walkers","floor":44,"turns":6}],"event_choices":[{"event_name":"Golden Idol","player_choice":"Take Wound","floor":2,"damage_taken":0},{"event_name":"Back to Basics","player_choice":"Simplicity","floor":22,"damage_taken":0},{"event_name":"Forgotten Altar","player_choice":"Gave Idol","floor":28,"damage_taken":0},{"event_name":"The Woman in Blue","player_choice":"Bought 0 Potions","floor":38,"damage_taken":0}],"boss_relics":[{"not_picked":["The Specimen","Velvet Choker"],"picked":"Lizard Tail"},{"not_picked":["Tiny House","Black Star"],"picked":"Sozu"}],"potions_floor_spawned":[4,5,6,7,13,18,23,25,33,35,39],"seed_played":"-1266330706389705642","killed_by":"2 Orb Walkers","ascension_level":0,"is_trial":false}