{"gold_per_floor":[114,114,114,183,183,219,240,240,263,281,304,347,365,389,389,519,519,533,547,560,485,37,37,80,80,80,105,105,146,34,34,34,159,159,173,173,21,37,58,58,93,93,117,117,138,138,138,182,182,182],"floor_reached":51,"playtime":4205,"items_purged":["Reflex"],"score":1168,"play_id":"34f2fbc6-62ee-4995-8276-8e0ba41b7f34","local_time":"20190209163221","is_ascension_mode":true,"campfire_choices":[{"floor":8.0,"key":"REST"},{"floor":15.0,"key":"REST"},{"floor":23.0,"key":"REST"},{"floor":25.0,"key":"REST"},{"floor":32.0,"key":"REST"},{"floor":40.0,"key":"REST"},{"data":"1","floor":42,"key":"LIFT"},{"data":"2","floor":44,"key":"LIFT"},{"data":"3","floor":49,"key":"LIFT"}],"neow_cost":"NONE","seed_source_timestamp":0,"circlet_count":0,"master_deck":["AscendersBane","Defend_G","Defend_G+1","Defend_G+1","Defend_G","Defend_G","Strike_G","Strike_G","Strike_G","Strike_G","Strike_G","Survivor","Neutralize","Dramatic Entrance","Quick Slash+1","Calculated Gamble","Cloak And Dagger","Die Die Die","Dagger Throw","Deflect","Concentrate","Venomology+1","Deflect","Infinite Blades","Sentinel+1","Rebound","Twin Strike+1","Setup","All For One","Conserve Battery+1","Concentrate","Dramatic Entrance"],"special_seed":0,"relics":["Ring of the Snake","Kunai","Golden Idol","Unceasing Top","Boot","Juzu Bracelet","Philosopher\u0027s Stone","PrismaticShard","Blue Candle","Blood Vial","Bottled Flame","Singing Bowl","Shuriken","Eternal Feather","Centennial Puzzle","Girya","War Paint","Happy Flower"],"potions_floor_usage":[41,41,46,46,50,50,50],"damage_taken":[{"damage":1.0,"enemies":"Small Slimes","floor":1.0,"turns":3.0},{"damage":21.0,"enemies":"3 Sentries","floor":6.0,"turns":13.0},{"damage":1.0,"enemies":"Jaw Worm","floor":7.0,"turns":3.0},{"damage":0.0,"enemies":"2 Louse","floor":10.0,"turns":2.0},{"damage":18.0,"enemies":"Large Slime","floor":11.0,"turns":6.0},{"damage":13.0,"enemies":"Lagavulin","floor":12.0,"turns":10.0},{"damage":2.0,"enemies":"Blue Slaver","floor":13.0,"turns":3.0},{"damage":0.0,"enemies":"Gremlin Gang","floor":14.0,"turns":2.0},{"damage":12.0,"enemies":"The Guardian","floor":16.0,"turns":16.0},{"damage":8.0,"enemies":"2 Thieves","floor":18.0,"turns":4.0},{"damage":0.0,"enemies":"Chosen","floor":19.0,"turns":4.0},{"damage":8.0,"enemies":"Snake Plant","floor":20.0,"turns":4.0},{"damage":26.0,"enemies":"Gremlin Leader","floor":24.0,"turns":10.0},{"damage":1.0,"enemies":"Centurion and Healer","floor":27.0,"turns":9.0},{"damage":6.0,"enemies":"Slavers","floor":29.0,"turns":5.0},{"damage":15.0,"enemies":"Champ","floor":33.0,"turns":10.0},{"damage":24.0,"enemies":"3 Shapes","floor":35.0,"turns":4.0},{"damage":0.0,"enemies":"Orb Walker","floor":38.0,"turns":2.0},{"damage":13.0,"enemies":"Maw","floor":39.0,"turns":8.0},{"damage":14,"enemies":"Reptomancer","floor":41,"turns":6},{"damage":0,"enemies":"Sphere and 2 Shapes","floor":45,"turns":3},{"damage":0,"enemies":"4 Shapes","floor":46,"turns":1},{"damage":1,"enemies":"Giant Head","floor":48,"turns":6},{"damage":50,"enemies":"Donu and Deca","floor":50,"turns":10}],"seed_played":"-2514703336750951537","potions_obtained":[{"floor":1.0,"key":"GhostInAJar"},{"floor":10.0,"key":"SpeedPotion"},{"floor":12.0,"key":"Dexterity Potion"},{"floor":14.0,"key":"AttackPotion"},{"floor":24.0,"key":"SkillPotion"},{"floor":35.0,"key":"Strength Potion"},{"floor":41,"key":"GamblersBrew"},{"floor":48,"key":"SteroidPotion"}],"is_trial":false,"path_per_floor":["M","?","?","?","?","E","M","R","T","M","M","E","M","M","R","B",null,"M","M","M","?","$","R","E","R","T","M","?","E","$","T","R","B",null,"M","?","$","M","M","R","E","R","T","R","M","M","?","E","R","B",null],"character_chosen":"THE_SILENT","items_purchased":["PrismaticShard","Blue Candle","Setup","Centennial Puzzle"],"campfire_rested":6,"item_purchase_floors":[22,22,30,37],"current_hp_per_floor":[62,50,36,36,36,15,14,35,35,35,17,4,2,2,23,11,55,47,47,39,39,39,60,34,55,55,56,56,52,52,52,70,55,66,44,44,44,48,39,74,60,74,74,74,76,76,76,77,78,28],"gold":182,"neow_bonus":"RANDOM_COLORLESS","is_prod":false,"is_daily":false,"chose_seed":false,"campfire_upgraded":0,"win_rate":0,"timestamp":1549722741,"path_taken":["M","?","?","?","?","E","?","R","T","M","?","E","M","M","R","BOSS","M","M","M","?","$","R","E","R","T","M","?","E","?","?","R","BOSS","M","?","$","M","M","R","E","R","T","R","M","M","?","E","R","BOSS"],"build_version":"2019-02-06","purchased_purges":1,"victory":true,"max_hp_per_floor":[70,70,70,70,70,70,70,70,70,70,70,70,70,70,70,70,70,70,70,70,70,70,70,70,70,70,70,70,70,70,70,70,70,70,70,70,70,72,74,74,74,74,74,74,76,76,76,78,78,78],"card_choices":[{"not_picked":["Calculated Gamble","Deflect"],"picked":"Quick Slash","floor":1.0},{"not_picked":["Blade Dance","Underhanded Strike"],"picked":"Calculated Gamble","floor":6.0},{"not_picked":["Deadly Poison","Crippling Poison"],"picked":"Backflip","floor":7.0},{"not_picked":["Dodge and Roll","Heel Hook"],"picked":"Cloak And Dagger","floor":10.0},{"not_picked":["Sucker Punch","Deflect"],"picked":"Die Die Die","floor":11.0},{"not_picked":["Deadly Poison","Masterful Stab"],"picked":"Dagger Throw","floor":12.0},{"not_picked":["Flying Knee","Cloak And Dagger"],"picked":"Deflect","floor":13.0},{"not_picked":["Dodge and Roll","Escape Plan"],"picked":"Concentrate","floor":14.0},{"not_picked":["Malaise","Doppelganger"],"picked":"Venomology","floor":16.0},{"not_picked":["Dash","PiercingWail"],"picked":"Deflect","floor":18.0},{"not_picked":["Dagger Spray","Skewer"],"picked":"Infinite Blades","floor":19.0},{"not_picked":["Bane+1","Heel Hook"],"picked":"Reflex","floor":20.0},{"not_picked":["Gash","Hemokinesis"],"picked":"Sentinel+1","floor":24.0},{"not_picked":["Flex","Warcry"],"picked":"Rebound","floor":27.0},{"not_picked":["Tactician","Loop"],"picked":"Twin Strike+1","floor":29.0},{"not_picked":["Reboot","Thunder Strike"],"picked":"All For One","floor":33.0},{"not_picked":["Predator+1","Shrug It Off"],"picked":"Conserve Battery+1","floor":35.0},{"not_picked":["Calculated Gamble","Anger","Dodge and Roll"],"picked":"Singing Bowl","floor":38.0},{"not_picked":["Cloak And Dagger","Compile Driver","Dagger Spray"],"picked":"Singing Bowl","floor":39.0},{"not_picked":["Streamline","Clash"],"picked":"Concentrate","floor":41},{"not_picked":["Headbutt","Warcry+1","Clash"],"picked":"Singing Bowl","floor":45},{"not_picked":["Immolate","Perfected Strike","Dash+1"],"picked":"Singing Bowl","floor":48}],"player_experience":450258,"relics_obtained":[{"floor":6.0,"key":"Unceasing Top"},{"floor":9.0,"key":"Boot"},{"floor":12.0,"key":"Juzu Bracelet"},{"floor":24.0,"key":"Blood Vial"},{"floor":26.0,"key":"Bottled Flame"},{"floor":29.0,"key":"Singing Bowl"},{"floor":31.0,"key":"Shuriken"},{"floor":41,"key":"Girya"},{"floor":43,"key":"War Paint"},{"floor":48,"key":"Happy Flower"}],"event_choices":[{"damage_healed":0.0,"max_hp_gain":0.0,"max_hp_loss":0.0,"gold_gain":0.0,"event_name":"Scrap Ooze","player_choice":"Success","floor":2.0,"gold_loss":0.0,"damage_taken":12.0,"relics_obtained":["Kunai"]},{"damage_healed":0.0,"max_hp_gain":0.0,"max_hp_loss":0.0,"gold_gain":0.0,"event_name":"Shining Light","player_choice":"Entered Light","floor":3.0,"gold_loss":0.0,"damage_taken":14.0,"cards_upgraded":["Defend_G","Quick Slash"]},{"damage_healed":0.0,"max_hp_gain":0.0,"max_hp_loss":0.0,"gold_gain":69.0,"event_name":"Golden Wing","player_choice":"Gained Gold","floor":4.0,"gold_loss":0.0,"damage_taken":0.0},{"damage_healed":0.0,"max_hp_gain":0.0,"max_hp_loss":0.0,"gold_gain":0.0,"event_name":"Golden Idol","player_choice":"Take Wound","floor":5.0,"gold_loss":0.0,"damage_taken":0.0,"relics_obtained":["Golden Idol"],"cards_obtained":["Injury"]},{"cards_removed":["Injury"],"damage_healed":0.0,"max_hp_gain":0.0,"max_hp_loss":0.0,"gold_gain":0.0,"event_name":"Beggar","player_choice":"Gave Gold","floor":21.0,"gold_loss":75.0,"damage_taken":0.0},{"damage_healed":0.0,"max_hp_gain":0.0,"max_hp_loss":0.0,"gold_gain":0.0,"event_name":"Ghosts","player_choice":"Ignored","floor":28.0,"gold_loss":0.0,"damage_taken":0.0},{"cards_removed":["Backflip"],"damage_healed":0.0,"max_hp_gain":0.0,"max_hp_loss":0.0,"gold_gain":0.0,"event_name":"Falling","player_choice":"Removed Skill","floor":36.0,"gold_loss":0.0,"damage_taken":0.0},{"damage_healed":0,"gold_gain":0,"player_choice":"Copied","damage_taken":0,"max_hp_gain":0,"max_hp_loss":0,"event_name":"Duplicator","floor":47,"gold_loss":0,"cards_obtained":["Dramatic Entrance"]}],"is_beta":true,"boss_relics":[{"not_picked":["Black Star","Pandora\u0027s Box"],"picked":"Philosopher\u0027s Stone"},{"not_picked":["Empty Cage","Runic Dome"],"picked":"Eternal Feather"}],"items_purged_floors":[30],"is_endless":false,"potions_floor_spawned":[1,10,12,14,20,24,29,35,39,41,48],"ascension_level":12}