{"gold_per_floor":[117,128,128,144,144,169,169,202,225,225,255,268,286,110,110,186,186,202,221,237,512,512],"floor_reached":22,"playtime":1109,"items_purged":[],"score":412,"play_id":"627158f7-06ea-4d6b-9521-9e89f8064694","local_time":"20190526015043","is_ascension_mode":true,"campfire_choices":[{"floor":7,"key":"RECALL"},{"floor":10,"key":"REST"},{"floor":15,"key":"REST"}],"neow_cost":"PERCENT_DAMAGE","seed_source_timestamp":294369095322087,"circlet_count":0,"master_deck":["AscendersBane","Strike_R","Strike_R","Strike_R","Strike_R","Strike_R","Defend_R","Defend_R","Defend_R","Defend_R","Bash","Flash of Steel","Dramatic Entrance","Wild Strike","Heavy Blade","Heavy Blade","Metallicize","Corruption","Seeing Red","Shrug It Off","Demon Form","Iron Wave","Demon Form","Sword Boomerang","Heavy Blade","Regret"],"relics":["Burning Blood","Happy Flower","Bag of Marbles","Bronze Scales","Potion Belt","Cursed Key"],"potions_floor_usage":[2,6,6,11,11,19,22],"damage_taken":[{"damage":12,"enemies":"Small Slimes","floor":1,"turns":2},{"damage":0,"enemies":"Cultist","floor":2,"turns":2},{"damage":2,"enemies":"Jaw Worm","floor":4,"turns":3},{"damage":20,"enemies":"Lagavulin","floor":6,"turns":5},{"damage":31,"enemies":"Gremlin Nob","floor":8,"turns":4},{"damage":24,"enemies":"Lagavulin","floor":11,"turns":7},{"damage":3,"enemies":"Blue Slaver","floor":12,"turns":2},{"damage":1,"enemies":"Lots of Slimes","floor":13,"turns":3},{"damage":55,"enemies":"Hexaghost","floor":16,"turns":8},{"damage":4,"enemies":"3 Byrds","floor":18,"turns":2},{"damage":29,"enemies":"2 Thieves","floor":19,"turns":4},{"damage":32,"enemies":"Centurion and Healer","floor":20,"turns":4},{"damage":20,"enemies":"Cultist and Chosen","floor":22,"turns":5}],"seed_played":"2599128778950532822","potions_obtained":[{"floor":1,"key":"GamblersBrew"},{"floor":2,"key":"Weak Potion"},{"floor":4,"key":"FearPotion"},{"floor":6,"key":"EntropicBrew"},{"floor":18,"key":"Fruit Juice"}],"is_trial":false,"path_per_floor":["M","M","?","M","?","E","R","E","T","R","E","M","M","$","R","B",null,"M","M","M","?","M"],"character_chosen":"IRONCLAD","items_purchased":["Demon Form","Iron Wave"],"campfire_rested":2,"item_purchase_floors":[14,14],"current_hp_per_floor":[44,50,75,75,75,61,61,36,36,58,40,43,48,48,70,21,62,64,46,20,20,0],"gold":512,"neow_bonus":"RANDOM_COLORLESS_2","is_prod":false,"is_daily":false,"chose_seed":false,"campfire_upgraded":0,"win_rate":0,"timestamp":1558824643,"path_taken":["M","M","?","?","?","E","R","E","T","R","E","M","M","$","R","BOSS","M","M","M","?","?"],"build_version":"2019-01-23","purchased_purges":0,"victory":false,"max_hp_per_floor":[75,75,75,75,75,75,75,75,75,75,75,75,75,75,75,75,75,75,80,80,80,80],"card_choices":[{"not_picked":["Bloodletting","Dual Wield"],"picked":"Wild Strike","floor":1},{"not_picked":["Rupture","True Grit"],"picked":"Fire Breathing","floor":2},{"not_picked":["Burning Pact","Clash"],"picked":"Heavy Blade","floor":4},{"not_picked":["Shockwave","Cleave"],"picked":"Heavy Blade","floor":6},{"not_picked":["Flame Barrier","Heavy Blade"],"picked":"Metallicize","floor":8},{"not_picked":["Shockwave","Rupture"],"picked":"Corruption","floor":11},{"not_picked":["Body Slam","Clothesline"],"picked":"Seeing Red","floor":12},{"not_picked":["Entrench","Armaments"],"picked":"Shrug It Off","floor":13},{"not_picked":["Berserk","Exhume"],"picked":"Demon Form","floor":16},{"not_picked":["Battle Trance","Twin Strike"],"picked":"Sword Boomerang","floor":18},{"not_picked":["Havoc","Sever Soul","Rupture"],"picked":"SKIP","floor":19},{"not_picked":["Headbutt","Flame Barrier"],"picked":"Heavy Blade","floor":20}],"player_experience":518766,"relics_obtained":[{"floor":6,"key":"Happy Flower"},{"floor":8,"key":"Bag of Marbles"},{"floor":9,"key":"Bronze Scales"},{"floor":11,"key":"Potion Belt"}],"event_choices":[{"cards_removed":["Fire Breathing"],"damage_healed":25,"gold_gain":0,"player_choice":"Offered Uncommon","damage_taken":0,"max_hp_gain":0,"max_hp_loss":0,"event_name":"Bonfire Elementals","floor":3,"gold_loss":0},{"damage_healed":0,"gold_gain":0,"player_choice":"Leave","damage_taken":0,"max_hp_gain":0,"max_hp_loss":0,"event_name":"The Cleric","floor":5,"gold_loss":0},{"damage_healed":0,"gold_gain":275,"player_choice":"Desecrate","damage_taken":0,"max_hp_gain":0,"max_hp_loss":0,"event_name":"Golden Shrine","floor":21,"gold_loss":0,"cards_obtained":["Regret"]}],"is_beta":false,"boss_relics":[{"not_picked":["Philosopher\u0027s Stone","Tiny House"],"picked":"Cursed Key"}],"items_purged_floors":[],"is_endless":false,"potions_floor_spawned":[1,2,4,6,18],"killed_by":"Cultist and Chosen","ascension_level":20}