{"path_per_floor":["M","M","M","?","?","R","E","M","T","R","E","M","M","M","R","B",null,"M","M","M","$","?","R","E","R","T"],"character_chosen":"THE_SILENT","items_purchased":["Magnetism","Bottled Tornado"],"gold_per_floor":[116,135,148,223,188,188,223,242,242,242,271,287,303,314,314,417,417,429,444,455,20,20,20,352,352,352,352],"floor_reached":27,"campfire_rested":3,"playtime":2584,"item_purchase_floors":[21,21],"current_hp_per_floor":[70,70,70,59,70,70,36,27,27,48,30,30,29,18,39,21,70,50,50,43,43,43,43,17,31,31,0],"items_purged":[],"gold":352,"score":270,"play_id":"997651e6-21d7-4212-8af4-e5b3431c008a","local_time":"20180606012511","is_prod":false,"is_daily":false,"chose_seed":false,"is_ascension_mode":false,"campfire_upgraded":2,"win_rate":0.0,"timestamp":1528241111,"campfire_choices":[{"data":"Skewer","floor":6,"key":"SMITH"},{"floor":10,"key":"REST"},{"floor":15,"key":"REST"},{"data":"Magnetism","floor":23,"key":"SMITH"},{"floor":25,"key":"REST"}],"path_taken":["M","M","M","?","?","R","E","M","T","R","E","M","M","M","R","BOSS","M","?","M","$","?","R","E","R","T","M"],"build_version":"2018-05-31","seed_source_timestamp":28918916497189,"purchased_purges":0,"victory":false,"master_deck":["Defend_G","Defend_G","Defend_G","Defend_G","Defend_G","Survivor","Neutralize","Skewer+1","Expertise","Prepared","Well Laid Plans","Caltrops","Calculated Gamble","Poisoned Stab","Accuracy","Terror","Tactician","Skewer+1","Backstab+1","Dagger Spray+1","Magnetism+1","Bite","Bite","Bite","Bite","Bite","Cloak And Dagger"],"max_hp_per_floor":[70,70,70,70,70,70,70,70,70,70,70,70,70,70,70,70,70,70,70,70,70,49,49,49,49,49,49],"relics":["Ring of the Snake","NeowsBlessing","Boot","Happy Flower","Toolbox","White Beast Statue","Bottled Tornado","Old Coin","Mercury Hourglass"],"card_choices":[{"not_picked":["Dodge and Roll","Backflip"],"picked":"Skewer","floor":1},{"not_picked":["Malaise","Poisoned Stab"],"picked":"Expertise","floor":2},{"not_picked":["Blade Dance","Backflip"],"picked":"Prepared","floor":3},{"not_picked":["Dodge and Roll","Malaise"],"picked":"Well Laid Plans","floor":7},{"not_picked":["Poisoned Stab","Deadly Poison"],"picked":"Caltrops","floor":8},{"not_picked":["Reflex","Outmaneuver"],"picked":"Calculated Gamble","floor":11},{"not_picked":["Bane","Eviscerate"],"picked":"Poisoned Stab","floor":12},{"not_picked":["Dagger Throw","Heel Hook"],"picked":"Accuracy","floor":13},{"not_picked":["Bane","Underhanded Strike"],"picked":"Terror","floor":14},{"not_picked":["Unload","A Thousand Cuts"],"picked":"Tactician","floor":16},{"not_picked":["Deadly Poison+1","Flying Knee"],"picked":"Skewer+1","floor":18},{"not_picked":["Quick Slash+1","Bane+1"],"picked":"Backstab+1","floor":19},{"not_picked":["Deadly Poison","Cloak And Dagger+1"],"picked":"Dagger Spray+1","floor":20},{"not_picked":["Flechettes","Masterful Stab"],"picked":"Cloak And Dagger","floor":24}],"player_experience":76933,"potions_floor_usage":[7,11,16,18,20,24,24,27],"damage_taken":[{"damage":0,"enemies":"Cultist","floor":1,"turns":1},{"damage":0,"enemies":"Jaw Worm","floor":2,"turns":1},{"damage":0,"enemies":"2 Louse","floor":3,"turns":1},{"damage":34,"enemies":"3 Sentries","floor":7,"turns":9},{"damage":9,"enemies":"2 Fungi Beasts","floor":8,"turns":3},{"damage":18,"enemies":"Lagavulin","floor":11,"turns":5},{"damage":0,"enemies":"Large Slime","floor":12,"turns":4},{"damage":5,"enemies":"3 Louse","floor":13,"turns":3},{"damage":11,"enemies":"Gremlin Gang","floor":14,"turns":4},{"damage":18,"enemies":"The Guardian","floor":16,"turns":9},{"damage":20,"enemies":"Shell Parasite","floor":18,"turns":4},{"damage":0,"enemies":"Chosen","floor":19,"turns":4},{"damage":7,"enemies":"Snecko","floor":20,"turns":3},{"damage":28,"enemies":"Slavers","floor":24,"turns":6},{"damage":41,"enemies":"Slaver and Parasite","floor":27,"turns":4}],"relics_obtained":[{"floor":7,"key":"Boot"},{"floor":9,"key":"Happy Flower"},{"floor":11,"key":"Toolbox"},{"floor":24,"key":"Old Coin"},{"floor":26,"key":"Mercury Hourglass"}],"event_choices":[{"event_name":"World of Goop","player_choice":"Gather Gold","floor":4,"damage_taken":0},{"event_name":"The Cleric","player_choice":"Healed","floor":5,"damage_taken":0},{"event_name":"Vampires","player_choice":"Became a vampire","floor":22,"damage_taken":0}],"boss_relics":[{"not_picked":["Calling Bell","Orrery"],"picked":"White Beast Statue"}],"items_purged_floors":[],"potions_floor_spawned":[1,7,8,16,18,19,20,24],"seed_played":"-3731535045534258319","killed_by":"Slaver and Parasite","ascension_level":0,"potions_obtained":[{"floor":1,"key":"Dexterity Potion"},{"floor":7,"key":"SpeedPotion"},{"floor":8,"key":"Strength Potion"},{"floor":16,"key":"Energy Potion"},{"floor":18,"key":"Swift Potion"},{"floor":19,"key":"Poison Potion"},{"floor":20,"key":"FearPotion"},{"floor":24,"key":"Strength Potion"}],"is_trial":false}