{"gold_per_floor":[110,124,124,139,214,245,144,144,168,182,192,204,222,233,233,329,329,340,17,17,17,37,37,63,63],"floor_reached":25,"playtime":1066,"items_purged":["Strike_G","Strike_G"],"score":281,"play_id":"3f36d307-dad6-4f89-bb0b-a1fdd3c51d29","local_time":"20190323135340","is_ascension_mode":true,"campfire_choices":[{"floor":15,"key":"REST"},{"floor":23,"key":"REST"}],"neow_cost":"NONE","seed_source_timestamp":59863675647516,"circlet_count":0,"master_deck":["Defend_G","Defend_G","Defend_G","Defend_G","Defend_G","Strike_G","Strike_G","Strike_G","Survivor","Neutralize","Dagger Spray","Bane","Quick Slash","Bouncing Flask","Poisoned Stab","Backflip","Backstab","Cloak And Dagger","After Image","Backstab","Footwork"],"relics":["Ring of the Snake","Centennial Puzzle","Regal Pillow","Bronze Scales","Snake Skull","WristBlade","Orichalcum","Toxic Egg 2","Pen Nib"],"potions_floor_usage":[6,12,14,16,16,16,24],"damage_taken":[{"damage":0,"enemies":"Cultist","floor":1,"turns":3},{"damage":6,"enemies":"2 Louse","floor":2,"turns":2},{"damage":0,"enemies":"Jaw Worm","floor":4,"turns":3},{"damage":12,"enemies":"3 Sentries","floor":6,"turns":9},{"damage":7,"enemies":"3 Louse","floor":10,"turns":3},{"damage":11,"enemies":"Exordium Thugs","floor":11,"turns":2},{"damage":0,"enemies":"Exordium Wildlife","floor":12,"turns":3},{"damage":1,"enemies":"2 Fungi Beasts","floor":13,"turns":2},{"damage":0,"enemies":"Exordium Thugs","floor":14,"turns":3},{"damage":30,"enemies":"Slime Boss","floor":16,"turns":12},{"damage":25,"enemies":"2 Thieves","floor":18,"turns":4},{"damage":7,"enemies":"3 Byrds","floor":22,"turns":2},{"damage":29,"enemies":"Book of Stabbing","floor":24,"turns":4},{"damage":22,"enemies":"Centurion and Healer","floor":25,"turns":4}],"seed_played":"3394290722928242027","potions_obtained":[{"floor":1,"key":"Dexterity Potion"},{"floor":4,"key":"Poison Potion"},{"floor":11,"key":"PowerPotion"},{"floor":13,"key":"EntropicBrew"},{"floor":16,"key":"Poison Potion"}],"is_trial":false,"path_per_floor":["M","M","?","M","?","E","$","?","T","M","M","M","M","M","R","B",null,"M","$","?","?","M","R","E","M"],"character_chosen":"THE_SILENT","items_purchased":["Backflip","Orichalcum","Backstab"],"campfire_rested":2,"item_purchase_floors":[7,19,19],"current_hp_per_floor":[70,64,46,46,35,23,23,23,23,16,5,5,4,4,40,25,59,34,34,21,21,14,51,22,0],"gold":63,"neow_bonus":"THREE_CARDS","is_prod":false,"is_daily":false,"chose_seed":false,"campfire_upgraded":0,"win_rate":0,"timestamp":1553374420,"path_taken":["M","M","?","M","?","E","?","?","T","M","M","?","M","M","R","BOSS","M","$","?","?","M","R","E","M"],"build_version":"2019-01-23","purchased_purges":2,"victory":false,"max_hp_per_floor":[70,70,70,70,70,70,70,70,70,70,70,70,70,70,70,70,70,70,70,75,75,75,75,75,75],"card_choices":[{"not_picked":["Underhanded Strike","Infinite Blades"],"picked":"Dagger Spray","floor":0},{"not_picked":["Expertise","Accuracy"],"picked":"Bane","floor":1},{"not_picked":["Sucker Punch","PiercingWail"],"picked":"Quick Slash","floor":2},{"not_picked":["Deadly Poison","Acrobatics"],"picked":"Bouncing Flask","floor":4},{"not_picked":["Prepared","Outmaneuver"],"picked":"Poisoned Stab","floor":6},{"not_picked":["Endless Agony","Sucker Punch"],"picked":"Backstab","floor":10},{"not_picked":["Endless Agony","Acrobatics","Infinite Blades"],"picked":"SKIP","floor":11},{"not_picked":["Deadly Poison","Flechettes","Blade Dance"],"picked":"SKIP","floor":12},{"not_picked":["After Image","Blade Dance"],"picked":"Cloak And Dagger","floor":13},{"not_picked":["Blade Dance","Prepared","Skewer"],"picked":"SKIP","floor":14},{"not_picked":["Venomology","Storm of Steel"],"picked":"After Image","floor":16},{"not_picked":["Prepared+1","Skewer","PiercingWail"],"picked":"SKIP","floor":18},{"not_picked":["Dagger Throw+1","Flying Knee+1","Underhanded Strike+1"],"picked":"SKIP","floor":22},{"not_picked":["Quick Slash","Deflect+1"],"picked":"Footwork","floor":24}],"player_experience":220840,"relics_obtained":[{"floor":6,"key":"Regal Pillow"},{"floor":9,"key":"Snake Skull"},{"floor":24,"key":"Pen Nib"}],"event_choices":[{"damage_healed":0,"gold_gain":0,"player_choice":"Success","damage_taken":18,"relics_obtained":["Centennial Puzzle"],"max_hp_gain":0,"max_hp_loss":0,"event_name":"Scrap Ooze","floor":3,"gold_loss":0},{"damage_healed":0,"gold_gain":75,"player_choice":"Gather Gold","damage_taken":11,"max_hp_gain":0,"max_hp_loss":0,"event_name":"World of Goop","floor":5,"gold_loss":0},{"damage_healed":0,"gold_gain":0,"player_choice":"Gave Potion","damage_taken":0,"relics_obtained":["Bronze Scales"],"max_hp_gain":0,"max_hp_loss":0,"event_name":"WeMeetAgain","floor":8,"gold_loss":0},{"damage_healed":0,"gold_gain":0,"player_choice":"Shed Blood","damage_taken":18,"max_hp_gain":5,"max_hp_loss":0,"event_name":"Forgotten Altar","floor":20,"gold_loss":0},{"damage_healed":0,"gold_gain":0,"player_choice":"Opened","damage_taken":0,"relics_obtained":["Toxic Egg 2"],"max_hp_gain":0,"max_hp_loss":0,"event_name":"The Mausoleum","floor":21,"gold_loss":0}],"is_beta":false,"boss_relics":[{"not_picked":["Cursed Key","Velvet Choker"],"picked":"WristBlade"}],"items_purged_floors":[7,19],"is_endless":false,"potions_floor_spawned":[1,4,11,13,14,16],"killed_by":"Centurion and Healer","ascension_level":5}