{"gold_per_floor":[115,126,76,251,29,57,57,82,82,100,114,124,124,142,142,240,240,254,288,301,226,226,226,256,267,267,267],"floor_reached":27,"playtime":2880,"items_purged":["Doubt"],"score":243,"play_id":"11a1c92f-112d-4400-b15f-642f6028ece8","local_time":"20190526190722","is_ascension_mode":false,"campfire_choices":[{"data":"Whirlwind","floor":7,"key":"SMITH"},{"data":"Inflame","floor":13,"key":"SMITH"},{"data":"Armaments","floor":15,"key":"SMITH"},{"data":"Demon Form","floor":23,"key":"SMITH"}],"neow_cost":"PERCENT_DAMAGE","seed_source_timestamp":251416197337664,"circlet_count":0,"master_deck":["Strike_R","Strike_R","Defend_R","Defend_R","Defend_R","Bash","Whirlwind+1","Iron Wave","Barricade","Armaments+1","Inflame+1","Thunderclap","Demon Form+1","Ghostly Armor","Shame"],"relics":["Burning Blood","Bag of Marbles","Charon\u0027s Ashes","Pocketwatch","Darkstone Periapt","Black Star","Red Mask","Bag of Preparation","Kunai","Orichalcum","Toxic Egg 2"],"potions_floor_usage":[10,16,16,19],"damage_taken":[{"damage":1,"enemies":"Cultist","floor":1,"turns":4},{"damage":1,"enemies":"2 Louse","floor":2,"turns":2},{"damage":53,"enemies":"Lagavulin","floor":6,"turns":8},{"damage":9,"enemies":"Gremlin Nob","floor":8,"turns":4},{"damage":0,"enemies":"Jaw Worm","floor":10,"turns":4},{"damage":0,"enemies":"Lots of Slimes","floor":11,"turns":1},{"damage":0,"enemies":"Looter","floor":12,"turns":4},{"damage":0,"enemies":"Large Slime","floor":14,"turns":3},{"damage":40,"enemies":"Hexaghost","floor":16,"turns":9},{"damage":44,"enemies":"Spheric Guardian","floor":18,"turns":8},{"damage":9,"enemies":"Masked Bandits","floor":19,"turns":3},{"damage":0,"enemies":"3 Byrds","floor":20,"turns":3},{"damage":34,"enemies":"Gremlin Leader","floor":24,"turns":5},{"damage":9,"enemies":"Snecko","floor":25,"turns":4},{"damage":20,"enemies":"Colosseum Slavers","floor":27,"turns":5}],"seed_played":"4019578989971802131","potions_obtained":[{"floor":6,"key":"Poison Potion"},{"floor":8,"key":"BloodPotion"},{"floor":11,"key":"Poison Potion"},{"floor":16,"key":"Energy Potion"}],"is_trial":false,"path_per_floor":["M","M","?","?","$","E","R","E","T","M","M","M","R","M","R","B",null,"M","?","M","?","?","R","E","M","T","?"],"character_chosen":"IRONCLAD","items_purchased":["Bag of Marbles"],"campfire_rested":0,"item_purchase_floors":[5],"current_hp_per_floor":[61,66,66,66,66,19,19,16,16,30,36,42,42,48,48,14,80,42,39,45,45,51,51,23,20,20,0],"gold":267,"neow_bonus":"REMOVE_TWO","is_prod":false,"is_daily":false,"chose_seed":false,"campfire_upgraded":4,"win_rate":0.0,"timestamp":1558890442,"path_taken":["M","M","?","?","?","E","R","E","T","M","M","?","R","M","R","BOSS","M","?","M","?","?","R","E","M","T","?"],"build_version":"2019-01-23","purchased_purges":1,"victory":false,"max_hp_per_floor":[80,80,80,80,80,80,80,80,80,80,80,80,80,80,80,80,80,80,80,80,80,86,86,86,86,86,86],"card_choices":[{"not_picked":["Flex","Entrench"],"picked":"Whirlwind","floor":1},{"not_picked":["True Grit","Bloodletting"],"picked":"Iron Wave","floor":2},{"not_picked":["Warcry","Pommel Strike"],"picked":"Barricade","floor":6},{"not_picked":["Body Slam","Flex"],"picked":"Armaments","floor":8},{"not_picked":["Shrug It Off","Thunderclap","Headbutt"],"picked":"SKIP","floor":10},{"not_picked":["Body Slam","Shrug It Off","Cleave"],"picked":"SKIP","floor":11},{"not_picked":["Double Tap","Warcry"],"picked":"Inflame","floor":12},{"not_picked":["Iron Wave","Infernal Blade"],"picked":"Thunderclap","floor":14},{"not_picked":["Brutality","Dark Embrace"],"picked":"Demon Form","floor":16},{"not_picked":["Corruption+1","Flex"],"picked":"Ghostly Armor","floor":18},{"not_picked":["Body Slam+1","Second Wind+1","Corruption"],"picked":"SKIP","floor":20},{"not_picked":["Rupture","True Grit","Body Slam"],"picked":"SKIP","floor":24},{"not_picked":["Sword Boomerang","Anger","Dual Wield"],"picked":"SKIP","floor":25}],"player_experience":3969,"relics_obtained":[{"floor":6,"key":"Charon\u0027s Ashes"},{"floor":8,"key":"Pocketwatch"},{"floor":9,"key":"Darkstone Periapt"},{"floor":19,"key":"Red Mask"},{"floor":24,"key":"Kunai"},{"floor":24,"key":"Orichalcum"},{"floor":26,"key":"Toxic Egg 2"}],"event_choices":[{"cards_removed":["Strike_R"],"damage_healed":0,"gold_gain":0,"player_choice":"Card Removal","damage_taken":0,"max_hp_gain":0,"max_hp_loss":0,"event_name":"The Cleric","floor":3,"gold_loss":50},{"damage_healed":0,"gold_gain":175,"player_choice":"AGREE","damage_taken":0,"max_hp_gain":0,"max_hp_loss":0,"event_name":"Liars Game","floor":4,"gold_loss":0,"cards_obtained":["Doubt"]},{"damage_healed":0,"gold_gain":0,"player_choice":"Fought Bandits","damage_taken":0,"max_hp_gain":0,"max_hp_loss":0,"event_name":"Masked Bandits","floor":19,"gold_loss":0},{"cards_removed":["Strike_R"],"damage_healed":0,"gold_gain":0,"player_choice":"Gave Gold","damage_taken":0,"max_hp_gain":0,"max_hp_loss":0,"event_name":"Beggar","floor":21,"gold_loss":75},{"damage_healed":0,"gold_gain":0,"player_choice":"Stole Relic","damage_taken":0,"relics_obtained":["Bag of Preparation"],"max_hp_gain":0,"max_hp_loss":0,"event_name":"Addict","floor":22,"gold_loss":0,"cards_obtained":["Shame"]},{"damage_healed":0,"gold_gain":0,"player_choice":"Fight","damage_taken":0,"max_hp_gain":0,"max_hp_loss":0,"event_name":"Colosseum","floor":27,"gold_loss":0}],"is_beta":false,"boss_relics":[{"not_picked":["Black Blood","Velvet Choker"],"picked":"Black Star"}],"items_purged_floors":[5],"is_endless":false,"potions_floor_spawned":[6,8,11,16],"killed_by":"Colosseum Slavers","ascension_level":0}