{"gold_per_floor":[115,13,31,31,48,48,58,88,88,101,101],"floor_reached":11,"playtime":604,"items_purged":[],"score":150,"play_id":"1c82cf7f-9b45-490b-845d-bcfdbb5e69b6","local_time":"20190524201011","is_ascension_mode":true,"campfire_choices":[{"data":"Skewer","floor":6,"key":"SMITH"}],"neow_cost":"NONE","seed_source_timestamp":25382594586000,"circlet_count":0,"master_deck":["AscendersBane","Defend_G","Defend_G","Defend_G","Defend_G","Defend_G","Strike_G","Strike_G","Strike_G","Strike_G","Survivor","Neutralize+1","Crippling Poison","Poisoned Stab","Noxious Fumes","Bane","Skewer+1","Die Die Die","Deadly Poison"],"special_seed":0,"relics":["Ring of the Snake","The Courier","Darkstone Periapt"],"potions_floor_usage":[],"damage_taken":[{"damage":8,"enemies":"Small Slimes","floor":1,"turns":5},{"damage":3,"enemies":"Cultist","floor":3,"turns":4},{"damage":0,"enemies":"2 Louse","floor":5,"turns":3},{"damage":2,"enemies":"Red Slaver","floor":7,"turns":4},{"damage":26,"enemies":"Gremlin Nob","floor":8,"turns":4},{"damage":6,"enemies":"Exordium Thugs","floor":10,"turns":4},{"damage":19,"enemies":"3 Sentries","floor":11,"turns":2}],"seed_played":"-4770924832366899625","potions_obtained":[{"floor":10,"key":"Ancient Potion"}],"is_trial":false,"path_per_floor":["M","$","M","?","M","R","M","E","T","M","E"],"character_chosen":"THE_SILENT","items_purchased":["Poisoned Stab","Noxious Fumes"],"campfire_rested":0,"item_purchase_floors":[2,2],"current_hp_per_floor":[51,51,48,48,48,48,46,20,20,14,0],"gold":101,"neow_bonus":"UPGRADE_CARD","is_prod":false,"is_daily":false,"chose_seed":false,"campfire_upgraded":1,"win_rate":0,"timestamp":1558753811,"path_taken":["M","$","M","?","M","R","M","E","T","M","E"],"build_version":"2019-01-23","purchased_purges":0,"victory":false,"max_hp_per_floor":[66,66,66,66,66,66,66,66,66,66,66],"card_choices":[{"not_picked":["Slice","Deflect"],"picked":"Crippling Poison","floor":1},{"not_picked":["Caltrops","Accuracy"],"picked":"Bane","floor":3},{"not_picked":["Poisoned Stab","Backstab"],"picked":"Skewer","floor":5},{"not_picked":["Prepared","Masterful Stab","Acrobatics"],"picked":"SKIP","floor":7},{"not_picked":["Blade Dance","Backflip"],"picked":"Die Die Die","floor":8},{"not_picked":["Quick Slash","Poisoned Stab"],"picked":"Deadly Poison","floor":10}],"player_experience":1443118,"relics_obtained":[{"floor":8,"key":"The Courier"},{"floor":9,"key":"Darkstone Periapt"}],"event_choices":[{"cards_removed":["Strike_G"],"damage_healed":0,"gold_gain":0,"player_choice":"Offered Basic","damage_taken":0,"max_hp_gain":0,"max_hp_loss":0,"event_name":"Bonfire Elementals","floor":4,"gold_loss":0}],"is_beta":false,"boss_relics":[],"items_purged_floors":[],"is_endless":false,"potions_floor_spawned":[10],"killed_by":"3 Sentries","ascension_level":20}