{"gold_per_floor":[212,311,322,436,452,485,485,503,503,529,529,559,594,614,614,707,807,816,374,374,239,239,239,294,294,294,334,471,516,516,536,536,625,675,707,737,737,498,522,522,634,634,659,702,822,822,861,876,876,878],"floor_reached":51,"playtime":4692,"items_purged":["Strike_G"],"score":1326,"play_id":"43cd953e-ca92-4804-93dd-7ffda19b26a2","local_time":"20190505051618","is_ascension_mode":true,"campfire_choices":[{"floor":7.0,"key":"REST"},{"floor":15.0,"key":"REST"},{"floor":23.0,"key":"REST"},{"floor":25.0,"key":"REST"},{"floor":32.0,"key":"REST"},{"data":"After Image","floor":40.0,"key":"SMITH"},{"data":"Juggernaut","floor":42.0,"key":"SMITH"},{"floor":49,"key":"REST"}],"neow_cost":"NONE","seed_source_timestamp":0,"circlet_count":0,"master_deck":["AscendersBane","Juggernaut+1","Defend_G","Defend_G","Defend_G","Defend_G","Defend_G","Strike_G","Survivor","Neutralize","Sucker Punch+1","Riddle With Holes","Defend_G","Poisoned Stab","Dodge and Roll","Dodge and Roll","ReplayTheSpireMod:Speed Training","ReplayTheSpireMod:Speed Training","Dash","Dash","Caltrops","Backflip","Adrenaline","Slice","Juggernaut","Fluid Movement","Finesse","ReplayTheSpireMod:Tripwire+1","Deflect","Blur","Cloak And Dagger","Infinite Blades","After Image+1","Footwork","Acrobatics+1","ReplayTheSpireMod:Scrap Shanks+1","Deflect","Cloak And Dagger","Dodge and Roll+1","infinitespire:UltimateForm","infinitespire:FutureSight","After Image"],"special_seed":0,"relics":["Ring of the Snake","NeowsBlessing","Strawberry","infinitespire:EmpoweringShard","Snake Skull","Blue Candle","Bandana","Replay:Wanted Poster","DollysMirror","Gremlin Horn","Baseball","Mango","Replay:Towering Pillar of Hats","aspiration:HummingbirdHeart","Tiny House","aspiration:SupercapacitiveCoin","ReplayTheSpireMod:Lightbulb","Pocketwatch","aspiration:TomeofQuesting","hubris:Metronome","Turnip","hubris:AncientText"],"potions_floor_usage":[50],"damage_taken":[{"damage":0.0,"enemies":"Cultist","floor":1.0,"turns":1.0},{"damage":0.0,"enemies":"Jaw Worm","floor":3.0,"turns":1.0},{"damage":0.0,"enemies":"Small Slimes","floor":4.0,"turns":1.0},{"damage":4.0,"enemies":"Looter","floor":5.0,"turns":3.0},{"damage":23.0,"enemies":"3 Sentries","floor":6.0,"turns":8.0},{"damage":18.0,"enemies":"3 Louse","floor":8.0,"turns":3.0},{"damage":4.0,"enemies":"Lagavulin","floor":10.0,"turns":9.0},{"damage":11.0,"enemies":"3 Sentries","floor":12.0,"turns":8.0},{"damage":4.0,"enemies":"Gremlin Gang","floor":13.0,"turns":4.0},{"damage":3.0,"enemies":"2 Fungi Beasts","floor":14.0,"turns":4.0},{"damage":50.0,"enemies":"Fading Forest","floor":16.0,"turns":11.0},{"damage":8.0,"enemies":"2 Thieves","floor":18.0,"turns":4.0},{"damage":5.0,"enemies":"Gremlin Leader","floor":24.0,"turns":4.0},{"damage":22.0,"enemies":"Slavers","floor":27.0,"turns":6.0},{"damage":4.0,"enemies":"Chosen","floor":28.0,"turns":4.0},{"damage":14.0,"enemies":"Book of Stabbing","floor":29.0,"turns":4.0},{"damage":0.0,"enemies":"Snake Plant","floor":31.0,"turns":5.0},{"damage":11.0,"enemies":"bossMod:newChamp","floor":33.0,"turns":12.0},{"damage":0.0,"enemies":"Orb Walker","floor":35.0,"turns":3.0},{"damage":2.0,"enemies":"3 Shapes","floor":36.0,"turns":4.0},{"damage":0.0,"enemies":"Maw","floor":39.0,"turns":6.0},{"damage":1.0,"enemies":"Mind Bloom Boss Battle","floor":41.0,"turns":4.0},{"damage":2.0,"enemies":"Reptomancer","floor":44.0,"turns":3.0},{"damage":12.0,"enemies":"infinitespire:Three Voidlings","floor":45.0,"turns":3.0},{"damage":52.0,"enemies":"Nightmare_Alpha","floor":45.0,"turns":12.0},{"damage":22.0,"enemies":"Nightmare","floor":47.0,"turns":8.0},{"damage":42.0,"enemies":"Sphere and 2 Shapes","floor":48.0,"turns":4.0},{"damage":4,"enemies":"Time Eater","floor":50,"turns":7}],"seed_played":"-8096138857553525833","potions_obtained":[{"floor":6.0,"key":"FearPotion"},{"floor":12.0,"key":"Block Potion"},{"floor":13.0,"key":"Death Potion"},{"floor":16.0,"key":"PowerPotion"},{"floor":18.0,"key":"FearPotion"},{"floor":27.0,"key":"PowerPotion"},{"floor":34.0,"key":"FairyPotion"},{"floor":36.0,"key":"Strength Potion"},{"floor":48,"key":"Block Potion"}],"is_trial":false,"path_per_floor":["M","?","M","M","M","E","R","M","T","E","T","E","M","M","R","B",null,"M","$","?","$","?","R","E","R","T","E","M","E","?","M","R","B",null,"M","M","?","$","M","R","?","R","T","E","?","?","NM","M","R","B",null],"character_chosen":"THE_SILENT","items_purchased":["DollysMirror","Gremlin Horn","Fluid Movement","Finesse","aspiration:SupercapacitiveCoin","ReplayTheSpireMod:Lightbulb"],"campfire_rested":6,"item_purchase_floors":[19,19,21,21,38,38],"current_hp_per_floor":[63,63,63,63,59,43,66,48,48,44,44,33,29,26,49,7,60,52,52,52,52,38,62,57,81,95,73,69,55,55,55,83,72,95,95,93,93,93,93,93,92,92,92,90,31,88,66,24,50,46],"gold":878,"neow_bonus":"THREE_ENEMY_KILL","is_prod":false,"is_daily":false,"chose_seed":false,"campfire_upgraded":2,"win_rate":0,"timestamp":1557022578,"path_taken":["M","?","M","?","?","E","R","?","T","E","?","E","?","M","R","BOSS","M","$","?","$","?","R","E","R","T","E","M","E","?","M","R","BOSS","M","M","?","$","M","R","?","R","T","E","?","?","NM","M","R","BOSS"],"build_version":"2019-01-23","purchased_purges":1,"victory":true,"max_hp_per_floor":[70,70,70,70,70,77,77,77,77,77,77,77,77,77,77,77,77,77,77,77,77,82,82,82,82,96,96,96,96,96,96,96,96,101,101,101,101,101,101,101,101,101,101,101,101,88,88,88,88,88],"card_choices":[{"not_picked":["Footwork","Deflect"],"picked":"hubris:SlightOfHand","floor":1.0},{"not_picked":["Bane","hubris:SlightOfHand"],"picked":"Poisoned Stab","floor":3.0},{"not_picked":["Cloak And Dagger","Caltrops"],"picked":"Dodge and Roll","floor":4.0},{"not_picked":["Deflect","Backflip"],"picked":"Dodge and Roll","floor":5.0},{"not_picked":["Masterful Stab","Slice"],"picked":"ReplayTheSpireMod:Speed Training","floor":6.0},{"not_picked":["ReplayTheSpireMod:Exploit Weakness","Dagger Spray"],"picked":"ReplayTheSpireMod:Speed Training","floor":8.0},{"not_picked":["Crippling Poison","Dagger Throw"],"picked":"Dash","floor":10.0},{"not_picked":["Heel Hook","ReplayTheSpireMod:Shiv Toss"],"picked":"Dash","floor":12.0},{"not_picked":["PiercingWail","All Out Attack"],"picked":"Caltrops","floor":13.0},{"not_picked":["ReplayTheSpireMod:Tripwire","Deflect"],"picked":"Backflip","floor":14.0},{"not_picked":["Bullet Time","Storm of Steel"],"picked":"Adrenaline","floor":16.0},{"not_picked":["Quick Slash+1","Sucker Punch+1"],"picked":"Slice","floor":18.0},{"not_picked":["Dagger Spray","Flying Knee"],"picked":"ReplayTheSpireMod:Tripwire+1","floor":24.0},{"not_picked":["Prepared","hubris:Sniper"],"picked":"Deflect","floor":27.0},{"not_picked":["Cloak And Dagger","Sucker Punch"],"picked":"Blur","floor":28.0},{"not_picked":["Bullet Time","Finisher"],"picked":"Cloak And Dagger","floor":29.0},{"not_picked":["hubris:SlightOfHand","Deadly Poison"],"picked":"Infinite Blades","floor":31.0},{"not_picked":["Poison Darts","Tools of the Trade"],"picked":"After Image","floor":33.0},{"not_picked":["hubris:SlightOfHand","ReplayTheSpireMod:The Works"],"picked":"Footwork","floor":34.0},{"not_picked":["Outmaneuver+1","Poisoned Stab+1"],"picked":"Acrobatics+1","floor":35.0},{"not_picked":["Poisoned Stab+1","Flying Knee+1"],"picked":"ReplayTheSpireMod:Scrap Shanks+1","floor":36.0},{"not_picked":["Blade Dance+1","All Out Attack"],"picked":"Deflect","floor":39.0},{"not_picked":["Reflex","Leg Sweep"],"picked":"Cloak And Dagger","floor":41.0},{"not_picked":["Dagger Spray+1","hubris:SlightOfHand+1"],"picked":"Dodge and Roll+1","floor":44.0},{"not_picked":["infinitespire:Gouge","infinitespire:Menacing"],"picked":"infinitespire:UltimateForm","floor":45.0},{"not_picked":["infinitespire:Punishment","hubris:InfiniteBlow"],"picked":"infinitespire:FutureSight","floor":47.0},{"not_picked":["Caltrops","Deflect"],"picked":"After Image","floor":47.0},{"not_picked":["Underhanded Strike","Bane","Endless Agony"],"picked":"SKIP","floor":48}],"player_experience":472904,"relics_obtained":[{"floor":6.0,"key":"Strawberry"},{"floor":9.0,"key":"infinitespire:EmpoweringShard"},{"floor":10.0,"key":"Snake Skull"},{"floor":11.0,"key":"Blue Candle"},{"floor":12.0,"key":"Bandana"},{"floor":24.0,"key":"Baseball"},{"floor":26.0,"key":"Mango"},{"floor":27.0,"key":"Replay:Towering Pillar of Hats"},{"floor":29.0,"key":"aspiration:HummingbirdHeart"},{"floor":41.0,"key":"Pocketwatch"},{"floor":43.0,"key":"aspiration:TomeofQuesting"},{"floor":44.0,"key":"hubris:Metronome"},{"floor":45.0,"key":"Turnip"},{"floor":47.0,"key":"hubris:AncientText"}],"event_choices":[{"damage_healed":0.0,"max_hp_gain":0.0,"max_hp_loss":0.0,"gold_gain":0.0,"event_name":"Ghosts","player_choice":"Ignored","floor":20.0,"gold_loss":0.0,"damage_taken":0.0},{"damage_healed":0.0,"max_hp_gain":5.0,"max_hp_loss":0.0,"gold_gain":0.0,"event_name":"Forgotten Altar","player_choice":"Shed Blood","floor":22.0,"gold_loss":0.0,"damage_taken":19.0},{"cards_removed":["Strike_G"],"damage_healed":0.0,"max_hp_gain":0.0,"max_hp_loss":0.0,"gold_gain":0.0,"event_name":"Bonfire Elementals","player_choice":"Offered Basic","floor":30.0,"gold_loss":0.0,"damage_taken":0.0},{"damage_healed":0.0,"max_hp_gain":0.0,"max_hp_loss":0.0,"gold_gain":0.0,"event_name":"SensoryStone","player_choice":"Memory 1","floor":37.0,"gold_loss":0.0,"damage_taken":0.0},{"damage_healed":0.0,"max_hp_gain":0.0,"max_hp_loss":0.0,"gold_gain":0.0,"event_name":"MindBloom","player_choice":"Fight","floor":41.0,"gold_loss":0.0,"damage_taken":0.0},{"damage_healed":88.0,"max_hp_gain":0.0,"max_hp_loss":13.0,"gold_gain":0.0,"event_name":"The Moai Head","player_choice":"Heal","floor":46.0,"gold_loss":0.0,"damage_taken":0.0}],"is_beta":false,"boss_relics":[{"not_picked":["Busted Crown","hubris:BlackHole"],"picked":"Replay:Wanted Poster"},{"not_picked":["Astrolabe","Kintsugi"],"picked":"Tiny House"}],"items_purged_floors":[38],"is_endless":false,"potions_floor_spawned":[6,12,13,16,18,27,36,41,48],"ascension_level":13}