{"path_per_floor":["M","$","?","?","M","E","$","?","T","?","E","R","M","E","R","B",null,"M","$","M","$","?","R","E","M","T","M"],"character_chosen":"THE_SILENT","items_purchased":["Noxious Fumes","Flying Knee","Backflip","Footwork"],"gold_per_floor":[114,33,33,108,126,159,105,105,105,105,137,137,157,190,190,288,288,305,178,191,154,154,154,215,230,257,270],"floor_reached":28,"campfire_rested":2,"playtime":1872,"current_hp_per_floor":[70,70,58,47,47,57,57,57,57,50,50,50,50,27,51,12,80,42,42,48,48,48,72,49,45,45,15],"items_purged":["Strike_G"],"gold":270,"score":279,"play_id":"f6701705-3a3e-41d6-b734-22289a622848","is_prod":false,"is_daily":false,"is_ascension_mode":false,"campfire_upgraded":1,"path_taken":["M","$","?","?","?","E","?","?","T","?","E","R","M","E","R","BOSS","M","$","M","$","?","R","E","M","T","M","E"],"build_version":"2018-02-22-PROD2","purchased_purges":4,"victory":false,"master_deck":["Defend_G","Defend_G","Defend_G","Defend_G","Defend_G","Strike_G","Strike_G","Strike_G","Strike_G","Survivor","Neutralize","Well Laid Plans","Noxious Fumes+1","Dagger Spray","Backflip","Flying Knee","Mind Blast","Grand Finale","Bane","After Image","Die Die Die","Dagger Spray","Backflip","Backstab+1","Footwork","Doppelganger","Deadly Poison","Poisoned Stab+1"],"max_hp_per_floor":[70,70,70,70,70,80,80,80,80,80,80,80,80,80,80,80,80,80,80,80,80,80,80,80,80,80,80],"relics":["Ring of the Snake","NeowsBlessing","Frozen Eye","Pear","Letter Opener","Unceasing Top","Bird Faced Urn","Black Star","Happy Flower","Tiny Chest","Snake Skull"],"card_choices":[{"not_picked":["Dagger Spray","Bouncing Flask"],"picked":"Well Laid Plans"},{"not_picked":["Quick Slash","Poisoned Stab"],"picked":"Dagger Spray"},{"not_picked":["Finisher","Dodge and Roll"],"picked":"Backflip"},{"not_picked":["Bane","Acrobatics"],"picked":"Grand Finale"},{"not_picked":["Dodge and Roll","Well Laid Plans"],"picked":"Bane"},{"not_picked":["PiercingWail","Bullet Time"],"picked":"After Image"},{"not_picked":["Wraith Form","Unload"],"picked":"Die Die Die"},{"not_picked":["Underhanded Strike","Dodge and Roll"],"picked":"Dagger Spray"},{"not_picked":["PiercingWail","Dagger Throw"],"picked":"Backstab"},{"not_picked":["Grand Finale","Malaise"],"picked":"Doppelganger"},{"not_picked":["Slice","Eviscerate"],"picked":"Deadly Poison"},{"not_picked":["Slice","Concentrate"],"picked":"Poisoned Stab"}],"player_experience":115751,"potions_floor_usage":[25,28],"damage_taken":[{"damage":0.0,"enemies":"Jaw Worm","floor":1.0,"turns":1.0},{"damage":0.0,"enemies":"Small Slimes","floor":5.0,"turns":1.0},{"damage":0.0,"enemies":"Lagavulin","floor":6.0,"turns":1.0},{"damage":15.0,"enemies":"3 Sentries","floor":11.0,"turns":7.0},{"damage":0.0,"enemies":"2 Louse","floor":13.0,"turns":2.0},{"damage":23.0,"enemies":"Lagavulin","floor":14.0,"turns":6.0},{"damage":45.0,"enemies":"Slime Boss","floor":16.0,"turns":11.0},{"damage":40.0,"enemies":"Spheric Guardian","floor":18.0,"turns":8.0},{"damage":0.0,"enemies":"3 Byrds","floor":20.0,"turns":4.0},{"damage":31.0,"enemies":"Book of Stabbing","floor":24.0,"turns":7.0},{"damage":12,"enemies":"Centurion and Healer","floor":25,"turns":6},{"damage":38,"enemies":"Snake Plant","floor":27,"turns":6},{"damage":20,"enemies":"Slavers","floor":28,"turns":2}],"event_choices":[{"event_name":"Scrap Ooze","player_choice":"success","floor":3.0,"damage_taken":12.0},{"event_name":"World of Goop","player_choice":"Gather Gold","floor":4.0,"damage_taken":0.0},{"event_name":"Match and Keep!","player_choice":"2 cards matched","floor":8.0,"damage_taken":0.0},{"event_name":"Golden Wing","player_choice":"Card Removal","floor":10.0,"damage_taken":0.0},{"event_name":"Cursed Tome","player_choice":"Ignored","floor":22.0,"damage_taken":0.0}],"boss_relics":[],"potions_floor_spawned":[5,16,24],"seed_played":"-1137388443620911827","killed_by":"Slavers","ascension_level":0,"is_trial":false}