{"path_per_floor":["M","?","?","T","?","E","R","E","T","E","R","M","?","M","R","B",null,"M","M","?","M","?","E","?","R","T","M","R","M","T","E","R"],"character_chosen":"DEFECT","items_purchased":[],"gold_per_floor":[114,114,64,89,119,152,152,179,205,236,236,247,322,336,336,434,434,434,434,384,384,384,384,384,384,384,384,384,384,384,384,384,384],"floor_reached":33,"campfire_rested":6,"playtime":2300,"current_hp_per_floor":[74,74,74,74,71,42,64,26,26,7,29,31,20,22,44,22,75,75,65,65,66,66,16,16,38,38,11,33,30,30,20,42,0],"items_purged":[],"gold":384,"score":341,"play_id":"8f29f859-d299-47b7-9bc1-c5a780773fba","local_time":"20180503042813","is_prod":false,"is_daily":false,"chose_seed":false,"is_ascension_mode":true,"campfire_upgraded":0,"timestamp":1525310893,"path_taken":["M","?","?","?","?","E","R","E","T","E","R","M","?","M","R","BOSS","M","M","?","?","?","E","?","R","T","M","R","?","?","E","R","BOSS"],"build_version":"2018-05-01v2","seed_source_timestamp":127924767751984,"purchased_purges":0,"victory":false,"master_deck":["Strike_B","Strike_B","Strike_B","Strike_B","Defend_B","Defend_B","Defend_B","Defend_B","Zap","Dualcast","Meteor Strike","Flux Capacitor","Melter","Impulse","Go for the Eyes","Leap","Stack","Leap","Lockon","Cold Snap","Seek","Ball Lightning","Chill","Auto Shields+1","Ball Lightning","Blaster+1","Cold Snap","Go for the Eyes","Doom and Gloom","Cold Snap","Cold Snap"],"max_hp_per_floor":[75,75,75,75,75,75,75,75,75,75,75,75,75,75,75,75,75,75,75,75,75,75,75,75,75,75,75,75,75,75,75,75,75],"relics":["Cracked Core","Pen Nib","Dream Catcher","Tiny Chest","Omamori","Darkstone Periapt","Bronze Scales","Ectoplasm","Bag of Preparation","Nloth\u0027s Gift","Matryoshka","Bag of Marbles","Toolbox","Oddly Smooth Stone"],"card_choices":[{"not_picked":["Streamline","Sweeping Beam"],"picked":"Flux Capacitor","floor":1},{"not_picked":["Reprieve","Rebound"],"picked":"Melter","floor":6},{"not_picked":["Capacitor","Barrage"],"picked":"Impulse","floor":7},{"not_picked":["Sweeping Beam","Chaos"],"picked":"Go for the Eyes","floor":8},{"not_picked":["Hello World","Streamline"],"picked":"Leap","floor":10},{"not_picked":["Amplify","Consume"],"picked":"Stack","floor":11},{"not_picked":["Chaos","Capacitor"],"picked":"Leap","floor":12},{"not_picked":["Undo","Barrage"],"picked":"Lockon","floor":14},{"not_picked":["Go for the Eyes","Stack"],"picked":"Cold Snap","floor":15},{"not_picked":["Fusion","Fission"],"picked":"Seek","floor":16},{"not_picked":["Streamline","Sunder"],"picked":"Ball Lightning","floor":18},{"not_picked":["Beam Cell","Scrape"],"picked":"Chill","floor":19},{"not_picked":["Impulse","Barrage"],"picked":"Auto Shields","floor":21},{"not_picked":["Rainbow","Lockon"],"picked":"Ball Lightning","floor":23},{"not_picked":["Stack","Axe Kick"],"picked":"Blaster","floor":25},{"not_picked":["Glacier","Streamline"],"picked":"Cold Snap","floor":27},{"not_picked":["Tempest","Barrage"],"picked":"Go for the Eyes","floor":28},{"not_picked":["Reinforced Body","Hologram"],"picked":"Doom and Gloom","floor":29},{"not_picked":["Impulse","Reboot"],"picked":"Cold Snap","floor":31},{"not_picked":["Leap","Streamline"],"picked":"Cold Snap","floor":32}],"player_experience":204700,"potions_floor_usage":[16,16,23,23,23,33,33],"damage_taken":[{"damage":1,"enemies":"Jaw Worm","floor":1,"turns":3},{"damage":29,"enemies":"Gremlin Nob","floor":6,"turns":5},{"damage":38,"enemies":"3 Sentries","floor":8,"turns":9},{"damage":21,"enemies":"Gremlin Nob","floor":10,"turns":4},{"damage":0,"enemies":"Cultist","floor":12,"turns":3},{"damage":0,"enemies":"2 Louse","floor":14,"turns":2},{"damage":24,"enemies":"Slime Boss","floor":16,"turns":9},{"damage":0,"enemies":"3 Byrds","floor":18,"turns":3},{"damage":10,"enemies":"Chosen","floor":19,"turns":4},{"damage":1,"enemies":"Snake Plant","floor":21,"turns":4},{"damage":52,"enemies":"Gremlin Leader","floor":23,"turns":9},{"damage":27,"enemies":"Cultist and Chosen","floor":27,"turns":7},{"damage":3,"enemies":"3 Cultists","floor":29,"turns":5},{"damage":10,"enemies":"Slavers","floor":31,"turns":2},{"damage":54,"enemies":"Collector","floor":33,"turns":10}],"event_choices":[{"event_name":"Big Fish","player_choice":"Box","floor":2,"damage_taken":0},{"event_name":"The Cleric","player_choice":"Card Removal","floor":3,"damage_taken":0},{"event_name":"Scrap Ooze","player_choice":"success","floor":5,"damage_taken":3},{"event_name":"World of Goop","player_choice":"Gather Gold","floor":13,"damage_taken":0},{"event_name":"The Joust","player_choice":"Bet on Murderer","floor":20,"damage_taken":0},{"event_name":"Drug Dealer","player_choice":"Ignored","floor":22,"damage_taken":0},{"event_name":"N\u0027loth","player_choice":"Traded a Blood Vial","floor":24,"damage_taken":0}],"boss_relics":[{"not_picked":["Runic Pyramid","Snecko Eye"],"picked":"Ectoplasm"}],"potions_floor_spawned":[1,6,12,16,19,23,31],"seed_played":"8432526040300166239","killed_by":"Collector","ascension_level":1,"is_trial":false}