{"gold_per_floor":[111,121,121,18,18,18,46,61,61,89,89,121,132,149,149,224,224,240,254,12,29,39,39],"floor_reached":23,"playtime":2184,"items_purged":[],"score":526,"play_id":"bfd7cbff-b57f-41fb-8af4-ec2cf6129d6e","local_time":"20190524205646","is_ascension_mode":true,"campfire_choices":[{"data":"Quick Slash","floor":6.0,"key":"SMITH"},{"data":"Deadly Poison","floor":15.0,"key":"SMITH"}],"neow_cost":"NONE","seed_source_timestamp":26038756004200,"circlet_count":0,"master_deck":["AscendersBane","Defend_G","Defend_G","Defend_G","Defend_G","Defend_G","Strike_G","Strike_G","Strike_G","Survivor","Neutralize","Deadly Poison+1","Quick Slash+1","Dagger Spray","Footwork","Distraction+1","Footwork","Leg Sweep+1","Dash","PiercingWail+1","Acrobatics+1","Corpse Explosion+1","Infinite Blades","Tactician+1","Prepared+1","Finisher","Blade Dance+1"],"special_seed":0,"relics":["Ring of the Snake","NeowsBlessing","Toxic Egg 2","Potion Belt","Blood Vial","Ancient Tea Set","Empty Cage","Vajra"],"potions_floor_usage":[23],"damage_taken":[{"damage":0.0,"enemies":"Small Slimes","floor":1.0,"turns":1.0},{"damage":0.0,"enemies":"Cultist","floor":2.0,"turns":1.0},{"damage":0.0,"enemies":"Lagavulin","floor":7.0,"turns":1.0},{"damage":1.0,"enemies":"2 Louse","floor":8.0,"turns":3.0},{"damage":5.0,"enemies":"3 Sentries","floor":10.0,"turns":11.0},{"damage":6.0,"enemies":"Lagavulin","floor":12.0,"turns":8.0},{"damage":0.0,"enemies":"2 Fungi Beasts","floor":13.0,"turns":3.0},{"damage":4.0,"enemies":"Exordium Thugs","floor":14.0,"turns":9.0},{"damage":13.0,"enemies":"The Guardian","floor":16.0,"turns":16.0},{"damage":0.0,"enemies":"Spheric Guardian","floor":18.0,"turns":7.0},{"damage":12.0,"enemies":"Shell Parasite","floor":19.0,"turns":6.0},{"damage":16.0,"enemies":"Centurion and Healer","floor":21.0,"turns":6.0},{"damage":10.0,"enemies":"Snake Plant","floor":22.0,"turns":6.0},{"damage":47,"enemies":"Gremlin Leader","floor":23,"turns":9}],"seed_played":"4084952414103384991","potions_obtained":[{"floor":1.0,"key":"Regen Potion"},{"floor":2.0,"key":"Fire Potion"},{"floor":3.0,"key":"Ancient Potion"},{"floor":12.0,"key":"Weak Potion"},{"floor":14.0,"key":"Swift Potion"},{"floor":16.0,"key":"Weak Potion"},{"floor":19.0,"key":"Poison Potion"},{"floor":22.0,"key":"Dexterity Potion"}],"is_trial":false,"path_per_floor":["M","M","?","$","?","R","E","M","T","E","?","E","M","M","R","B",null,"M","M","$","M","M","E"],"character_chosen":"THE_SILENT","items_purchased":["Dagger Spray","Footwork","Prepared+1","Vajra","AttackPotion"],"campfire_rested":0,"item_purchase_floors":[4,4,20,20,20],"current_hp_per_floor":[59,59,59,59,64,64,64,63,63,58,58,54,56,54,54,43,64,66,56,56,42,34,0],"gold":39,"neow_bonus":"THREE_ENEMY_KILL","is_prod":false,"is_daily":false,"chose_seed":false,"campfire_upgraded":2,"win_rate":0,"timestamp":1558756606,"path_taken":["M","M","?","?","?","R","E","M","T","E","?","E","M","?","R","BOSS","M","?","$","M","M","E"],"build_version":"2019-01-23","purchased_purges":0,"victory":false,"max_hp_per_floor":[66,66,66,66,71,71,71,71,71,71,71,71,71,71,71,71,71,71,71,71,71,71,71],"card_choices":[{"not_picked":["Underhanded Strike","Skewer"],"picked":"Deadly Poison","floor":1.0},{"not_picked":["Accuracy","Terror"],"picked":"Quick Slash","floor":2.0},{"not_picked":["Accuracy","Prepared"],"picked":"Distraction","floor":7.0},{"not_picked":["Deflect+1","Prepared+1"],"picked":"Footwork","floor":8.0},{"not_picked":["PiercingWail+1","Underhanded Strike"],"picked":"Leg Sweep+1","floor":10.0},{"not_picked":["Acrobatics+1","Grand Finale"],"picked":"Dash","floor":12.0},{"not_picked":["Quick Slash","Poisoned Stab"],"picked":"PiercingWail+1","floor":13.0},{"not_picked":["Accuracy","Poisoned Stab"],"picked":"Acrobatics+1","floor":14.0},{"not_picked":["Doppelganger+1","Glass Knife"],"picked":"Corpse Explosion+1","floor":16.0},{"not_picked":["Quick Slash","Eviscerate"],"picked":"Infinite Blades","floor":18.0},{"not_picked":["Backstab","Bane"],"picked":"Tactician+1","floor":19.0},{"not_picked":["Masterful Stab","Quick Slash"],"picked":"Finisher","floor":21.0},{"not_picked":["Leg Sweep+1","Underhanded Strike"],"picked":"Blade Dance+1","floor":22.0}],"player_experience":1443722,"relics_obtained":[{"floor":7.0,"key":"Toxic Egg 2"},{"floor":9.0,"key":"Potion Belt"},{"floor":10.0,"key":"Blood Vial"},{"floor":12.0,"key":"Ancient Tea Set"}],"event_choices":[{"damage_healed":0.0,"max_hp_gain":0.0,"max_hp_loss":0.0,"gold_gain":0.0,"event_name":"Lab","player_choice":"Got Potions","floor":3.0,"gold_loss":0.0,"damage_taken":0.0},{"damage_healed":0.0,"max_hp_gain":5.0,"max_hp_loss":0.0,"gold_gain":0.0,"event_name":"Big Fish","player_choice":"Donut","floor":5.0,"gold_loss":0.0,"damage_taken":0.0},{"damage_healed":0.0,"max_hp_gain":0.0,"max_hp_loss":0.0,"gold_gain":0.0,"event_name":"Liars Game","player_choice":"Ignored","floor":11.0,"gold_loss":0.0,"damage_taken":0.0}],"is_beta":false,"boss_relics":[{"not_picked":["HoveringKite","Calling Bell"],"picked":"Empty Cage"}],"items_purged_floors":[],"is_endless":false,"potions_floor_spawned":[1,2,12,14,16,19,22],"killed_by":"Gremlin Leader","ascension_level":20}