{"gold_per_floor":[114,289,289,45,58,58,68,68,68,86,106,136,136,149,149,253,253,268,97,97,107,121,121,135,135,189,24,24,38,137,137,137,239,239,251,269,269,288,300,300,315,174,174,191,191,55,1,16,16,16],"floor_reached":51,"playtime":3345,"items_purged":["Strike_R","Strike_R","Defend_R"],"score":983,"play_id":"1d39f785-2804-46a4-8492-c52f59ff073a","local_time":"20190504092339","is_ascension_mode":true,"campfire_choices":[{"data":"Body Slam","floor":6,"key":"SMITH"},{"data":"True Grit","floor":8,"key":"SMITH"},{"data":"Demon Form","floor":13,"key":"SMITH"},{"data":"Pommel Strike","floor":15,"key":"SMITH"},{"data":"Flame Barrier","floor":23,"key":"SMITH"},{"data":"Body Slam","floor":25,"key":"SMITH"},{"data":"Armaments","floor":28,"key":"SMITH"},{"data":"Mayhem","floor":32,"key":"SMITH"},{"floor":40,"key":"RECALL"},{"floor":49,"key":"REST"}],"neow_cost":"NONE","seed_source_timestamp":573708452432561,"circlet_count":0,"master_deck":["Defend_R+1","Defend_R+1","Defend_R+1","Bash+1","Body Slam+1","Shrug It Off+1","Feel No Pain+1","True Grit+1","Demon Form+1","Pommel Strike+1","Heavy Blade+1","Exhume+1","Flame Barrier+1","Shrug It Off+1","Mayhem+1","Body Slam+1","Metallicize+1","Armaments+1","True Grit+1","Bite+1","Bite+1","Bite+1","Bite+1","Offering+1","Burning Pact+1","Shrug It Off+1","Shrug It Off+1","Battle Trance+1","Metallicize+1","Entrench","Metallicize","Shrug It Off"],"relics":["Burning Blood","Anchor","Membership Card","Singing Bowl","Boot","Sozu","Omamori","Oddly Smooth Stone","Fusion Hammer","Art of War","Mark of the Bloom","Lantern","Molten Egg 2"],"potions_floor_usage":[12,12,50,50],"damage_taken":[{"damage":0,"enemies":"2 Louse","floor":1,"turns":2},{"damage":0,"enemies":"Cultist","floor":5,"turns":3},{"damage":0,"enemies":"Small Slimes","floor":7,"turns":3},{"damage":0,"enemies":"3 Louse","floor":10,"turns":3},{"damage":2,"enemies":"2 Fungi Beasts","floor":11,"turns":4},{"damage":16,"enemies":"Gremlin Nob","floor":12,"turns":4},{"damage":0,"enemies":"Blue Slaver","floor":14,"turns":5},{"damage":20,"enemies":"The Guardian","floor":16,"turns":10},{"damage":19,"enemies":"Spheric Guardian","floor":18,"turns":5},{"damage":2,"enemies":"Colosseum Slavers","floor":20,"turns":5},{"damage":1,"enemies":"Chosen","floor":21,"turns":6},{"damage":28,"enemies":"Snake Plant","floor":22,"turns":5},{"damage":6,"enemies":"3 Cultists","floor":24,"turns":5},{"damage":0,"enemies":"Centurion and Healer","floor":29,"turns":8},{"damage":5,"enemies":"Champ","floor":33,"turns":9},{"damage":0,"enemies":"Orb Walker","floor":35,"turns":3},{"damage":8,"enemies":"3 Darklings","floor":36,"turns":5},{"damage":20,"enemies":"Spire Growth","floor":38,"turns":5},{"damage":12,"enemies":"Sphere and 2 Shapes","floor":39,"turns":7},{"damage":35,"enemies":"4 Shapes","floor":41,"turns":7},{"damage":11,"enemies":"Jaw Worm Horde","floor":44,"turns":7},{"damage":0,"enemies":"Spire Growth","floor":48,"turns":5},{"damage":22,"enemies":"Awakened One","floor":50,"turns":16}],"seed_played":"8839366556593253535","potions_obtained":[{"floor":1,"key":"SteroidPotion"},{"floor":5,"key":"SkillPotion"},{"floor":10,"key":"SpeedPotion"},{"floor":16,"key":"EssenceOfSteel"}],"is_trial":false,"path_per_floor":["M","?","?","$","M","R","M","R","T","M","M","E","R","M","R","B",null,"M","$","?","M","M","R","M","R","T","$","R","M","?","?","R","B",null,"M","M","?","M","M","R","M","$","T","M","?","$","?","M","R","B",null],"character_chosen":"IRONCLAD","items_purchased":["Membership Card","Shrug It Off","Shrug It Off","Mayhem","Oddly Smooth Stone","Metallicize","Armaments","True Grit","Battle Trance","Metallicize","Lantern","Entrench","Metallicize"],"campfire_rested":1,"item_purchase_floors":[4,4,19,19,27,27,27,27,42,42,46,46,46],"current_hp_per_floor":[78,78,78,78,80,80,80,80,80,80,80,70,70,78,78,64,78,65,65,69,76,54,54,56,56,56,56,56,64,64,61,61,61,61,61,61,61,58,63,63,50,50,50,60,60,60,60,60,60,38],"gold":16,"neow_bonus":"RANDOM_COMMON_RELIC","is_prod":false,"is_daily":false,"chose_seed":false,"campfire_upgraded":8,"win_rate":0,"timestamp":1556987019,"path_taken":["M","?","?","$","M","R","M","R","T","M","M","E","R","M","R","BOSS","M","$","?","M","M","R","M","R","T","$","R","M","?","?","R","BOSS","M","M","?","M","M","R","M","$","T","M","?","$","?","?","R","BOSS"],"build_version":"2019-01-23","purchased_purges":3,"victory":true,"max_hp_per_floor":[80,80,80,80,80,80,80,80,80,80,80,80,80,82,82,82,82,82,82,82,84,84,84,86,86,86,86,86,88,88,61,61,61,61,61,61,61,63,63,63,65,65,65,67,67,67,67,67,67,67],"card_choices":[{"not_picked":["Reckless Charge","Anger"],"picked":"Body Slam","floor":1},{"not_picked":["Pommel Strike","Shrug It Off"],"picked":"Feel No Pain","floor":5},{"not_picked":["Armaments","Spot Weakness"],"picked":"True Grit","floor":7},{"not_picked":["Twin Strike","Power Through"],"picked":"Demon Form","floor":10},{"not_picked":["Warcry","Twin Strike"],"picked":"Pommel Strike","floor":11},{"not_picked":["Dropkick","Clash"],"picked":"Heavy Blade","floor":12},{"not_picked":["Combust","Wild Strike","Seeing Red"],"picked":"Singing Bowl","floor":14},{"not_picked":["Fiend Fire","Dark Embrace"],"picked":"Exhume","floor":16},{"not_picked":["Armaments","Sentinel"],"picked":"Flame Barrier","floor":18},{"not_picked":["Intimidate","Clothesline","Rupture"],"picked":"Singing Bowl","floor":21},{"not_picked":["Perfected Strike","Warcry"],"picked":"Body Slam","floor":22},{"not_picked":["Rupture","Clash","Spot Weakness"],"picked":"Singing Bowl","floor":24},{"not_picked":["Dropkick","Anger","Wild Strike+1"],"picked":"Singing Bowl","floor":29},{"not_picked":["Demon Form","Double Tap"],"picked":"Offering","floor":33},{"not_picked":["Second Wind","Body Slam+1"],"picked":"Burning Pact+1","floor":35},{"not_picked":["True Grit","Infernal Blade"],"picked":"Shrug It Off+1","floor":36},{"not_picked":["Blood for Blood+1","Evolve","Wild Strike+1"],"picked":"Singing Bowl","floor":38},{"not_picked":["Warcry+1","Cleave"],"picked":"Shrug It Off+1","floor":39},{"not_picked":["Cleave","Combust","Iron Wave+1"],"picked":"Singing Bowl","floor":41},{"not_picked":["Perfected Strike+1","Infernal Blade","Evolve+1"],"picked":"Singing Bowl","floor":44},{"not_picked":["Perfected Strike+1","Havoc"],"picked":"Shrug It Off","floor":48}],"player_experience":317509,"relics_obtained":[{"floor":9,"key":"Singing Bowl"},{"floor":12,"key":"Boot"},{"floor":26,"key":"Omamori"},{"floor":43,"key":"Art of War"}],"event_choices":[{"damage_healed":0,"gold_gain":175,"player_choice":"AGREE","damage_taken":0,"max_hp_gain":0,"max_hp_loss":0,"event_name":"Liars Game","floor":2,"gold_loss":0,"cards_obtained":["Doubt"]},{"cards_removed":["Doubt"],"damage_healed":0,"gold_gain":0,"player_choice":"Purged","damage_taken":0,"max_hp_gain":0,"max_hp_loss":0,"event_name":"Purifier","floor":3,"gold_loss":0},{"damage_healed":0,"gold_gain":0,"player_choice":"Fight","damage_taken":0,"max_hp_gain":0,"max_hp_loss":0,"event_name":"Colosseum","floor":20,"gold_loss":0},{"damage_healed":0,"gold_gain":0,"player_choice":"Fled From Nobs","damage_taken":0,"max_hp_gain":0,"max_hp_loss":0,"event_name":"Colosseum","floor":20,"gold_loss":0},{"damage_healed":0,"gold_gain":99,"player_choice":"Stole From Cult","damage_taken":0,"max_hp_gain":0,"max_hp_loss":0,"event_name":"Nest","floor":30,"gold_loss":0},{"damage_healed":0,"gold_gain":0,"player_choice":"Became a vampire","damage_taken":0,"max_hp_gain":0,"max_hp_loss":27,"event_name":"Vampires","floor":31,"gold_loss":0,"cards_obtained":["Bite","Bite","Bite","Bite","Bite"]},{"cards_removed":["Bite"],"damage_healed":0,"gold_gain":0,"player_choice":"Removed Attack","damage_taken":0,"max_hp_gain":0,"max_hp_loss":0,"event_name":"Falling","floor":37,"gold_loss":0},{"damage_healed":0,"gold_gain":0,"player_choice":"Upgrade","damage_taken":0,"relics_obtained":["Mark of the Bloom"],"max_hp_gain":0,"max_hp_loss":0,"event_name":"MindBloom","floor":45,"gold_loss":0,"cards_upgraded":["Defend_R","Defend_R","Defend_R","Bash","Shrug It Off","Feel No Pain","Heavy Blade","Exhume","Shrug It Off","Metallicize","True Grit","Bite","Bite","Bite","Bite","Offering","Battle Trance","Metallicize"]},{"damage_healed":0,"gold_gain":0,"player_choice":"Paid Gold","damage_taken":0,"relics_obtained":["Molten Egg 2"],"max_hp_gain":0,"max_hp_loss":0,"event_name":"WeMeetAgain","floor":47,"gold_loss":54}],"is_beta":false,"boss_relics":[{"not_picked":["Ectoplasm","Pandora\u0027s Box"],"picked":"Sozu"},{"not_picked":["Lizard Tail","Velvet Choker"],"picked":"Fusion Hammer"}],"items_purged_floors":[4,19,42],"is_endless":false,"potions_floor_spawned":[1,5,10,16,22,29,39,41,48],"ascension_level":9}