{"gold_per_floor":[118,31,0,0,18,18,96,122,122,122,81,97,107,107,107,107],"floor_reached":16,"playtime":451,"items_purged":[],"score":191,"play_id":"f9e72af3-8d20-420a-9e23-29c05e659442","local_time":"20190208211931","is_ascension_mode":true,"campfire_choices":[{"floor":6,"key":"REST"},{"floor":10,"key":"REST"},{"floor":15,"key":"REST"}],"neow_cost":"NONE","seed_source_timestamp":1536660801930409,"circlet_count":0,"master_deck":["AscendersBane","Strike_R","Strike_R","Strike_R","Strike_R","Strike_R","Defend_R","Defend_R","Defend_R","Defend_R","Bash","Offering","Pommel Strike","Carnage","Carnage","Disarm","Corruption+1","True Grit","True Grit"],"relics":["Burning Blood","Tiny Chest","Question Card","Matryoshka"],"potions_floor_usage":[16],"damage_taken":[{"damage":15,"enemies":"Small Slimes","floor":1,"turns":3},{"damage":7,"enemies":"Jaw Worm","floor":5,"turns":2},{"damage":41,"enemies":"Lagavulin","floor":8,"turns":4},{"damage":1,"enemies":"Cultist","floor":12,"turns":3},{"damage":14,"enemies":"Blue Slaver","floor":13,"turns":2},{"damage":77,"enemies":"Hexaghost","floor":16,"turns":9}],"seed_played":"-2658752657373024334","potions_obtained":[{"floor":12,"key":"Explosive Potion"}],"is_trial":false,"path_per_floor":["M","$","?","?","M","R","T","E","T","R","$","M","M","?","R","B"],"character_chosen":"IRONCLAD","items_purchased":["Carnage","Corruption"],"campfire_rested":3,"item_purchase_floors":[2,11],"current_hp_per_floor":[59,59,59,59,58,75,75,40,40,62,62,67,59,59,75,0],"gold":107,"neow_bonus":"ONE_RANDOM_RARE_CARD","is_prod":false,"is_daily":false,"chose_seed":false,"campfire_upgraded":0,"win_rate":0,"timestamp":1549653571,"path_taken":["M","$","?","?","M","R","?","E","T","R","$","M","M","?","R","BOSS"],"build_version":"2019-02-06","purchased_purges":0,"victory":false,"max_hp_per_floor":[75,75,75,75,75,75,75,75,75,75,75,75,75,75,75,75],"card_choices":[{"not_picked":["Sword Boomerang","Body Slam"],"picked":"Pommel Strike","floor":1},{"not_picked":["Perfected Strike","Clothesline"],"picked":"Carnage","floor":5},{"not_picked":["Pummel","Bloodletting"],"picked":"Disarm","floor":8},{"not_picked":["Wild Strike","Fire Breathing","Evolve"],"picked":"True Grit","floor":12},{"not_picked":["Carnage","Pommel Strike","Second Wind"],"picked":"True Grit","floor":13}],"player_experience":437859,"relics_obtained":[{"floor":7,"key":"Tiny Chest"},{"floor":8,"key":"Question Card"},{"floor":9,"key":"Matryoshka"}],"event_choices":[{"damage_healed":0,"gold_gain":0,"player_choice":"Left Gold","damage_taken":0,"max_hp_gain":0,"max_hp_loss":0,"event_name":"World of Goop","floor":3,"gold_loss":31},{"damage_healed":0,"gold_gain":0,"player_choice":"Fled","damage_taken":0,"max_hp_gain":0,"max_hp_loss":0,"event_name":"Scrap Ooze","floor":4,"gold_loss":0},{"damage_healed":0,"gold_gain":0,"player_choice":"Grow","damage_taken":0,"max_hp_gain":0,"max_hp_loss":0,"event_name":"Living Wall","floor":14,"gold_loss":0,"cards_upgraded":["Corruption"]}],"is_beta":true,"boss_relics":[],"items_purged_floors":[],"is_endless":false,"potions_floor_spawned":[12],"killed_by":"Hexaghost","ascension_level":19}