{"gold_per_floor":[117,117,133,143,155,187,187,187,213,226,49,84,84,99,99,99],"floor_reached":16,"playtime":697,"items_purged":[],"score":123,"play_id":"28a76deb-002d-4c25-901d-dfb505287999","local_time":"20180817233032","is_ascension_mode":true,"campfire_choices":[{"data":"Armaments","floor":7,"key":"SMITH"},{"floor":15,"key":"REST"}],"neow_cost":"TEN_PERCENT_HP_LOSS","seed_source_timestamp":9965508922622,"circlet_count":0,"master_deck":["Strike_R","Strike_R","Strike_R","Strike_R","Defend_R","Defend_R","Defend_R","Defend_R","Bash","Cleave","Shrug It Off","Cleave","Fire Breathing","Armaments+1","Armaments","Panacea","Thunderclap","Pommel Strike","Infernal Blade","Feed"],"relics":["Burning Blood","Du-Vu Doll","Regal Pillow","Art of War","Potion Belt"],"potions_floor_usage":[6,12,16],"damage_taken":[{"damage":6,"enemies":"2 Louse","floor":1,"turns":3},{"damage":11,"enemies":"Cultist","floor":3,"turns":4},{"damage":0,"enemies":"Small Slimes","floor":4,"turns":2},{"damage":6,"enemies":"Gremlin Gang","floor":5,"turns":2},{"damage":21,"enemies":"Gremlin Nob","floor":6,"turns":4},{"damage":0,"enemies":"3 Louse","floor":10,"turns":2},{"damage":21,"enemies":"Lagavulin","floor":12,"turns":6},{"damage":14,"enemies":"Exordium Wildlife","floor":14,"turns":3},{"damage":72,"enemies":"Hexaghost","floor":16,"turns":9}],"seed_played":"5817411191453566495","potions_obtained":[{"floor":4,"key":"SkillPotion"},{"floor":10,"key":"Weak Potion"},{"floor":12,"key":"Strength Potion"}],"is_trial":false,"path_per_floor":["M","?","M","M","M","E","R","?","T","M","$","E","$","M","R"],"character_chosen":"IRONCLAD","items_purchased":["Panacea","Thunderclap","Pommel Strike"],"campfire_rested":1,"item_purchase_floors":[11,11,11],"current_hp_per_floor":[72,72,67,72,72,57,57,57,57,63,63,48,48,40,72,0],"gold":99,"neow_bonus":"ONE_RARE_RELIC","is_prod":false,"is_daily":false,"chose_seed":false,"campfire_upgraded":1,"win_rate":0,"timestamp":1534541432,"path_taken":["M","?","M","M","M","E","R","?","T","?","$","E","$","M","R","BOSS"],"build_version":"2018-08-16","purchased_purges":0,"victory":false,"max_hp_per_floor":[72,72,72,72,72,72,72,72,72,72,72,72,72,72,72,72],"card_choices":[{"not_picked":["Heavy Blade","Seeing Red"],"picked":"Cleave","floor":1},{"not_picked":["Corruption","Combust"],"picked":"Shrug It Off","floor":3},{"not_picked":["Combust","Clash"],"picked":"Cleave","floor":4},{"not_picked":["Hemokinesis","Havoc"],"picked":"Fire Breathing","floor":5},{"not_picked":["Flame Barrier","Anger"],"picked":"Armaments","floor":6},{"not_picked":["Pommel Strike","Iron Wave"],"picked":"Armaments","floor":10},{"not_picked":["Clothesline","Heavy Blade"],"picked":"Infernal Blade","floor":12},{"not_picked":["Evolve","Clothesline"],"picked":"Feed","floor":14}],"player_experience":150614,"relics_obtained":[{"floor":6,"key":"Regal Pillow"},{"floor":9,"key":"Art of War"},{"floor":12,"key":"Potion Belt"}],"event_choices":[{"event_name":"The Cleric","player_choice":"Leave","floor":2,"damage_taken":0},{"event_name":"Wheel of Change","player_choice":"Card Removal","floor":8,"damage_taken":0}],"is_beta":false,"boss_relics":[],"items_purged_floors":[],"is_endless":false,"potions_floor_spawned":[4,10,12],"killed_by":"Hexaghost","ascension_level":2}