{"gold_per_floor":[112,112,122,122,142,170,170,170,170,189,189,220,370,397,397,397],"floor_reached":16,"playtime":604,"items_purged":[],"score":236,"play_id":"1bb7652f-4677-42ad-9ba9-092785291671","local_time":"20190526013202","is_ascension_mode":true,"campfire_choices":[{"floor":8,"key":"RECALL"},{"data":"Combust","floor":11,"key":"SMITH"},{"floor":15,"key":"REST"}],"neow_cost":"NONE","seed_source_timestamp":293753783226211,"circlet_count":0,"master_deck":["AscendersBane","Strike_R","Strike_R","Strike_R","Strike_R","Strike_R","Defend_R","Defend_R","Defend_R","Defend_R","Bash","Ghostly Armor","Rampage","Immolate","Pummel","Twin Strike","Combust+1","Iron Wave","Doubt","Twin Strike"],"relics":["Burning Blood","NeowsBlessing","Singing Bowl","The Courier","Lantern","Juzu Bracelet","Dream Catcher"],"potions_floor_usage":[6,14,14],"damage_taken":[{"damage":0,"enemies":"Cultist","floor":1,"turns":1},{"damage":0,"enemies":"2 Louse","floor":3,"turns":1},{"damage":0,"enemies":"Small Slimes","floor":5,"turns":1},{"damage":20,"enemies":"3 Sentries","floor":6,"turns":7},{"damage":2,"enemies":"2 Fungi Beasts","floor":10,"turns":3},{"damage":28,"enemies":"Gremlin Nob","floor":12,"turns":4},{"damage":16,"enemies":"3 Sentries","floor":14,"turns":4},{"damage":60,"enemies":"Hexaghost","floor":16,"turns":9}],"seed_played":"5040721943164508007","potions_obtained":[{"floor":1,"key":"Dexterity Potion"},{"floor":5,"key":"Block Potion"},{"floor":6,"key":"AttackPotion"},{"floor":12,"key":"Dexterity Potion"}],"is_trial":false,"path_per_floor":["M","$","M","?","M","E","?","R","T","M","R","E","?","E","R","B"],"character_chosen":"IRONCLAD","items_purchased":[],"campfire_rested":1,"item_purchase_floors":[],"current_hp_per_floor":[74,74,75,75,75,61,61,61,61,65,65,45,45,35,60,0],"gold":397,"neow_bonus":"THREE_ENEMY_KILL","is_prod":false,"is_daily":false,"chose_seed":false,"campfire_upgraded":1,"win_rate":0,"timestamp":1558823522,"path_taken":["M","$","?","?","?","E","?","R","T","?","R","E","?","E","R","BOSS"],"build_version":"2019-01-23","purchased_purges":0,"victory":false,"max_hp_per_floor":[75,75,75,75,75,75,75,75,75,75,75,77,77,77,79,79],"card_choices":[{"not_picked":["Blood for Blood","Clash"],"picked":"Ghostly Armor","floor":1},{"not_picked":["Second Wind","Uppercut"],"picked":"Rampage","floor":3},{"not_picked":["Sword Boomerang","Iron Wave"],"picked":"Twin Strike","floor":5},{"not_picked":["Havoc","Body Slam"],"picked":"Combust","floor":6},{"not_picked":["Warcry","Evolve"],"picked":"Iron Wave","floor":10},{"not_picked":["Thunderclap","Offering","Anger"],"picked":"Singing Bowl","floor":12},{"not_picked":["Feel No Pain","Cleave"],"picked":"Twin Strike","floor":14},{"not_picked":["Dual Wield","Shockwave","Inflame"],"picked":"Singing Bowl","floor":15}],"player_experience":518162,"relics_obtained":[{"floor":6,"key":"Singing Bowl"},{"floor":9,"key":"Lantern"},{"floor":12,"key":"Juzu Bracelet"},{"floor":14,"key":"Dream Catcher"}],"event_choices":[{"damage_healed":0,"gold_gain":0,"player_choice":"2 cards matched","damage_taken":0,"max_hp_gain":0,"max_hp_loss":0,"event_name":"Match and Keep!","floor":4,"gold_loss":0,"cards_obtained":["Immolate","Pummel"]},{"damage_healed":0,"gold_gain":0,"player_choice":"Gave Potion","damage_taken":0,"relics_obtained":["The Courier"],"max_hp_gain":0,"max_hp_loss":0,"event_name":"WeMeetAgain","floor":7,"gold_loss":0},{"damage_healed":0,"gold_gain":150,"player_choice":"AGREE","damage_taken":0,"max_hp_gain":0,"max_hp_loss":0,"event_name":"Liars Game","floor":13,"gold_loss":0,"cards_obtained":["Doubt"]}],"is_beta":false,"boss_relics":[],"items_purged_floors":[],"is_endless":false,"potions_floor_spawned":[1,5,6,12],"killed_by":"Hexaghost","ascension_level":20}