{"gold_per_floor":[215,315,331,217,235,235,260,260,260,260,276,276,276,307,307,431,431,446,466,482,397,436,436,456,456,509,177,192,192,213,229,229,350,350,366,699,699,123,142,170,170,193,219,246,258,258,7,7,7,7],"floor_reached":51,"playtime":3593,"items_purged":["Strike_B","Strike_B","Doubt"],"score":1048,"play_id":"06041532-2b00-4660-974c-89cc3f580d7d","local_time":"20190427121612","is_ascension_mode":true,"campfire_choices":[{"data":"Zap","floor":6,"key":"SMITH"},{"data":"Conserve Battery","floor":10,"key":"SMITH"},{"data":"Consume","floor":12,"key":"SMITH"},{"floor":15,"key":"REST"},{"data":"Defragment","floor":23,"key":"SMITH"},{"data":"Echo Form","floor":25,"key":"SMITH"},{"data":"Dualcast","floor":29,"key":"SMITH"},{"data":"Biased Cognition","floor":32,"key":"SMITH"},{"data":"Dark Embrace","floor":41,"key":"SMITH"},{"data":"Defend_B","floor":49,"key":"SMITH"}],"neow_cost":"NONE","seed_source_timestamp":3075408153665405,"circlet_count":0,"master_deck":["Defend_B","Defend_B","Defend_B+1","Zap+1","Dualcast+1","FTL","Conserve Battery+1","Consume+1","Rip and Tear","Reboot","Cold Snap+1","Echo Form+1","Machine Learning","White Noise+1","Go for the Eyes+1","Defragment+1","Steam+1","Coolheaded+1","Go for the Eyes+1","BootSequence+1","Undo+1","Ball Lightning+1","Tempest+1","Disarm+1","Coolheaded+1","Biased Cognition+1","Secret Technique+1","Chill+1","Reinforced Body+1","Shrug It Off+1"],"relics":["Cracked Core","Molten Egg 2","DataDisk","Toxic Egg 2","Orrery","Ice Cream","Red Mask","Centennial Puzzle","PrismaticShard","Empty Cage","Chemical X","StoneCalendar","Bag of Preparation","PreservedInsect","Bag of Marbles","Pantograph"],"potions_floor_usage":[18,20,20,22,24,30,30,50,50,50],"damage_taken":[{"damage":7,"enemies":"Jaw Worm","floor":1,"turns":3},{"damage":0,"enemies":"Cultist","floor":3,"turns":3},{"damage":0,"enemies":"2 Louse","floor":5,"turns":2},{"damage":21,"enemies":"Gremlin Nob","floor":7,"turns":4},{"damage":0,"enemies":"Looter","floor":11,"turns":2},{"damage":11,"enemies":"Lagavulin","floor":14,"turns":5},{"damage":0,"enemies":"Slime Boss","floor":16,"turns":5},{"damage":6,"enemies":"3 Byrds","floor":18,"turns":4},{"damage":0,"enemies":"Spheric Guardian","floor":19,"turns":4},{"damage":11,"enemies":"Centurion and Healer","floor":20,"turns":8},{"damage":20,"enemies":"Masked Bandits","floor":22,"turns":5},{"damage":1,"enemies":"Cultist and Chosen","floor":24,"turns":7},{"damage":0,"enemies":"Snake Plant","floor":28,"turns":5},{"damage":21,"enemies":"3 Cultists","floor":30,"turns":4},{"damage":0,"enemies":"Shelled Parasite and Fungi","floor":31,"turns":5},{"damage":11,"enemies":"Automaton","floor":33,"turns":10},{"damage":0,"enemies":"Orb Walker","floor":35,"turns":3},{"damage":0,"enemies":"3 Darklings","floor":39,"turns":6},{"damage":19,"enemies":"Reptomancer","floor":40,"turns":5},{"damage":19,"enemies":"Giant Head","floor":44,"turns":7},{"damage":0,"enemies":"4 Shapes","floor":45,"turns":5},{"damage":14,"enemies":"Awakened One","floor":50,"turns":17}],"seed_played":"8554121493158951292","potions_obtained":[{"floor":3,"key":"SpeedPotion"},{"floor":7,"key":"Swift Potion"},{"floor":16,"key":"SkillPotion"},{"floor":18,"key":"PowerPotion"},{"floor":19,"key":"Regen Potion"},{"floor":22,"key":"Explosive Potion"},{"floor":24,"key":"SpeedPotion"},{"floor":28,"key":"Regen Potion"},{"floor":40,"key":"Strength Potion"}],"is_trial":false,"path_per_floor":["M","?","M","$","M","R","E","?","T","R","M","R","?","E","R","B",null,"M","M","M","?","?","R","M","R","T","$","M","R","M","M","R","B",null,"M","?","?","$","M","E","R","T","T","E","M","?","$","?","R","B",null],"character_chosen":"DEFECT","items_purchased":["Consume","PrismaticShard","Tempest+1","Chemical X","Chill+1","StoneCalendar","EssenceOfSteel","Energy Potion"],"campfire_rested":1,"item_purchase_floors":[4,27,27,38,38,38,47,47],"current_hp_per_floor":[61,61,61,61,61,61,40,33,33,33,33,33,33,22,42,42,62,56,56,60,60,40,40,39,39,39,39,39,39,27,27,27,16,56,56,56,56,56,56,37,37,37,37,18,18,69,69,69,69,55],"gold":7,"neow_bonus":"HUNDRED_GOLD","is_prod":false,"is_daily":false,"chose_seed":false,"campfire_upgraded":9,"win_rate":0,"timestamp":1556392572,"path_taken":["M","?","M","$","?","R","E","?","T","R","M","R","?","E","R","BOSS","M","M","M","?","?","R","M","R","T","?","M","R","M","M","R","BOSS","M","?","?","$","M","E","R","?","T","E","M","?","$","?","R","BOSS"],"build_version":"2019-01-23","purchased_purges":3,"victory":true,"max_hp_per_floor":[75,75,75,75,75,75,75,75,75,75,75,75,69,69,69,69,69,69,69,69,69,69,69,69,69,69,69,69,69,69,69,69,69,69,69,69,69,69,69,69,69,69,69,69,69,69,69,69,69,69],"card_choices":[{"not_picked":["Rebound","Force Field"],"picked":"FTL","floor":1},{"not_picked":["Self Repair","Force Field"],"picked":"Conserve Battery","floor":3},{"not_picked":["Compile Driver","Rebound"],"picked":"Rip and Tear","floor":5},{"not_picked":["Lockon","Hologram"],"picked":"Reboot","floor":7},{"not_picked":["Aggregate","Streamline+1"],"picked":"Cold Snap+1","floor":11},{"not_picked":["Double Energy","Cold Snap+1"],"picked":"Echo Form","floor":14},{"not_picked":["Meteor Strike+1","Thunder Strike+1"],"picked":"Machine Learning","floor":16},{"not_picked":["Force Field+1","Stack+1"],"picked":"White Noise+1","floor":17},{"not_picked":["Heatsinks","Rebound+1"],"picked":"Go for the Eyes+1","floor":17},{"not_picked":["Go for the Eyes+1","Reinforced Body+1"],"picked":"Defragment","floor":17},{"not_picked":["Beam Cell+1","Static Discharge"],"picked":"Steam+1","floor":17},{"not_picked":["Chaos+1","Conserve Battery+1"],"picked":"Coolheaded+1","floor":18},{"not_picked":["Barrage+1","Lockon+1"],"picked":"Go for the Eyes+1","floor":19},{"not_picked":["Turbo+1","Skim+1"],"picked":"BootSequence+1","floor":20},{"not_picked":["Steam Power+1","Chaos+1"],"picked":"Undo+1","floor":22},{"not_picked":["Turbo+1","Gash+1"],"picked":"Ball Lightning+1","floor":24},{"not_picked":["Flying Knee+1","Dagger Throw+1"],"picked":"Disarm+1","floor":28},{"not_picked":["Blade Dance+1","Turbo+1"],"picked":"Coolheaded+1","floor":30},{"not_picked":["Barrage+1","Go for the Eyes+1"],"picked":"Biased Cognition","floor":31},{"not_picked":["Storm of Steel+1","Dark Embrace"],"picked":"Secret Technique+1","floor":33},{"not_picked":["Rampage+1","Cleave+1"],"picked":"Forethought+1","floor":35},{"not_picked":["Ball Lightning+1","Barrage+1","Rebound+1"],"picked":"SKIP","floor":39},{"not_picked":["Outmaneuver+1","Stack+1"],"picked":"Dark Embrace","floor":40},{"not_picked":["Concentrate+1","Clothesline+1"],"picked":"Reinforced Body+1","floor":44},{"not_picked":["Go for the Eyes+1","PiercingWail+1"],"picked":"Shrug It Off+1","floor":45}],"player_experience":302675,"relics_obtained":[{"floor":7,"key":"Molten Egg 2"},{"floor":9,"key":"DataDisk"},{"floor":14,"key":"Toxic Egg 2"},{"floor":22,"key":"Red Mask"},{"floor":26,"key":"Centennial Puzzle"},{"floor":40,"key":"Bag of Preparation"},{"floor":42,"key":"PreservedInsect"},{"floor":43,"key":"Bag of Marbles"},{"floor":44,"key":"Pantograph"}],"event_choices":[{"damage_healed":0,"gold_gain":100,"player_choice":"Pray","damage_taken":0,"max_hp_gain":0,"max_hp_loss":0,"event_name":"Golden Shrine","floor":2,"gold_loss":0},{"cards_removed":["Strike_B"],"damage_healed":0,"gold_gain":0,"player_choice":"Card Removal","damage_taken":7,"max_hp_gain":0,"max_hp_loss":0,"event_name":"Golden Wing","floor":8,"gold_loss":0},{"damage_healed":0,"gold_gain":0,"player_choice":"Lose Max HP","damage_taken":0,"relics_obtained":["Golden Idol"],"max_hp_gain":0,"max_hp_loss":6,"event_name":"Golden Idol","floor":13,"gold_loss":0},{"damage_healed":0,"gold_gain":0,"player_choice":"Obtained Relic","damage_taken":0,"relics_obtained":["Ice Cream"],"max_hp_gain":0,"max_hp_loss":0,"event_name":"Addict","floor":21,"gold_loss":85},{"damage_healed":0,"gold_gain":0,"player_choice":"Fought Bandits","damage_taken":0,"max_hp_gain":0,"max_hp_loss":0,"event_name":"Masked Bandits","floor":22,"gold_loss":0},{"damage_healed":0,"gold_gain":333,"player_choice":"Gave Idol","damage_taken":0,"max_hp_gain":0,"max_hp_loss":0,"event_name":"The Moai Head","floor":36,"relics_lost":["Golden Idol"],"gold_loss":0},{"cards_removed":["Forethought"],"damage_healed":0,"gold_gain":0,"player_choice":"Removed Skill","damage_taken":0,"max_hp_gain":0,"max_hp_loss":0,"event_name":"Falling","floor":37,"gold_loss":0},{"damage_healed":51,"gold_gain":0,"player_choice":"Heal","damage_taken":0,"max_hp_gain":0,"max_hp_loss":0,"event_name":"MindBloom","floor":46,"gold_loss":0,"cards_obtained":["Doubt"]},{"cards_removed":["Dark Embrace"],"damage_healed":0,"gold_gain":0,"player_choice":"Purged","damage_taken":0,"max_hp_gain":0,"max_hp_loss":0,"event_name":"Purifier","floor":48,"gold_loss":0}],"is_beta":false,"boss_relics":[{"not_picked":["FrozenCore","Tiny House"],"picked":"Orrery"},{"not_picked":["Coffee Dripper","Velvet Choker"],"picked":"Empty Cage"}],"items_purged_floors":[4,27,47],"is_endless":false,"potions_floor_spawned":[3,7,16,18,19,22,24,28,40],"ascension_level":8}