{"gold_per_floor":[113,74,349,359,370,370,370,37,105,136,147,147,177,157,157,231,231,241,241,69,89,13,13,46,46,46,56,74,0,0,0,0,0],"floor_reached":33,"playtime":4259,"items_purged":["Regret","Strike_G"],"score":542,"play_id":"3686c4d6-8eb6-4eaa-86be-637f8d0d6747","local_time":"20190520173946","is_ascension_mode":true,"campfire_choices":[{"data":"Terror","floor":6.0,"key":"SMITH"},{"floor":12.0,"key":"REST"},{"floor":15.0,"key":"REST"},{"data":"Well Laid Plans","floor":23.0,"key":"SMITH"},{"data":"Flechettes","floor":25.0,"key":"SMITH"},{"floor":30.0,"key":"REST"},{"floor":32.0,"key":"REST"}],"neow_cost":"NONE","seed_source_timestamp":0,"circlet_count":0,"master_deck":["AscendersBane","Defend_G","Defend_G+1","Defend_G","Defend_G","Defend_G","Strike_G","Strike_G","Strike_G","Strike_G","Survivor","Neutralize+1","Terror+1","Well Laid Plans+1","Bouncing Flask+1","Flechettes+1","Dash","Cloak And Dagger","Dagger Spray","Bullet Time","PiercingWail","Noxious Fumes","Trip","Dagger Throw","Caltrops","Backflip","Shame","PiercingWail","Tactician"],"special_seed":0,"relics":["Ring of the Snake","Juzu Bracelet","Membership Card","Question Card","Bronze Scales","Pocketwatch","Cursed Key","War Paint","Bottled Tornado"],"potions_floor_usage":[33],"damage_taken":[{"damage":3.0,"enemies":"Cultist","floor":1.0,"turns":4.0},{"damage":3.0,"enemies":"Small Slimes","floor":4.0,"turns":4.0},{"damage":7.0,"enemies":"Jaw Worm","floor":5.0,"turns":4.0},{"damage":19.0,"enemies":"Gremlin Nob","floor":10.0,"turns":4.0},{"damage":5.0,"enemies":"Exordium Thugs","floor":11.0,"turns":4.0},{"damage":6.0,"enemies":"Lagavulin","floor":13.0,"turns":6.0},{"damage":10.0,"enemies":"Slime Boss","floor":16.0,"turns":6.0},{"damage":12.0,"enemies":"2 Thieves","floor":18.0,"turns":4.0},{"damage":0.0,"enemies":"Chosen","floor":21.0,"turns":4.0},{"damage":24.0,"enemies":"Slavers","floor":24.0,"turns":7.0},{"damage":21.0,"enemies":"Sentry and Sphere","floor":27.0,"turns":6.0},{"damage":8.0,"enemies":"Cultist and Chosen","floor":28.0,"turns":6.0},{"damage":46,"enemies":"Collector","floor":33,"turns":6}],"seed_played":"-2816380045791214181","potions_obtained":[{"floor":5.0,"key":"FearPotion"},{"floor":14.0,"key":"Weak Potion"},{"floor":18.0,"key":"Weak Potion"},{"floor":24.0,"key":"Fruit Juice"},{"floor":28.0,"key":"AttackPotion"}],"is_trial":false,"path_per_floor":["M","$","?","M","M","R","?","$","T","E","M","R","E","?","R","B",null,"M","?","$","M","$","R","E","R","T","M","M","?","R","?","R","B"],"character_chosen":"THE_SILENT","items_purchased":["Well Laid Plans","Membership Card","Fire Potion","Flechettes","Noxious Fumes","Trip","Block Potion","Caltrops","AttackPotion","Fire Potion"],"campfire_rested":4,"item_purchase_floors":[2,8,8,8,20,20,20,22,22,22],"current_hp_per_floor":[56,56,56,53,46,46,46,46,46,27,22,41,35,35,54,44,61,49,49,49,49,49,49,25,30,30,9,1,1,22,22,43,0],"gold":0,"neow_bonus":"UPGRADE_CARD","is_prod":false,"is_daily":false,"chose_seed":false,"campfire_upgraded":3,"win_rate":0,"timestamp":1558399186,"path_taken":["M","?","?","M","?","R","?","$","T","E","M","R","E","?","R","BOSS","BOSS","M","?","$","M","$","R","E","R","T","M","M","?","R","?","R","BOSS"],"build_version":"2019-01-23","purchased_purges":2,"victory":false,"max_hp_per_floor":[66,66,66,66,66,66,66,66,66,66,66,66,66,66,66,66,66,66,66,66,66,66,66,66,71,71,71,71,71,71,71,71,71],"card_choices":[{"not_picked":["Poisoned Stab","Deadly Poison"],"picked":"Terror","floor":1.0},{"not_picked":["Poisoned Stab","Blade Dance"],"picked":"Bouncing Flask","floor":4.0},{"not_picked":["Reflex","Backflip"],"picked":"Underhanded Strike","floor":5.0},{"not_picked":["Blade Dance","Calculated Gamble","Crippling Poison"],"picked":"Dash","floor":10.0},{"not_picked":["Concentrate","Deflect","All Out Attack"],"picked":"Cloak And Dagger","floor":11.0},{"not_picked":["Crippling Poison","Quick Slash","Blade Dance"],"picked":"Dagger Spray","floor":13.0},{"not_picked":["Adrenaline","Envenom","A Thousand Cuts"],"picked":"Bullet Time","floor":16.0},{"not_picked":["Dagger Spray+1","Flechettes","Prepared"],"picked":"PiercingWail","floor":18.0},{"not_picked":["Cloak And Dagger","Sucker Punch","Poisoned Stab"],"picked":"Dagger Throw","floor":21.0},{"not_picked":["Infinite Blades","Tools of the Trade","All Out Attack+1"],"picked":"Backflip","floor":24.0},{"not_picked":["Blade Dance","Poisoned Stab","Dagger Throw+1"],"picked":"PiercingWail","floor":27.0},{"not_picked":["Choke","Night Terror","Acrobatics"],"picked":"Tactician","floor":28.0}],"player_experience":1403085,"relics_obtained":[{"floor":9.0,"key":"Question Card"},{"floor":10.0,"key":"Bronze Scales"},{"floor":13.0,"key":"Pocketwatch"},{"floor":24.0,"key":"War Paint"},{"floor":26.0,"key":"Bottled Tornado"}],"event_choices":[{"damage_healed":0.0,"max_hp_gain":0.0,"max_hp_loss":0.0,"gold_gain":275.0,"event_name":"Golden Shrine","player_choice":"Desecrate","floor":3.0,"gold_loss":0.0,"damage_taken":0.0,"cards_obtained":["Regret"]},{"cards_removed":["Underhanded Strike"],"damage_healed":0.0,"max_hp_gain":0.0,"max_hp_loss":0.0,"gold_gain":0.0,"event_name":"WeMeetAgain","player_choice":"Gave Card","floor":7.0,"gold_loss":0.0,"damage_taken":0.0,"relics_obtained":["Juzu Bracelet"]},{"damage_healed":0.0,"max_hp_gain":0.0,"max_hp_loss":0.0,"gold_gain":0.0,"event_name":"The Woman in Blue","player_choice":"Bought 1 Potion","floor":14.0,"gold_loss":0.0,"damage_taken":0.0},{"damage_healed":0.0,"max_hp_gain":0.0,"max_hp_loss":0.0,"gold_gain":0.0,"event_name":"Ghosts","player_choice":"Ignored","floor":19.0,"gold_loss":0.0,"damage_taken":0.0},{"damage_healed":0.0,"max_hp_gain":0.0,"max_hp_loss":0.0,"gold_gain":0.0,"event_name":"Masked Bandits","player_choice":"Paid Fearfully","floor":29.0,"gold_loss":74.0,"damage_taken":0.0}],"is_beta":false,"boss_relics":[{"not_picked":["Busted Crown","Runic Pyramid"],"picked":"Cursed Key"}],"items_purged_floors":[8,20],"is_endless":false,"potions_floor_spawned":[5,10,18,24,28],"killed_by":"Collector","ascension_level":20}