{"path_per_floor":["M","?","?","T","$","R","M","E","T","M","R","E","M","M","R","B",null,"M","M","?","$","M","R","E","?","T","R","$","M","M","E","R","B",null,"M","?","?","?","M","E","?","M","T","M","E","$","?","M","R"],"character_chosen":"THE_SILENT","items_purchased":["Orichalcum","Dagger Throw","Frozen Egg","Finisher","Well Laid Plans"],"gold_per_floor":[116,116,216,216,20,20,35,66,66,76,76,103,123,140,140,243,243,260,275,275,50,61,61,93,93,117,117,50,61,72,99,99,203,203,214,214,0,0,18,43,43,61,61,76,109,34,34,49,49],"floor_reached":50,"campfire_rested":3,"playtime":6193,"current_hp_per_floor":[66,66,66,66,66,66,62,51,65,59,59,47,39,39,64,11,84,74,62,94,94,84,84,91,91,91,91,91,86,66,52,82,22,101,33,91,91,91,72,62,62,46,46,28,25,25,25,13,40],"items_purged":["Sucker Punch"],"gold":49,"play_id":"1e47d9db-4f98-49fe-8025-87e10a2b587d","is_prod":false,"is_daily":false,"is_ascension_mode":false,"campfire_upgraded":4,"path_taken":["M","?","?","?","$","R","M","E","T","M","R","E","M","M","R","BOSS","M","M","?","$","M","R","E","?","T","R","$","M","?","E","R","BOSS","M","?","?","?","?","E","?","M","T","M","E","$","?","M","R","BOSS"],"build_version":"2018-01-25-PROD3","purchased_purges":1,"victory":false,"master_deck":["Defend_G+1","Defend_G+1","Defend_G+1","Defend_G+1","Strike_G+1","Strike_G+1","Strike_G+1","Strike_G+1","Strike_G+1","Survivor+1","Neutralize+1","Finisher+1","Dagger Throw","Doppelganger+1","Infinite Blades+1","Flying Knee","Quick Slash","Infinite Blades+1","Heel Hook","Backflip+1","Dagger Throw","Finisher+1","Endless Agony","Well Laid Plans","Backflip+1","Choke","Envenom","Slice","Neutralize","Prepared","Deflect+1","Noxious Fumes+1","Decay","Dash+1"],"max_hp_per_floor":[70,70,70,70,70,70,70,70,84,84,84,84,84,84,84,84,84,84,84,94,94,94,94,101,101,101,101,101,101,101,101,101,101,101,101,91,91,91,91,91,91,91,91,91,91,91,91,91,91],"relics":["White Beast Statue","Tough Bandages","Orichalcum","Lantern","Mango","Ninja Scroll","Philosopher\u0027s Stone","Frozen Egg","Strawberry","War Paint","Snake Skull","Black Star","Red Mask","Pantograph","Bottled Flame","Bottled Lightning","Toolbox","Matryoshka"],"card_choices":[{"not_picked":["Deadly Poison","Caltrops"],"picked":"Finisher"},{"not_picked":["Poisoned Stab","Quick Slash"],"picked":"Doppelganger"},{"not_picked":["Endless Agony","Glass Knife"],"picked":"Infinite Blades"},{"not_picked":["PiercingWail","Outmaneuver"],"picked":"Flying Knee"},{"not_picked":["PiercingWail","Masterful Stab"],"picked":"Quick Slash"},{"not_picked":["Crippling Poison","Sucker Punch"],"picked":"Infinite Blades"},{"not_picked":["Deadly Poison","Quick Slash"],"picked":"Heel Hook"},{"not_picked":["Burst","Tools of the Trade"],"picked":"Wraith Form"},{"not_picked":["Poisoned Stab","Sucker Punch"],"picked":"Backflip"},{"not_picked":["Noxious Fumes","PiercingWail"],"picked":"Dagger Throw"},{"not_picked":["PiercingWail","Dagger Spray"],"picked":"Sucker Punch"},{"not_picked":["Backflip","Predator"],"picked":"Endless Agony"},{"not_picked":["Burst","Acrobatics"],"picked":"Backflip"},{"not_picked":["Blur","Masterful Stab"],"picked":"Choke"},{"not_picked":["Bullet Time","Adrenaline"],"picked":"Envenom"},{"not_picked":["Infinite Blades","Eviscerate"],"picked":"Slice"},{"not_picked":["Noxious Fumes","Terror"],"picked":"Prepared"},{"not_picked":["PiercingWail","Sucker Punch"],"picked":"Deflect"},{"not_picked":["Skewer","Acrobatics"],"picked":"Noxious Fumes"},{"not_picked":["Unload","Acrobatics"],"picked":"Dash"}],"player_experience":15854,"potions_floor_usage":[44,44,48,50,50,50],"damage_taken":[{"damage":4.0,"enemies":"Cultist","floor":1.0,"turns":5.0},{"damage":4.0,"enemies":"Jaw Worm","floor":7.0,"turns":3.0},{"damage":11.0,"enemies":"Gremlin Nob","floor":8.0,"turns":4.0},{"damage":6.0,"enemies":"Blue Slaver","floor":10.0,"turns":3.0},{"damage":12.0,"enemies":"Lagavulin","floor":12.0,"turns":5.0},{"damage":8.0,"enemies":"Exordium Wildlife","floor":13.0,"turns":2.0},{"damage":0.0,"enemies":"Looter","floor":14.0,"turns":1.0},{"damage":53.0,"enemies":"The Guardian","floor":16.0,"turns":8.0},{"damage":10.0,"enemies":"3 Byrds","floor":18.0,"turns":5.0},{"damage":12.0,"enemies":"2 Thieves","floor":19.0,"turns":4.0},{"damage":10.0,"enemies":"Centurion and Healer","floor":22.0,"turns":3.0},{"damage":0.0,"enemies":"Gremlin Leader","floor":24.0,"turns":5.0},{"damage":5.0,"enemies":"3 Cultists","floor":29.0,"turns":4.0},{"damage":20.0,"enemies":"Sentry and Sphere","floor":30.0,"turns":4.0},{"damage":14.0,"enemies":"Slavers","floor":31.0,"turns":4.0},{"damage":60.0,"enemies":"Collector","floor":33.0,"turns":7.0},{"damage":68.0,"enemies":"3 Shapes","floor":35.0,"turns":6.0},{"damage":19.0,"enemies":"3 Darklings","floor":39.0,"turns":3.0},{"damage":10,"enemies":"Nemesis","floor":40,"turns":4},{"damage":16,"enemies":"Maw","floor":42,"turns":7},{"damage":18,"enemies":"4 Shapes","floor":44,"turns":5},{"damage":3,"enemies":"Giant Head","floor":45,"turns":5},{"damage":12,"enemies":"3 Darklings","floor":48,"turns":3},{"damage":73,"enemies":"Time Eater","floor":50,"turns":6}],"event_choices":[{"event_name":"Living Wall","player_choice":"Forget","floor":2.0,"damage_taken":0.0},{"event_name":"Golden Shrine","player_choice":"Pray","floor":3.0,"damage_taken":0.0},{"event_name":"Bonfire Elementals","player_choice":"RARE","floor":20.0,"damage_taken":0.0},{"event_name":"Back to Basics","player_choice":"Simplicity","floor":25.0,"damage_taken":0.0},{"event_name":"The Moai Head","player_choice":"Heal","floor":36.0,"damage_taken":0.0},{"event_name":"Tomb of Lord Red Mask","player_choice":"Paid","floor":37.0,"damage_taken":0.0},{"event_name":"Match and Keep!","player_choice":"1 cards matched","floor":38.0,"damage_taken":0.0},{"event_name":"The Lab","player_choice":"Got Potions","floor":41,"damage_taken":0},{"event_name":"Wheel of Change","player_choice":"Curse","floor":47,"damage_taken":0}],"boss_relics":[],"potions_floor_spawned":[1,7,8,10,12,13,14,16,18,19,22,24,29,30,31,33,35,39,40,42,44,45,48],"seed_played":"1027791128977918054","killed_by":"Time Eater","ascension_level":0,"is_trial":false}