{"path_per_floor":["M","?","M","M","M","R","?","M","T","R","E","R","$","?","R","B",null,"M","?","M","?","M","R","T","E","T","M","R","?","R","$","R","B",null,"M","M","$","?","?","E","R","M","T","$","R","M","?","M","R"],"character_chosen":"IRONCLAD","items_purchased":["Bottled Tornado","Molten Egg","Fire Breathing"],"gold_per_floor":[116,66,76,87,97,97,71,88,88,88,119,119,44,104,104,204,204,217,217,228,228,241,241,241,276,300,320,320,320,320,71,71,172,172,185,199,7,0,0,35,35,53,135,35,35,51,51,64,64],"floor_reached":50,"campfire_rested":4,"playtime":5263,"current_hp_per_floor":[62,62,55,53,37,37,37,21,21,45,30,30,30,27,51,37,80,60,56,56,41,34,34,34,31,31,34,34,34,34,34,61,18,61,53,51,51,51,51,31,31,19,19,19,54,60,50,52,52],"items_purged":["Regret","Fire Breathing"],"gold":64,"play_id":"95e5ab24-f87f-4be2-bbfc-72a76d6d0af8","is_prod":false,"is_daily":false,"is_ascension_mode":false,"campfire_upgraded":4,"path_taken":["M","?","M","?","M","R","?","M","T","R","E","R","$","?","R","BOSS","M","?","?","?","M","R","?","E","T","M","R","?","R","$","R","BOSS","M","M","$","?","?","E","R","M","T","?","R","M","?","M","R","BOSS"],"build_version":"2018-01-25-PROD3","purchased_purges":2,"victory":false,"master_deck":["Defend_R","Defend_R","Defend_R","Defend_R","Bash","Dropkick","Iron Wave","Blood for Blood","Double Tap+1","Dropkick","Inflame","Metallicize+1","Double Tap+1","Warcry+1","Bite_R","Bite_R","Bite_R","Bite_R","Bite_R","Armaments","Shockwave+1","Heavy Blade+1","Anger","Headbutt","Limit Break","Inflame+1","Heavy Blade+1","Whirlwind","Twin Strike","Thunderclap","Spot Weakness","Thunderclap+1","Dramatic Entrance","True Grit","Bash","Dropkick+1","Twin Strike+1","Headbutt+1","Madness","Madness"],"max_hp_per_floor":[80,80,80,80,80,80,80,80,80,80,80,80,80,80,80,80,80,80,56,56,61,61,61,61,61,61,61,61,61,61,61,61,61,61,61,61,61,61,61,68,68,68,68,68,68,68,68,68,68],"relics":["Calling Bell","Oddly Smooth Stone","Girya","Pen Nib","Matryoshka","Meat on the Bone","Dream Catcher","Velvet Choker","Regal Pillow","Bag of Preparation","Juzu Bracelet","Happy Flower","Lantern","Bottled Tornado","Orrery","Molten Egg","Red Mask","Strawberry","Kunai"],"card_choices":[{"not_picked":["Disarm","Fire Breathing"],"picked":"Dropkick"},{"not_picked":["Shrug It Off","Burning Pact"],"picked":"Iron Wave"},{"not_picked":["Twin Strike","Anger"],"picked":"Blood for Blood"},{"not_picked":["Power Through","Anger"],"picked":"Double Tap"},{"not_picked":["Body Slam","Pommel Strike"],"picked":"Dropkick"},{"not_picked":["Blood for Blood","Perfected Strike"],"picked":"Inflame"},{"not_picked":["Shockwave","Pommel Strike"],"picked":"Metallicize"},{"not_picked":["Dark Embrace","Berserk"],"picked":"Double Tap"},{"not_picked":["Clash","Pommel Strike"],"picked":"Warcry"},{"not_picked":["Reckless Charge","Warcry"],"picked":"Armaments"},{"not_picked":["Twin Strike","Power Through"],"picked":"Shockwave"},{"not_picked":["Thunderclap","Corruption"],"picked":"Heavy Blade"},{"not_picked":["True Grit","Perfected Strike"],"picked":"Anger"},{"not_picked":["Corruption","Hemokinesis"],"picked":"Headbutt"},{"not_picked":["Bludgeon","Juggernaut"],"picked":"Limit Break"},{"not_picked":["Shrug It Off","Body Slam"],"picked":"Inflame"},{"not_picked":["Feel No Pain","Intimidate"],"picked":"Heavy Blade"},{"not_picked":["Rage","Iron Wave"],"picked":"Whirlwind"},{"not_picked":["Perfected Strike","Dual Wield"],"picked":"Twin Strike"},{"not_picked":["Searing Blow","Feel No Pain"],"picked":"Thunderclap"},{"not_picked":["Pommel Strike","Body Slam"],"picked":"Spot Weakness"},{"not_picked":["Infernal Blade","Perfected Strike"],"picked":"Thunderclap"},{"not_picked":["Clash","Dual Wield"],"picked":"Dropkick"},{"not_picked":["Clothesline","Whirlwind"],"picked":"Twin Strike"},{"not_picked":["Thunderclap","True Grit"],"picked":"Headbutt"}],"player_experience":7456,"potions_floor_usage":[11,14,14,40,40,42,50],"damage_taken":[{"damage":18,"enemies":"Jaw Worm","floor":1,"turns":6},{"damage":7,"enemies":"2 Louse","floor":3,"turns":3},{"damage":2,"enemies":"Small Slimes","floor":4,"turns":3},{"damage":16,"enemies":"Gremlin Gang","floor":5,"turns":4},{"damage":16,"enemies":"Exordium Wildlife","floor":8,"turns":4},{"damage":15,"enemies":"Lagavulin","floor":11,"turns":5},{"damage":15,"enemies":"Lagavulin Event","floor":14,"turns":6},{"damage":26,"enemies":"Slime Boss","floor":16,"turns":6},{"damage":20,"enemies":"3 Byrds","floor":18,"turns":5},{"damage":0,"enemies":"Chosen","floor":20,"turns":3},{"damage":19,"enemies":"Slaver and Parasite","floor":22,"turns":4},{"damage":13,"enemies":"Book of Stabbing","floor":25,"turns":4},{"damage":3,"enemies":"Snecko","floor":27,"turns":3},{"damage":57,"enemies":"Automaton","floor":33,"turns":7},{"damage":12,"enemies":"Orb Walker","floor":35,"turns":2},{"damage":11,"enemies":"3 Darklings","floor":36,"turns":4},{"damage":48,"enemies":"Giant Head","floor":40,"turns":7},{"damage":28,"enemies":"4 Shapes","floor":42,"turns":2},{"damage":0,"enemies":"Sphere and 2 Shapes","floor":46,"turns":2},{"damage":2,"enemies":"Maw","floor":48,"turns":4},{"damage":61,"enemies":"Donu and Deca","floor":50,"turns":5}],"event_choices":[{"event_name":"The Cleric","player_choice":"Card Removal","floor":2,"damage_taken":0},{"event_name":"World of Goop","player_choice":"Left","floor":7,"damage_taken":0},{"event_name":"Dead Adventurer","player_choice":"Searched \u00271\u0027 times","floor":14,"damage_taken":0},{"event_name":"Vampires","player_choice":"Became a vampire","floor":19,"damage_taken":0},{"event_name":"Forgotten Altar","player_choice":"Shed Blood","floor":21,"damage_taken":0},{"event_name":"Back to Basics","player_choice":"Elegance","floor":29,"damage_taken":0},{"event_name":"Tomb of Lord Red Mask","player_choice":"Paid","floor":38,"damage_taken":0},{"event_name":"Match and Keep!","player_choice":"3 cards matched","floor":39,"damage_taken":0},{"event_name":"Winding Halls","player_choice":"Embrace Madness","floor":47,"damage_taken":0}],"boss_relics":[{"not_picked":["Cursed Key","Runic Cube"],"picked":"Velvet Choker"},{"not_picked":["Runic Dome","Question Card"],"picked":"Orrery"}],"potions_floor_spawned":[3,5,11,14,14,16,22,27,33,35,46],"seed_played":"-2010874758346122004","killed_by":"Donu and Deca","ascension_level":0,"is_trial":false}