{"path_per_floor":["M","M","M","M","M","R","M","E","T","?","$","?","E","M","R","B",null,"M","?","M","$","?","E","R","M","T","R","T","E","$","M","R"],"character_chosen":"THE_SILENT","items_purchased":["Choke","Panache"],"gold_per_floor":[14,31,47,58,69,69,83,113,113,113,38,38,67,87,87,187,187,200,200,218,80,80,110,110,120,146,146,198,233,54,73,73,73],"floor_reached":33,"campfire_rested":2,"playtime":1245,"current_hp_per_floor":[70,70,70,64,62,62,62,51,51,51,51,51,41,39,39,33,70,70,70,68,68,68,31,52,49,49,49,49,16,16,11,47,0],"items_purged":["Strike_G","Strike_G"],"gold":73,"score":297,"play_id":"4f7c5e11-0474-4090-957b-7f5f800124c1","local_time":"20180401110215","is_prod":false,"is_daily":false,"is_ascension_mode":false,"campfire_upgraded":3,"timestamp":1522605735,"path_taken":["M","M","M","M","M","R","M","E","T","?","$","?","E","M","R","BOSS","M","?","M","?","?","E","R","M","T","R","?","E","$","?","R","BOSS"],"build_version":"2018-03-29v2","purchased_purges":3,"victory":false,"master_deck":["Defend_G","Defend_G","Defend_G","Defend_G","Defend_G","Strike_G","Strike_G","Survivor","Neutralize+1","Die Die Die","Sucker Punch","Dagger Spray","Glass Knife+1","Predator","Quick Slash","Setup+1","Dash","Slice","A Thousand Cuts","Dagger Throw","Slice","Slice","Terror+1","All Out Attack","Trip","Dash","Choke","Finisher","Dash","Endless Agony+1","Panache","Cloak And Dagger"],"max_hp_per_floor":[70,70,70,70,70,70,70,70,70,70,70,70,70,70,70,70,70,70,70,70,70,70,70,70,70,70,70,70,70,70,70,70,70],"relics":["Ring of the Snake","Pen Nib","Bottled Flame","Blood Vial","Orrery","Art of War","Oddly Smooth Stone","Regal Pillow","Du-Vu Doll"],"card_choices":[{"not_picked":["Envenom","A Thousand Cuts"],"picked":"Die Die Die","floor":0},{"not_picked":["Dodge and Roll","Outmaneuver"],"picked":"Sucker Punch","floor":1},{"not_picked":["Dodge and Roll","Deadly Poison"],"picked":"Dagger Spray","floor":2},{"not_picked":["Expertise","Deflect"],"picked":"Glass Knife","floor":3},{"not_picked":["Eviscerate","Underhanded Strike"],"picked":"Predator","floor":4},{"not_picked":["Deflect","Cloak And Dagger"],"picked":"Quick Slash","floor":5},{"not_picked":["Acrobatics","Deflect"],"picked":"Setup","floor":7},{"not_picked":["Wraith Form","Setup"],"picked":"Dash","floor":8},{"not_picked":["Underhanded Strike","Poisoned Stab"],"picked":"Slice","floor":13},{"not_picked":["Grand Finale","Wraith Form"],"picked":"A Thousand Cuts","floor":16},{"not_picked":["Bane","Outmaneuver"],"picked":"Dagger Throw","floor":17},{"not_picked":["Dagger Throw","Finisher"],"picked":"Slice","floor":17},{"not_picked":["Deadly Poison","Prepared"],"picked":"Slice","floor":17},{"not_picked":["Choke","Sucker Punch"],"picked":"Terror","floor":17},{"not_picked":["Flying Knee","Bane"],"picked":"All Out Attack","floor":18},{"not_picked":["Outmaneuver","Flechettes"],"picked":"Dash","floor":20},{"not_picked":["Masterful Stab","Deadly Poison"],"picked":"Finisher","floor":23},{"not_picked":["Dodge and Roll","Skewer"],"picked":"Dash","floor":25},{"not_picked":["Outmaneuver","Underhanded Strike"],"picked":"Endless Agony","floor":29},{"not_picked":["Infinite Blades","A Thousand Cuts"],"picked":"Cloak And Dagger","floor":31}],"player_experience":72859,"potions_floor_usage":[8,16,16,20,31,33,33],"damage_taken":[{"damage":0,"enemies":"Cultist","floor":1,"turns":4},{"damage":0,"enemies":"Small Slimes","floor":2,"turns":2},{"damage":0,"enemies":"Jaw Worm","floor":3,"turns":4},{"damage":6,"enemies":"Exordium Thugs","floor":4,"turns":4},{"damage":2,"enemies":"Red Slaver","floor":5,"turns":3},{"damage":0,"enemies":"3 Louse","floor":7,"turns":1},{"damage":11,"enemies":"Lagavulin","floor":8,"turns":5},{"damage":10,"enemies":"Gremlin Nob","floor":13,"turns":3},{"damage":4,"enemies":"Exordium Thugs","floor":14,"turns":3},{"damage":8,"enemies":"Hexaghost","floor":16,"turns":8},{"damage":0,"enemies":"3 Byrds","floor":18,"turns":4},{"damage":2,"enemies":"2 Thieves","floor":20,"turns":3},{"damage":39,"enemies":"Book of Stabbing","floor":23,"turns":6},{"damage":5,"enemies":"Cultist and Chosen","floor":25,"turns":4},{"damage":35,"enemies":"Gremlin Leader","floor":29,"turns":4},{"damage":7,"enemies":"Slaver and Parasite","floor":31,"turns":2},{"damage":67,"enemies":"Champ","floor":33,"turns":6}],"event_choices":[{"event_name":"Bonfire Elementals","player_choice":"BASIC","floor":10,"damage_taken":0},{"event_name":"Living Wall","player_choice":"Grow","floor":12,"damage_taken":0},{"event_name":"Match and Keep!","player_choice":"1 cards matched","floor":19,"damage_taken":0},{"event_name":"Drug Dealer","player_choice":"Ignored","floor":22,"damage_taken":0}],"boss_relics":[{"not_picked":["Astrolabe","Philosopher\u0027s Stone"],"picked":"Orrery"}],"potions_floor_spawned":[2,3,4,5,13,18,25,31],"seed_played":"-4673123394711966838","killed_by":"Champ","ascension_level":0,"is_trial":false}