{"gold_per_floor":[114,189,208,227,227,259,271,271,271,271,340,351,383,212,212,311,311,326,51,101,169,239,239,289,316,343,358,439,439,489,552,552,655,655,668,682,832,787,851,851,879,103,103,167,179,276,276,295,295,295,295,295,12,42,42],"floor_reached":55,"playtime":3802,"items_purged":["Pain","Injury"],"score":1083,"play_id":"8d1e883d-dcf0-432e-9722-3e8cca83ef1a","local_time":"20181126085740","is_ascension_mode":true,"campfire_choices":[{"floor":8,"key":"REST"},{"floor":15,"key":"REST"},{"floor":23,"key":"REST"},{"floor":29,"key":"REST"},{"floor":32,"key":"RECALL"},{"data":"Loop","floor":40,"key":"SMITH"},{"data":"Go for the Eyes","floor":47,"key":"SMITH"},{"data":"Rainbow","floor":49,"key":"SMITH"},{"data":"Go for the Eyes","floor":52,"key":"SMITH"}],"neow_cost":"PERCENT_DAMAGE","seed_source_timestamp":358303851168299,"circlet_count":0,"master_deck":["Defend_B","Defend_B","Defend_B","Defend_B","Zap","Dualcast+1","Go for the Eyes+1","Force Field","Self Repair","Seek","Go for the Eyes+1","Ball Lightning","Compile Driver","All For One","Loop+1","All For One","Auto Shields+1","Self Repair","Scrape","Darkness","Rainbow+1","Go for the Eyes","Steam","Bite","Bite","Bite","Bite","Bite","White Noise+1","Electrodynamics","Consume+1","Glacier","Blizzard+1","Capacitor+1","Streamline+1","Finesse","Force Field+1","Chill+1","Go for the Eyes+1","Steam","Static Discharge"],"relics":["Cracked Core","Bag of Preparation","Oddly Smooth Stone","SsserpentHead","Gremlin Horn","DataDisk","Eternal Feather","Darkstone Periapt","WarpedTongs","PreservedInsect","Red Mask","Cursed Key","Unceasing Top","Potion Belt","Vajra","Anchor","Cables","MealTicket","Pen Nib","Tiny Chest","Thread and Needle","Boot","Bottled Flame"],"potions_floor_usage":[6,6,16,25,33,37,50,50,55,55],"damage_taken":[{"damage":1,"enemies":"Cultist","floor":1,"turns":3},{"damage":2,"enemies":"Jaw Worm","floor":3,"turns":3},{"damage":8,"enemies":"2 Louse","floor":4,"turns":3},{"damage":23,"enemies":"Gremlin Nob","floor":6,"turns":4},{"damage":0,"enemies":"Red Slaver","floor":7,"turns":3},{"damage":0,"enemies":"3 Louse","floor":11,"turns":3},{"damage":15,"enemies":"Gremlin Gang","floor":12,"turns":5},{"damage":32,"enemies":"Lagavulin","floor":13,"turns":7},{"damage":16,"enemies":"Slime Boss","floor":16,"turns":7},{"damage":0,"enemies":"Spheric Guardian","floor":18,"turns":3},{"damage":28,"enemies":"3 Byrds","floor":21,"turns":6},{"damage":43,"enemies":"Sentry and Sphere","floor":22,"turns":6},{"damage":57,"enemies":"Slavers","floor":25,"turns":6},{"damage":17,"enemies":"Snake Plant","floor":27,"turns":4},{"damage":30,"enemies":"Masked Bandits","floor":28,"turns":5},{"damage":6,"enemies":"Cultist and Chosen","floor":31,"turns":6},{"damage":76,"enemies":"Champ","floor":33,"turns":10},{"damage":25,"enemies":"3 Darklings","floor":35,"turns":3},{"damage":6,"enemies":"3 Shapes","floor":36,"turns":2},{"damage":14,"enemies":"Mind Bloom Boss Battle","floor":37,"turns":7},{"damage":4,"enemies":"Sphere and 2 Shapes","floor":39,"turns":4},{"damage":36,"enemies":"Giant Head","floor":41,"turns":6},{"damage":31,"enemies":"Nemesis","floor":44,"turns":5},{"damage":7,"enemies":"Transient","floor":45,"turns":5},{"damage":0,"enemies":"2 Orb Walkers","floor":46,"turns":5},{"damage":1,"enemies":"Jaw Worm Horde","floor":48,"turns":5},{"damage":77,"enemies":"Time Eater","floor":50,"turns":13},{"damage":99,"enemies":"Shield and Spear","floor":54,"turns":9},{"damage":25,"enemies":"The Heart","floor":55,"turns":3}],"seed_played":"5459251413613149220","potions_obtained":[{"floor":3,"key":"Regen Potion"},{"floor":4,"key":"FearPotion"},{"floor":12,"key":"Poison Potion"},{"floor":16,"key":"FairyPotion"},{"floor":21,"key":"SkillPotion"},{"floor":27,"key":"FairyPotion"},{"floor":28,"key":"FocusPotion"},{"floor":35,"key":"Regen Potion"},{"floor":41,"key":"Poison Potion"},{"floor":45,"key":"PowerPotion"},{"floor":48,"key":"Ancient Potion"},{"floor":54,"key":"Block Potion"}],"is_trial":false,"path_per_floor":["M","?","M","M","?","E","M","R","T","?","M","M","E","$","R","B",null,"M","$","?","M","M","R","?","E","T","M","?","R","?","M","R","B",null,"M","M","?","?","M","R","E","$","T","E","M","?","R","M","R","B",null,"R","$","E","B"],"character_chosen":"DEFECT","items_purchased":["DataDisk","Loop","Darkstone Periapt","Self Repair","Anchor","Cables","MealTicket","Finesse","Boot","Static Discharge"],"campfire_rested":4,"item_purchase_floors":[14,14,19,19,42,42,42,42,53,53],"current_hp_per_floor":[63,52,50,42,24,20,27,53,53,53,60,52,27,27,53,44,78,78,78,84,73,30,73,95,55,55,38,25,68,66,63,66,16,54,31,25,36,36,38,59,50,50,56,42,51,66,72,72,72,8,56,72,72,17,0],"gold":42,"neow_bonus":"TWENTY_PERCENT_HP_BONUS","is_prod":false,"is_daily":false,"chose_seed":false,"campfire_upgraded":4,"win_rate":0,"timestamp":1543215460,"path_taken":["M","?","M","M","?","E","M","R","T","?","?","M","E","?","R","BOSS","M","$","?","?","?","R","?","E","T","M","?","R","?","?","R","BOSS","M","M","?","?","?","R","E","$","T","E","M","?","R","M","R","BOSS","R","$","E","BOSS"],"build_version":"2018-11-15","purchased_purges":2,"victory":false,"max_hp_per_floor":[89,89,89,89,89,89,89,89,89,89,89,89,89,89,89,89,89,89,89,95,95,95,95,95,95,95,95,95,95,66,66,66,66,66,66,66,66,66,66,66,66,66,72,72,72,72,72,72,72,72,72,72,72,72,72],"card_choices":[{"not_picked":["Coolheaded","Conserve Battery"],"picked":"Go for the Eyes","floor":1},{"not_picked":["Stack","Hologram"],"picked":"Force Field","floor":3},{"not_picked":["Turbo","Reprogram"],"picked":"Self Repair","floor":4},{"not_picked":["Double Energy","Steam"],"picked":"Seek","floor":6},{"not_picked":["Gash","Streamline"],"picked":"Go for the Eyes","floor":7},{"not_picked":["Gash","Conserve Battery"],"picked":"Ball Lightning","floor":11},{"not_picked":["Coolheaded","Barrage"],"picked":"Compile Driver","floor":12},{"not_picked":["Genetic Algorithm","Barrage"],"picked":"All For One","floor":13},{"not_picked":["Amplify","Seek"],"picked":"All For One","floor":16},{"not_picked":["Scrape","Rebound"],"picked":"Auto Shields+1","floor":18},{"not_picked":["Coolheaded","Sunder"],"picked":"Scrape","floor":21},{"not_picked":["Compile Driver+1","Hologram"],"picked":"Darkness","floor":22},{"not_picked":["Steam","Lockon"],"picked":"Rainbow","floor":25},{"not_picked":["Melter","Steam"],"picked":"Go for the Eyes","floor":27},{"not_picked":["Coolheaded","Ball Lightning"],"picked":"Steam","floor":28},{"not_picked":["Coolheaded+1","Skim"],"picked":"White Noise+1","floor":31},{"not_picked":["Thunder Strike","Multi-Cast"],"picked":"Electrodynamics","floor":33},{"not_picked":["Sweeping Beam+1","Compile Driver"],"picked":"Consume+1","floor":35},{"not_picked":["Sweeping Beam","Stack"],"picked":"Glacier","floor":36},{"not_picked":["Fission","Compile Driver"],"picked":"Blizzard+1","floor":37},{"not_picked":["Gash+1","Stack"],"picked":"Capacitor+1","floor":39},{"not_picked":["Compile Driver","Reprogram"],"picked":"Streamline+1","floor":41},{"not_picked":["Beam Cell","Ball Lightning+1"],"picked":"Force Field+1","floor":44},{"not_picked":["Compile Driver+1","Gash"],"picked":"Chill+1","floor":45},{"not_picked":["Hello World","Reprogram+1"],"picked":"Go for the Eyes+1","floor":46},{"not_picked":["Heatsinks+1","Recycle"],"picked":"Steam","floor":48},{"not_picked":["Compile Driver+1","Multi-Cast","Steam"],"picked":"SKIP","floor":54}],"player_experience":339881,"relics_obtained":[{"floor":6,"key":"Bag of Preparation"},{"floor":9,"key":"Oddly Smooth Stone"},{"floor":13,"key":"Gremlin Horn"},{"floor":25,"key":"PreservedInsect"},{"floor":28,"key":"Red Mask"},{"floor":37,"key":"Unceasing Top"},{"floor":41,"key":"Vajra"},{"floor":43,"key":"Pen Nib"},{"floor":44,"key":"Tiny Chest"},{"floor":46,"key":"Thread and Needle"},{"floor":54,"key":"Bottled Flame"}],"event_choices":[{"damage_healed":0,"gold_gain":75,"player_choice":"Gather Gold","damage_taken":11,"max_hp_gain":0,"max_hp_loss":0,"event_name":"World of Goop","floor":2,"gold_loss":0},{"damage_healed":0,"gold_gain":0,"player_choice":"Entered Light","damage_taken":18,"max_hp_gain":0,"max_hp_loss":0,"event_name":"Shining Light","floor":5,"gold_loss":0,"cards_upgraded":["Strike_B","Dualcast"]},{"damage_healed":0,"gold_gain":0,"player_choice":"Trade","damage_taken":0,"relics_obtained":["SsserpentHead"],"max_hp_gain":0,"max_hp_loss":0,"event_name":"FaceTrader","floor":10,"gold_loss":0},{"damage_healed":0,"gold_gain":0,"player_choice":"Rummage","damage_taken":0,"relics_obtained":["WarpedTongs"],"max_hp_gain":0,"max_hp_loss":0,"event_name":"Accursed Blacksmith","floor":20,"gold_loss":0,"cards_obtained":["Pain"]},{"damage_healed":31,"gold_gain":0,"player_choice":"Heal","damage_taken":0,"max_hp_gain":0,"max_hp_loss":0,"event_name":"The Library","floor":24,"gold_loss":0},{"damage_healed":0,"gold_gain":0,"player_choice":"Fought Bandits","damage_taken":0,"max_hp_gain":0,"max_hp_loss":0,"event_name":"Masked Bandits","floor":28,"gold_loss":0},{"damage_healed":0,"gold_gain":0,"player_choice":"Became a vampire","damage_taken":0,"max_hp_gain":0,"max_hp_loss":29,"event_name":"Vampires","floor":30,"gold_loss":0,"cards_obtained":["Bite","Bite","Bite","Bite","Bite"]},{"damage_healed":0,"gold_gain":0,"player_choice":"Fight","damage_taken":0,"max_hp_gain":0,"max_hp_loss":0,"event_name":"MindBloom","floor":37,"gold_loss":0},{"damage_healed":0,"gold_gain":0,"player_choice":"Paid Gold","damage_taken":0,"relics_obtained":["Potion Belt"],"max_hp_gain":0,"max_hp_loss":0,"event_name":"WeMeetAgain","floor":38,"gold_loss":95},{"damage_healed":0,"gold_gain":0,"player_choice":"Fight","damage_taken":0,"max_hp_gain":0,"max_hp_loss":0,"event_name":"Mysterious Sphere","floor":46,"gold_loss":0}],"is_beta":true,"boss_relics":[{"not_picked":["Velvet Choker","Astrolabe"],"picked":"Eternal Feather"},{"not_picked":["Black Star","Nuclear Battery"],"picked":"Cursed Key"}],"items_purged_floors":[42,53],"is_endless":false,"potions_floor_spawned":[3,4,12,16,21,27,28,31,35,36,41,45,48,54],"killed_by":"The Heart","ascension_level":6}