{"gold_per_floor":[111,111,127,94,112,141,141,172,172,172],"floor_reached":10,"playtime":453,"items_purged":[],"score":110,"play_id":"006c4cdf-ccc1-46b5-a2aa-bc49bba3ebb1","local_time":"20181107223743","is_ascension_mode":true,"campfire_choices":[{"floor":7,"key":"REST"}],"neow_cost":"NONE","seed_source_timestamp":1702341101740373,"circlet_count":0,"master_deck":["Defend_G","Defend_G","Defend_G","Defend_G","Defend_G","Strike_G","Strike_G","Strike_G","Strike_G","Strike_G","Survivor","Neutralize","Underhanded Strike","Underhanded Strike","Reflex","Leg Sweep","Terror","Reflex"],"relics":["Fusion Hammer","FaceOfCleric","Letter Opener","Bottled Flame","Ornamental Fan"],"potions_floor_usage":[],"damage_taken":[{"damage":2,"enemies":"2 Louse","floor":1,"turns":4},{"damage":0,"enemies":"Cultist","floor":3,"turns":3},{"damage":1,"enemies":"Jaw Worm","floor":5,"turns":3},{"damage":44,"enemies":"3 Sentries","floor":6,"turns":14},{"damage":25,"enemies":"Gremlin Nob","floor":8,"turns":5},{"damage":16,"enemies":"3 Sentries","floor":10,"turns":2}],"seed_played":"-3215597224879420577","potions_obtained":[],"is_trial":false,"path_per_floor":["M","?","M","$","M","E","R","E","T","E"],"character_chosen":"THE_SILENT","items_purchased":["Reflex"],"campfire_rested":1,"item_purchase_floors":[4],"current_hp_per_floor":[61,61,62,62,62,19,40,16,16,0],"gold":172,"neow_bonus":"BOSS_RELIC","is_prod":false,"is_daily":false,"chose_seed":false,"campfire_upgraded":0,"win_rate":0,"timestamp":1541623063,"path_taken":["M","?","?","$","?","E","R","E","T","E"],"build_version":"2018-11-06","purchased_purges":0,"victory":false,"max_hp_per_floor":[70,70,71,71,72,73,73,74,74,74],"card_choices":[{"not_picked":["Well Laid Plans","Deflect"],"picked":"Underhanded Strike","floor":1},{"not_picked":["Acrobatics","Outmaneuver"],"picked":"Underhanded Strike","floor":3},{"not_picked":["Catalyst","Blade Dance"],"picked":"Leg Sweep","floor":5},{"not_picked":["Concentrate","After Image"],"picked":"Terror","floor":6},{"not_picked":["Quick Slash","Crippling Poison"],"picked":"Reflex","floor":8}],"player_experience":276237,"relics_obtained":[{"floor":6,"key":"Letter Opener"},{"floor":8,"key":"Bottled Flame"},{"floor":9,"key":"Ornamental Fan"}],"event_choices":[{"damage_healed":0,"gold_gain":0,"player_choice":"Trade","damage_taken":0,"relics_obtained":["FaceOfCleric"],"max_hp_gain":0,"max_hp_loss":0,"event_name":"FaceTrader","floor":2,"gold_loss":0}],"is_beta":true,"boss_relics":[],"items_purged_floors":[],"is_endless":false,"potions_floor_spawned":[],"killed_by":"3 Sentries","ascension_level":9}