{"gold_per_floor":[110,71,71,71,87,87,103,103,174,174,205,205,221,1,1,1],"floor_reached":16,"playtime":372,"items_purged":[],"score":176,"play_id":"0ed23faa-3392-4382-bfb7-6048f90df0a7","local_time":"20190525225823","is_ascension_mode":true,"campfire_choices":[{"data":"Dualcast","floor":6,"key":"SMITH"},{"data":"Self Repair","floor":8,"key":"SMITH"},{"data":"Lockon","floor":10,"key":"SMITH"},{"data":"Zap","floor":12,"key":"SMITH"},{"data":"Blizzard","floor":15,"key":"SMITH"}],"neow_cost":"NONE","seed_source_timestamp":814411870791370,"circlet_count":0,"master_deck":["AscendersBane","Strike_B","Strike_B","Strike_B","Strike_B","Defend_B","Defend_B","Defend_B","Defend_B","Zap+1","Dualcast+1","Self Repair+1","Chill","Decay","BootSequence","Lockon+1","Coolheaded","Blizzard+1"],"special_seed":0,"relics":["Cracked Core","Golden Idol","Frozen Egg 2","Omamori","Lee\u0027s Waffle"],"potions_floor_usage":[11,16],"damage_taken":[{"damage":0.0,"enemies":"Small Slimes","floor":1.0,"turns":3.0},{"damage":1,"enemies":"2 Louse","floor":5,"turns":3},{"damage":1,"enemies":"Cultist","floor":7,"turns":4},{"damage":19,"enemies":"Lagavulin","floor":11,"turns":8},{"damage":16,"enemies":"3 Louse","floor":13,"turns":4},{"damage":86,"enemies":"Hexaghost","floor":16,"turns":9}],"seed_played":"-1948596925745132978","potions_obtained":[{"floor":7,"key":"FearPotion"},{"floor":11,"key":"SkillPotion"}],"is_trial":false,"path_per_floor":["M","$","?","?","M","R","M","R","T","R","E","R","M","$","R","B"],"character_chosen":"DEFECT","items_purchased":["Chill","Lee\u0027s Waffle"],"campfire_rested":0,"item_purchase_floors":[2,14],"current_hp_per_floor":[71,71,44,44,50,50,56,56,56,56,47,47,41,85,85,0],"gold":1,"neow_bonus":"TEN_PERCENT_HP_BONUS","is_prod":false,"is_daily":false,"chose_seed":false,"campfire_upgraded":5,"win_rate":0,"timestamp":1558796303,"path_taken":["M","$","?","?","M","R","M","R","T","R","E","R","?","$","R","BOSS"],"build_version":"2019-01-23","purchased_purges":0,"victory":false,"max_hp_per_floor":[78,78,78,78,78,78,78,78,78,78,78,78,78,85,85,85],"card_choices":[{"not_picked":["Hologram","Sweeping Beam"],"picked":"Self Repair","floor":1.0},{"not_picked":["Genetic Algorithm","Reinforced Body"],"picked":"BootSequence","floor":5},{"not_picked":["Genetic Algorithm","Darkness"],"picked":"Lockon","floor":7},{"not_picked":["Chaos","Ball Lightning"],"picked":"Coolheaded","floor":11},{"not_picked":["Ball Lightning","Gash"],"picked":"Blizzard","floor":13}],"player_experience":598456,"relics_obtained":[{"floor":9,"key":"Frozen Egg 2"},{"floor":11,"key":"Omamori"}],"event_choices":[{"damage_healed":0.0,"max_hp_gain":0.0,"max_hp_loss":0.0,"gold_gain":0.0,"event_name":"Golden Idol","player_choice":"Take Damage","floor":3.0,"gold_loss":0.0,"damage_taken":27.0,"relics_obtained":["Golden Idol"]},{"damage_healed":0.0,"max_hp_gain":0.0,"max_hp_loss":0.0,"gold_gain":0.0,"event_name":"Wheel of Change","player_choice":"Cursed","floor":4.0,"gold_loss":0.0,"damage_taken":0.0,"cards_obtained":["Decay"]}],"is_beta":false,"boss_relics":[],"items_purged_floors":[],"is_endless":false,"potions_floor_spawned":[7,11],"killed_by":"Hexaghost","ascension_level":16}