{"gold_per_floor":[14,26,46,59,70,70,90,90,90,416,416,416],"floor_reached":12,"playtime":681,"items_purged":[],"score":139,"play_id":"2bd6dc2b-64ea-44a9-b664-cf75ba571547","local_time":"20190525094549","is_ascension_mode":true,"campfire_choices":[{"data":"Well Laid Plans","floor":6.0,"key":"SMITH"},{"floor":8.0,"key":"REST"},{"data":"Adrenaline","floor":11.0,"key":"SMITH"}],"neow_cost":"NO_GOLD","seed_source_timestamp":0,"circlet_count":0,"master_deck":["AscendersBane","Defend_G","Defend_G","Defend_G","Defend_G","Defend_G","Strike_G","Strike_G","Strike_G","Strike_G","Strike_G","Survivor","Neutralize","Corpse Explosion","Deflect","Acrobatics","Adrenaline+1","Well Laid Plans+1","Dash","Leg Sweep"],"special_seed":0,"relics":["Ring of the Snake","Molten Egg 2","Old Coin"],"potions_floor_usage":[12],"damage_taken":[{"damage":0.0,"enemies":"Cultist","floor":1.0,"turns":4.0},{"damage":2.0,"enemies":"2 Louse","floor":2.0,"turns":2.0},{"damage":1.0,"enemies":"Small Slimes","floor":3.0,"turns":5.0},{"damage":18.0,"enemies":"Exordium Thugs","floor":4.0,"turns":9.0},{"damage":1.0,"enemies":"Looter","floor":5.0,"turns":5.0},{"damage":16.0,"enemies":"Exordium Wildlife","floor":7.0,"turns":4.0},{"damage":8.0,"enemies":"3 Sentries","floor":10.0,"turns":4.0},{"damage":34,"enemies":"Gremlin Nob","floor":12,"turns":5}],"seed_played":"-468697851992415084","potions_obtained":[{"floor":2.0,"key":"GamblersBrew"},{"floor":4.0,"key":"LiquidBronze"},{"floor":5.0,"key":"SteroidPotion"}],"is_trial":false,"path_per_floor":["M","M","M","M","M","R","M","R","T","E","R","E"],"character_chosen":"THE_SILENT","items_purchased":[],"campfire_rested":1,"item_purchase_floors":[],"current_hp_per_floor":[59,57,56,38,37,37,21,40,40,32,32,0],"gold":416,"neow_bonus":"THREE_RARE_CARDS","is_prod":false,"is_daily":false,"chose_seed":false,"campfire_upgraded":2,"win_rate":0,"timestamp":1558802749,"path_taken":["M","M","M","M","M","R","M","R","T","E","R","E"],"build_version":"2019-01-23","purchased_purges":0,"victory":false,"max_hp_per_floor":[66,66,66,66,66,66,66,66,66,66,66,66],"card_choices":[{"not_picked":["Night Terror","Wraith Form v2"],"picked":"Corpse Explosion","floor":0.0},{"not_picked":["Dagger Spray","Riddle With Holes"],"picked":"Deflect","floor":1.0},{"not_picked":["Blade Dance","Slice"],"picked":"Acrobatics","floor":2.0},{"not_picked":["Setup","Dagger Throw","Prepared"],"picked":"SKIP","floor":3.0},{"not_picked":["Blur","Blade Dance"],"picked":"Adrenaline","floor":4.0},{"not_picked":["Distraction","Dagger Throw"],"picked":"Well Laid Plans","floor":5.0},{"not_picked":["Accuracy","Quick Slash"],"picked":"Dash","floor":7.0},{"not_picked":["Sucker Punch+1","Quick Slash+1"],"picked":"Leg Sweep","floor":10.0}],"player_experience":399293,"relics_obtained":[{"floor":9.0,"key":"Molten Egg 2"},{"floor":10.0,"key":"Old Coin"}],"event_choices":[],"is_beta":false,"boss_relics":[],"items_purged_floors":[],"is_endless":false,"potions_floor_spawned":[2,4,5],"killed_by":"Gremlin Nob","ascension_level":14}