{"path_per_floor":["M","?","M","?","M","E","R","$","T","?","E","$","?","M","R","B",null,"M","M","$","?","?","E","R","E","T","R","?","E","R","$","R","B",null,"M","$","?","?","?","R","?","R","T","E","R","?","?","$","R","B"],"character_chosen":"THE_SILENT","items_purchased":["Juzu Bracelet","Block Potion","Backflip","Dash","Dodge and Roll","Catalyst","Bottled Lightning","Cloak And Dagger"],"gold_per_floor":[109,284,300,300,320,359,359,128,179,179,213,32,32,47,47,171,171,196,221,221,221,221,247,247,277,277,277,277,303,303,203,203,305,305,325,9,0,0,0,0,0,0,0,30,30,30,30,4,4,4],"floor_reached":51,"campfire_rested":5,"playtime":3439,"current_hp_per_floor":[68,68,67,50,43,25,46,46,46,32,6,6,6,6,27,12,70,68,51,51,51,51,43,64,64,64,64,64,53,53,53,53,6,70,68,68,68,68,68,68,59,59,59,15,36,36,36,36,57,18],"items_purged":["Doubt","Writhe"],"gold":4,"score":684,"play_id":"1be18480-dac7-448b-9e0a-8edec4d40e9a","is_prod":false,"is_daily":false,"is_ascension_mode":true,"campfire_upgraded":5,"path_taken":["M","?","?","?","M","E","R","$","T","?","E","$","?","M","R","BOSS","M","M","$","?","?","E","R","E","T","R","?","E","R","$","R","BOSS","M","$","?","?","?","R","?","R","T","E","R","?","?","?","R","BOSS"],"build_version":"2018-02-08-BETA1","purchased_purges":2,"victory":true,"master_deck":["Survivor","Neutralize","Terror+1","Well Laid Plans","Acrobatics+1","Deadly Poison","Backflip","Dash+1","Dodge and Roll","Dodge and Roll","Die Die Die","Deflect","Dagger Throw","Deadly Poison+1","Slice","Outmaneuver","Outmaneuver","Noxious Fumes+1","Flying Knee","Dagger Spray","Footwork","Deflect","Catalyst+1","Malaise","Backflip+1","Expertise","A Thousand Cuts+1","Deadly Poison+1","Catalyst+1","Madness","Madness","Malaise+1","Escape Plan+1","Decay","Cloak And Dagger","Footwork+1"],"max_hp_per_floor":[70,70,70,70,70,70,70,70,70,70,70,70,70,70,70,70,70,70,70,70,70,70,70,70,70,70,70,70,70,70,70,70,70,70,70,70,70,70,70,70,70,70,70,70,70,70,70,70,70,70],"relics":["Ring of the Snake","Bloody Idol","Matryoshka","Juzu Bracelet","Oddly Smooth Stone","Happy Flower","Ornamental Fan","Pandora\u0027s Box","Dream Catcher","Anchor","Frozen Egg 2","Orichalcum","Mummified Hand","Lantern","The Specimen","Bottled Lightning","Red Mask","Shovel","Bronze Scales"],"card_choices":[{"not_picked":["Poisoned Stab","Dagger Spray"],"picked":"Flechettes"},{"not_picked":["Dagger Spray","Dagger Throw"],"picked":"Terror"},{"not_picked":["Sucker Punch","Accuracy"],"picked":"Well Laid Plans"},{"not_picked":["Skewer","Noxious Fumes"],"picked":"Acrobatics"},{"not_picked":["Dagger Spray","Bane"],"picked":"Deadly Poison"},{"not_picked":["Infinite Blades","Doppelganger"],"picked":"Dodge and Roll"},{"not_picked":["Envenom","Corpse Explosion"],"picked":"Die Die Die"},{"not_picked":["PiercingWail","Sucker Punch"],"picked":"Footwork"},{"not_picked":["Flying Knee","PiercingWail"],"picked":"Deflect"},{"not_picked":["Expertise","Deflect"],"picked":"Catalyst"},{"not_picked":["Leg Sweep","Underhanded Strike"],"picked":"Malaise"},{"not_picked":["Glass Knife","Slice"],"picked":"Backflip"},{"not_picked":["Deflect","Eviscerate"],"picked":"Expertise"},{"not_picked":["Corpse Explosion","After Image"],"picked":"A Thousand Cuts"},{"not_picked":["PiercingWail","Infinite Blades"],"picked":"Deadly Poison"},{"not_picked":["Flying Knee","Dagger Throw"],"picked":"Malaise"},{"not_picked":["Deflect","Acrobatics"],"picked":"Escape Plan"},{"not_picked":["PiercingWail","Poisoned Stab"],"picked":"Footwork"}],"player_experience":79992,"potions_floor_usage":[6,14,16,16,33,33,33,50],"damage_taken":[{"damage":2,"enemies":"Small Slimes","floor":1,"turns":3},{"damage":1,"enemies":"2 Louse","floor":3,"turns":2},{"damage":7,"enemies":"Blue Slaver","floor":5,"turns":5},{"damage":18,"enemies":"Lagavulin","floor":6,"turns":10},{"damage":26,"enemies":"Gremlin Nob","floor":11,"turns":4},{"damage":0,"enemies":"3 Louse","floor":14,"turns":4},{"damage":15,"enemies":"The Guardian","floor":16,"turns":11},{"damage":2,"enemies":"Chosen","floor":18,"turns":5},{"damage":17,"enemies":"3 Byrds","floor":19,"turns":5},{"damage":13,"enemies":"Book of Stabbing","floor":23,"turns":6},{"damage":5,"enemies":"Gremlin Leader","floor":25,"turns":6},{"damage":16,"enemies":"Book of Stabbing","floor":29,"turns":7},{"damage":52,"enemies":"Collector","floor":33,"turns":8},{"damage":7,"enemies":"3 Darklings","floor":35,"turns":4},{"damage":49,"enemies":"Nemesis","floor":44,"turns":7},{"damage":39,"enemies":"Donu and Deca","floor":50,"turns":9}],"event_choices":[{"event_name":"Liars Game","player_choice":"agreed","floor":2,"damage_taken":0},{"event_name":"Golden Idol","player_choice":"Take Damage","floor":4,"damage_taken":0},{"event_name":"Shining Light","player_choice":"Entered Light","floor":10,"damage_taken":0},{"event_name":"Living Wall","player_choice":"Grow","floor":13,"damage_taken":0},{"event_name":"Beggar","player_choice":"Ignored","floor":21,"damage_taken":0},{"event_name":"Forgotten Altar","player_choice":"Gave Idol","floor":22,"damage_taken":0},{"event_name":"The Mausoleum","player_choice":"Yes","floor":28,"damage_taken":0},{"event_name":"Tomb of Lord Red Mask","player_choice":"Paid","floor":37,"damage_taken":0},{"event_name":"Purifier","player_choice":"One Purge","floor":38,"damage_taken":0},{"event_name":"Winding Halls","player_choice":"Embrace Madness","floor":41,"damage_taken":0},{"event_name":"Wheel of Change","player_choice":"Curse","floor":46,"damage_taken":0},{"event_name":"Mysterious Sphere","player_choice":"Ignore","floor":47,"damage_taken":0}],"boss_relics":[{"not_picked":["Black Star","Runic Pyramid"],"picked":"Pandora\u0027s Box"},{"not_picked":["Runic Dome","Snecko Eye"],"picked":"The Specimen"}],"potions_floor_spawned":[3,11,14,16,23,25,29,44],"seed_played":"-3748172930781464111","ascension_level":2,"is_trial":false}