{"gold_per_floor":[110,34,34,34,52,52,66,97,97,128,128,145,145,172,172,267,267,287,306,306,326,241,241,276,293,320,320,345,345,74,74,74,175,175,190,0,0,0,0,0,25,43,43,43,43,143,161,7,7,7],"floor_reached":51,"playtime":2683,"items_purged":["Pain"],"score":1143,"play_id":"58c73b05-eebc-4c24-84d2-7838fbdd387a","local_time":"20190210142331","is_ascension_mode":true,"campfire_choices":[{"floor":6,"key":"REST"},{"floor":11,"key":"REST"},{"floor":13,"key":"REST"},{"floor":15,"key":"REST"},{"data":"White Noise","floor":23,"key":"SMITH"},{"floor":27,"key":"REST"},{"floor":29,"key":"REST"},{"data":"Beam Cell","floor":32,"key":"SMITH"},{"data":"Beam Cell","floor":40,"key":"SMITH"},{"floor":45,"key":"REST"},{"floor":49,"key":"REST"}],"neow_cost":"PERCENT_DAMAGE","seed_source_timestamp":1682259589911674,"circlet_count":0,"master_deck":["Strike_B","Strike_B","Strike_B","Strike_B","Defend_B","Defend_B","Defend_B","Defend_B","Zap","Dualcast","White Noise+1","Core Surge","FTL","Static Discharge","Ball Lightning","Go for the Eyes","Ball Lightning","Sunder","Ball Lightning","Machine Learning","Beam Cell+1","Sunder","Glacier+1","Cold Snap","Force Field+1","Ball Lightning","Beam Cell+1","Seek","Streamline","White Noise+1","Conserve Battery","Writhe"],"relics":["Cracked Core","WarpedTongs","Prayer Wheel","Torii","WingedGreaves","Blue Candle","Eternal Feather","Singing Bowl","Lantern","Oddly Smooth Stone","FossilizedHelix","Sling","Kunai","Orrery","Red Mask","Unceasing Top","Letter Opener","DataDisk"],"potions_floor_usage":[10,19,21,21,21,21,24,25,33,50,50],"damage_taken":[{"damage":3,"enemies":"2 Louse","floor":1,"turns":2},{"damage":8,"enemies":"Jaw Worm","floor":5,"turns":3},{"damage":0,"enemies":"Cultist","floor":7,"turns":2},{"damage":37,"enemies":"Gremlin Nob","floor":8,"turns":3},{"damage":1,"enemies":"3 Sentries","floor":10,"turns":2},{"damage":5,"enemies":"3 Louse","floor":12,"turns":2},{"damage":28,"enemies":"Lagavulin","floor":14,"turns":5},{"damage":1,"enemies":"Slime Boss","floor":16,"turns":4},{"damage":7,"enemies":"Chosen","floor":18,"turns":4},{"damage":10,"enemies":"Shell Parasite","floor":19,"turns":3},{"damage":2,"enemies":"Centurion and Healer","floor":21,"turns":3},{"damage":37,"enemies":"Gremlin Leader","floor":24,"turns":6},{"damage":21,"enemies":"Snecko","floor":25,"turns":5},{"damage":26,"enemies":"Book of Stabbing","floor":28,"turns":5},{"damage":22,"enemies":"Collector","floor":33,"turns":11},{"damage":11,"enemies":"3 Shapes","floor":35,"turns":2},{"damage":39,"enemies":"Reptomancer","floor":41,"turns":7},{"damage":60,"enemies":"3 Darklings","floor":42,"turns":6},{"damage":8,"enemies":"Jaw Worm Horde","floor":47,"turns":5},{"damage":94,"enemies":"Awakened One","floor":50,"turns":12}],"seed_played":"640913390724058131","potions_obtained":[{"floor":1,"key":"SkillPotion"},{"floor":8,"key":"AttackPotion"},{"floor":10,"key":"LiquidBronze"},{"floor":14,"key":"SneckoOil"},{"floor":16,"key":"Fire Potion"},{"floor":18,"key":"EntropicBrew"},{"floor":24,"key":"Energy Potion"},{"floor":25,"key":"Strength Potion"},{"floor":41,"key":"FocusPotion"},{"floor":42,"key":"AttackPotion"}],"is_trial":false,"path_per_floor":["M","$","?","?","M","R","M","E","T","E","R","M","R","E","R","B",null,"M","M","?","M","?","R","E","M","T","R","E","R","$","T","R","B",null,"M","?","?","$","?","R","E","M","T","?","R","?","M","$","R","B",null],"character_chosen":"DEFECT","items_purchased":["Core Surge","Sling","DataDisk"],"campfire_rested":8,"item_purchase_floors":[2,30,48],"current_hp_per_floor":[47,47,47,47,39,61,61,24,24,23,45,40,62,34,56,55,70,63,53,53,51,51,66,29,10,10,51,27,68,68,68,79,57,82,73,73,73,73,99,99,62,4,4,30,78,78,74,74,107,13],"gold":7,"neow_bonus":"THREE_RARE_CARDS","is_prod":false,"is_daily":false,"chose_seed":false,"campfire_upgraded":3,"win_rate":0,"timestamp":1549801411,"path_taken":["M","$","?","?","M","R","M","E","T","E","R","M","R","E","R","BOSS","M","?","?","M","?","R","E","M","T","R","E","R","$","?","R","BOSS","M","?","?","?","?","R","E","?","T","?","R","?","M","$","R","BOSS"],"build_version":"2019-02-06","purchased_purges":1,"victory":true,"max_hp_per_floor":[75,75,75,75,75,75,75,75,75,75,75,75,75,75,75,75,75,75,75,75,75,75,75,75,77,77,77,79,79,79,79,79,79,87,89,89,89,89,99,99,101,103,103,103,103,103,107,107,107,107],"card_choices":[{"not_picked":["Meteor Strike","Biased Cognition"],"picked":"Hyperbeam","floor":0},{"not_picked":["Consume","Compile Driver"],"picked":"White Noise","floor":1},{"not_picked":["Go for the Eyes","Stack"],"picked":"FTL","floor":5},{"not_picked":["Hello World","Gash"],"picked":"Static Discharge","floor":7},{"not_picked":["Rainbow","Reprogram"],"picked":"Ball Lightning","floor":8},{"not_picked":["Stack","Compile Driver"],"picked":"Go for the Eyes","floor":10},{"not_picked":["Go for the Eyes","Defragment"],"picked":"Ball Lightning","floor":12},{"not_picked":["Lockon","Blizzard"],"picked":"Sunder","floor":12},{"not_picked":["Hologram","Gash"],"picked":"Ball Lightning","floor":14},{"not_picked":["Reboot","Rainbow"],"picked":"Machine Learning","floor":16},{"not_picked":["Hologram","Recycle"],"picked":"Beam Cell","floor":18},{"not_picked":["Doom and Gloom","Stack"],"picked":"Sunder","floor":18},{"not_picked":["Blizzard+1","Ball Lightning+1"],"picked":"Glacier+1","floor":19},{"not_picked":["Stack","Steam Power"],"picked":"Cold Snap","floor":19},{"not_picked":["Ball Lightning","Compile Driver"],"picked":"Force Field+1","floor":21},{"not_picked":["Compile Driver","Gash"],"picked":"Ball Lightning","floor":21},{"not_picked":["Streamline","Storm"],"picked":"Beam Cell","floor":24},{"not_picked":["Sweeping Beam+1","Streamline"],"picked":"Static Discharge","floor":25},{"not_picked":["Hologram","Amplify","Chaos+1"],"picked":"Singing Bowl","floor":25},{"not_picked":["Sunder","Stack","Leap+1"],"picked":"Singing Bowl","floor":28},{"not_picked":["Core Surge","Buffer"],"picked":"Seek","floor":33},{"not_picked":["Stack","Barrage","Melter"],"picked":"Singing Bowl","floor":34},{"not_picked":["Coolheaded","Stack"],"picked":"Streamline","floor":34},{"not_picked":["Force Field","Rebound","Steam"],"picked":"Singing Bowl","floor":34},{"not_picked":["Steam","Compile Driver","Defragment"],"picked":"Singing Bowl","floor":34},{"not_picked":["Multi-Cast","Darkness+1","Rebound"],"picked":"Singing Bowl","floor":34},{"not_picked":["Coolheaded","Defragment","Leap"],"picked":"Singing Bowl","floor":35},{"not_picked":["Ball Lightning+1","Leap+1"],"picked":"White Noise+1","floor":35},{"not_picked":["Gash","Compile Driver","Sweeping Beam"],"picked":"Singing Bowl","floor":41},{"not_picked":["Self Repair","Coolheaded"],"picked":"Conserve Battery","floor":42},{"not_picked":["Aggregate","Steam","Defragment"],"picked":"Singing Bowl","floor":42},{"not_picked":["Self Repair","Stack","Barrage"],"picked":"Singing Bowl","floor":47},{"not_picked":["Skim+1","Rainbow","Heatsinks"],"picked":"Singing Bowl","floor":47}],"player_experience":464778,"relics_obtained":[{"floor":8,"key":"Prayer Wheel"},{"floor":9,"key":"Torii"},{"floor":10,"key":"WingedGreaves"},{"floor":14,"key":"Blue Candle"},{"floor":24,"key":"Lantern"},{"floor":26,"key":"Oddly Smooth Stone"},{"floor":28,"key":"FossilizedHelix"},{"floor":31,"key":"Kunai"},{"floor":41,"key":"Unceasing Top"},{"floor":43,"key":"Letter Opener"}],"event_choices":[{"damage_healed":0,"gold_gain":0,"player_choice":"Grow","damage_taken":0,"max_hp_gain":0,"max_hp_loss":0,"event_name":"Living Wall","floor":3,"gold_loss":0,"cards_upgraded":["Hyperbeam"]},{"damage_healed":0,"gold_gain":0,"player_choice":"Rummage","damage_taken":0,"relics_obtained":["WarpedTongs"],"max_hp_gain":0,"max_hp_loss":0,"event_name":"Accursed Blacksmith","floor":4,"gold_loss":0,"cards_obtained":["Pain"]},{"damage_healed":0,"gold_gain":0,"player_choice":"Ignored","damage_taken":0,"max_hp_gain":0,"max_hp_loss":0,"event_name":"Ghosts","floor":20,"gold_loss":0},{"damage_healed":0,"gold_gain":0,"player_choice":"Obtained Relic","damage_taken":0,"relics_obtained":["Singing Bowl"],"max_hp_gain":0,"max_hp_loss":0,"event_name":"Addict","floor":22,"gold_loss":85},{"damage_healed":0,"gold_gain":0,"player_choice":"Paid","damage_taken":0,"relics_obtained":["Red Mask"],"max_hp_gain":0,"max_hp_loss":0,"event_name":"Tomb of Lord Red Mask","floor":36,"gold_loss":190},{"cards_removed":["Static Discharge"],"damage_healed":0,"gold_gain":0,"player_choice":"Removed Power","damage_taken":0,"max_hp_gain":0,"max_hp_loss":0,"event_name":"Falling","floor":37,"gold_loss":0},{"cards_removed":["Hyperbeam"],"damage_healed":16,"gold_gain":0,"player_choice":"Offered Rare","damage_taken":0,"max_hp_gain":10,"max_hp_loss":0,"event_name":"Bonfire Elementals","floor":39,"gold_loss":0},{"damage_healed":26,"gold_gain":0,"player_choice":"Writhe","damage_taken":0,"max_hp_gain":0,"max_hp_loss":0,"event_name":"Winding Halls","floor":44,"gold_loss":0,"cards_obtained":["Writhe"]},{"damage_healed":0,"gold_gain":100,"player_choice":"Pray","damage_taken":0,"max_hp_gain":0,"max_hp_loss":0,"event_name":"Golden Shrine","floor":46,"gold_loss":0}],"is_beta":true,"boss_relics":[{"not_picked":["Nuclear Battery","Calling Bell"],"picked":"Eternal Feather"},{"not_picked":["Inserter","Coffee Dripper"],"picked":"Orrery"}],"items_purged_floors":[30],"is_endless":false,"potions_floor_spawned":[1,8,10,14,16,18,24,25,41,42],"ascension_level":8}