{"gold_per_floor":[110,110,121,131,49,49,67,93,116,148,98,153,153,167,167,262,262,272,272,288,304,46,46,61,61,61,61,77,0,13,38,38,139,139,153,153,38,57,71,71,95,95,95,107,8,41,41,41,41,41],"floor_reached":50,"playtime":3591,"items_purged":["Normality"],"score":588,"play_id":"b6225c06-cd90-489b-a4fc-0319b22e1d8b","local_time":"20190319211729","is_ascension_mode":true,"campfire_choices":[{"data":"Zap","floor":6.0,"key":"SMITH"},{"data":"Defragment","floor":13.0,"key":"SMITH"},{"data":"White Noise","floor":15.0,"key":"SMITH"},{"data":"Dualcast","floor":23.0,"key":"SMITH"},{"floor":25.0,"key":"REST"},{"floor":32,"key":"REST"},{"floor":40,"key":"REST"},{"floor":42,"key":"REST"},{"floor":49,"key":"REST"}],"neow_cost":"NONE","seed_source_timestamp":0,"circlet_count":0,"master_deck":["Strike_B+1","Defend_B+1","Defend_B+1","Defend_B+1","Defend_B+1","Zap+1","Dualcast+1","Rebound","Defragment+1","Cold Snap","Echo Form","White Noise+1","Core Surge","White Noise+1","Zap","Coolheaded","Capacitor+1","Double Energy+1","Echo Form+1","Auto Shields+1","Fusion+1","Cold Snap","Loop+1","Conserve Battery+1","White Noise","Sadistic Nature+1"],"special_seed":0,"relics":["Cracked Core","Oddly Smooth Stone","War Paint","Vajra","Boot","Tiny Chest","Lizard Tail","Mummified Hand","Frozen Egg 2","Centennial Puzzle","Astrolabe","Molten Egg 2","Juzu Bracelet","Pocketwatch","Calipers"],"potions_floor_usage":[28,28,33,35,39,46,46,50,50],"damage_taken":[{"damage":7.0,"enemies":"Jaw Worm","floor":1.0,"turns":5.0},{"damage":0.0,"enemies":"Cultist","floor":3.0,"turns":3.0},{"damage":0.0,"enemies":"Small Slimes","floor":4.0,"turns":2.0},{"damage":9.0,"enemies":"2 Fungi Beasts","floor":7.0,"turns":2.0},{"damage":14.0,"enemies":"3 Sentries","floor":8.0,"turns":8.0},{"damage":2.0,"enemies":"Lagavulin","floor":10.0,"turns":6.0},{"damage":9.0,"enemies":"3 Sentries","floor":12.0,"turns":7.0},{"damage":0.0,"enemies":"Lots of Slimes","floor":14.0,"turns":3.0},{"damage":10.0,"enemies":"The Guardian","floor":16.0,"turns":9.0},{"damage":22.0,"enemies":"2 Thieves","floor":18.0,"turns":4.0},{"damage":9.0,"enemies":"Shell Parasite","floor":20.0,"turns":5.0},{"damage":20.0,"enemies":"Shelled Parasite and Fungi","floor":21.0,"turns":6.0},{"damage":16.0,"enemies":"Snake Plant","floor":24.0,"turns":4.0},{"damage":8,"enemies":"Centurion and Healer","floor":28,"turns":6},{"damage":16,"enemies":"Shelled Parasite and Fungi","floor":30,"turns":5},{"damage":25,"enemies":"Champ","floor":33,"turns":13},{"damage":26,"enemies":"3 Darklings","floor":35,"turns":10},{"damage":20,"enemies":"Orb Walker","floor":38,"turns":5},{"damage":47,"enemies":"4 Shapes","floor":39,"turns":5},{"damage":2,"enemies":"Sphere and 2 Shapes","floor":44,"turns":7},{"damage":33,"enemies":"Reptomancer","floor":46,"turns":5},{"damage":63,"enemies":"Time Eater","floor":50,"turns":11}],"seed_played":"-4069499847810547116","potions_obtained":[{"floor":2.0,"key":"Fire Potion"},{"floor":2.0,"key":"Block Potion"},{"floor":2.0,"key":"EntropicBrew"},{"floor":4.0,"key":"SneckoOil"},{"floor":10.0,"key":"GamblersBrew"},{"floor":12.0,"key":"AttackPotion"},{"floor":16.0,"key":"SteroidPotion"},{"floor":18.0,"key":"Poison Potion"},{"floor":21.0,"key":"FocusPotion"},{"floor":28,"key":"GamblersBrew"},{"floor":33,"key":"SkillPotion"},{"floor":35,"key":"Explosive Potion"},{"floor":38,"key":"EssenceOfSteel"},{"floor":46,"key":"SkillPotion"}],"is_trial":false,"path_per_floor":["M","?","M","M","$","R","M","E","T","E","?","E","R","M","R","B",null,"M","?","M","M","$","R","M","R","T","?","M","$","M","T","R","B",null,"M","T","$","M","M","R","T","R","T","M","$","E","?","?","R","B"],"character_chosen":"DEFECT","items_purchased":["Defragment","Mummified Hand","Capacitor+1","Loop+1","Energy Potion","Weak Potion"],"campfire_rested":5,"item_purchase_floors":[5,22,29,37,45,45],"current_hp_per_floor":[68,68,68,68,68,68,59,45,45,43,43,34,34,34,34,24,75,53,53,44,24,24,24,8,30,30,30,22,22,6,6,28,3,75,49,49,49,29,24,46,46,68,68,66,66,33,33,33,54,0],"gold":41,"neow_bonus":"RANDOM_COMMON_RELIC","is_prod":false,"is_daily":false,"chose_seed":false,"campfire_upgraded":4,"win_rate":0,"timestamp":1553055449,"path_taken":["M","?","?","M","$","R","M","E","T","E","?","E","R","M","R","BOSS","M","?","M","M","$","R","M","R","T","?","M","$","?","?","R","BOSS","M","?","$","M","M","R","?","R","T","M","$","E","?","?","R","BOSS"],"build_version":"2019-01-23","purchased_purges":1,"victory":false,"max_hp_per_floor":[75,75,75,75,75,75,75,75,75,75,75,75,75,75,75,75,75,75,75,75,75,75,75,75,75,75,75,75,75,75,75,75,75,75,75,75,75,75,75,75,75,75,75,75,75,75,71,71,71,71],"card_choices":[{"not_picked":["Scrape","Genetic Algorithm"],"picked":"Rebound","floor":1.0},{"not_picked":["Steam","Turbo","Doom and Gloom"],"picked":"SKIP","floor":3.0},{"not_picked":["Steam","Turbo","Doom and Gloom"],"picked":"SKIP","floor":3.0},{"not_picked":["Steam Power","Ball Lightning","Stack"],"picked":"SKIP","floor":4.0},{"not_picked":["Rebound","Tempest"],"picked":"Cold Snap","floor":7.0},{"not_picked":["Redo","Doom and Gloom"],"picked":"Echo Form","floor":8.0},{"not_picked":["Go for the Eyes","Sweeping Beam"],"picked":"White Noise","floor":10.0},{"not_picked":["Hologram","Fusion","Tempest"],"picked":"SKIP","floor":12.0},{"not_picked":["Stack","Self Repair","Multi-Cast"],"picked":"SKIP","floor":14.0},{"not_picked":["Multi-Cast","Hyperbeam"],"picked":"Core Surge","floor":16.0},{"not_picked":["Streamline","Stack","Hello World"],"picked":"SKIP","floor":18.0},{"not_picked":["Sweeping Beam+1","Conserve Battery","Go for the Eyes"],"picked":"SKIP","floor":20.0},{"not_picked":["Storm","Hologram"],"picked":"White Noise+1","floor":21.0},{"not_picked":["Go for the Eyes","Reboot","Fusion"],"picked":"SKIP","floor":24.0},{"not_picked":["Fusion+1","Steam"],"picked":"Coolheaded","floor":28},{"not_picked":["Scrape+1","Rebound"],"picked":"Double Energy+1","floor":30},{"not_picked":["Hyperbeam","Amplify"],"picked":"Echo Form+1","floor":33},{"not_picked":["Conserve Battery","Self Repair+1"],"picked":"Cold Snap","floor":35},{"not_picked":["Rebound+1","Hologram"],"picked":"Conserve Battery+1","floor":38},{"not_picked":["Aggregate+1","Turbo","Double Energy"],"picked":"SKIP","floor":39},{"not_picked":["Reprogram+1","Glacier"],"picked":"White Noise","floor":44},{"not_picked":["Reprogram+1","Thunder Strike+1","Sweeping Beam+1"],"picked":"SKIP","floor":46},{"not_picked":["The Bomb","Panacea"],"picked":"Sadistic Nature+1","floor":48}],"player_experience":207932,"relics_obtained":[{"floor":8.0,"key":"War Paint"},{"floor":9.0,"key":"Vajra"},{"floor":10.0,"key":"Boot"},{"floor":12.0,"key":"Tiny Chest"},{"floor":26.0,"key":"Frozen Egg 2"},{"floor":31,"key":"Centennial Puzzle"},{"floor":36,"key":"Molten Egg 2"},{"floor":41,"key":"Juzu Bracelet"},{"floor":43,"key":"Pocketwatch"},{"floor":46,"key":"Calipers"}],"event_choices":[{"damage_healed":0.0,"max_hp_gain":0.0,"max_hp_loss":0.0,"gold_gain":0.0,"event_name":"Lab","player_choice":"Got Potions","floor":2.0,"gold_loss":0.0,"damage_taken":0.0},{"cards_removed":["Strike_B"],"damage_healed":0.0,"max_hp_gain":0.0,"max_hp_loss":0.0,"gold_gain":0.0,"event_name":"The Cleric","player_choice":"Card Removal","floor":11.0,"gold_loss":50.0,"damage_taken":0.0},{"damage_healed":0.0,"max_hp_gain":0.0,"max_hp_loss":0.0,"gold_gain":0.0,"event_name":"Back to Basics","player_choice":"Simplicity","floor":19.0,"gold_loss":0.0,"damage_taken":0.0,"cards_upgraded":["Strike_B","Strike_B","Strike_B","Defend_B","Defend_B"]},{"damage_healed":0.0,"max_hp_gain":0.0,"max_hp_loss":0.0,"gold_gain":0.0,"event_name":"Match and Keep!","player_choice":"2 cards matched","floor":27.0,"gold_loss":0.0,"damage_taken":0.0,"cards_obtained":["Zap","Regret"]},{"damage_healed":0,"gold_gain":0,"player_choice":"Max HP","damage_taken":0,"max_hp_gain":0,"max_hp_loss":4,"event_name":"Winding Halls","floor":47,"gold_loss":0},{"damage_healed":0,"gold_gain":0,"player_choice":"Memory 1","damage_taken":0,"max_hp_gain":0,"max_hp_loss":0,"event_name":"SensoryStone","floor":48,"gold_loss":0}],"is_beta":false,"boss_relics":[{"not_picked":["Philosopher\u0027s Stone","Eternal Feather"],"picked":"Lizard Tail"},{"not_picked":["Pandora\u0027s Box","Snecko Eye"],"picked":"Astrolabe"}],"items_purged_floors":[37],"is_endless":false,"potions_floor_spawned":[3,4,10,12,16,18,21,28,33,35,38,46],"killed_by":"Time Eater","ascension_level":4}