{"path_per_floor":["M","?","M","$","M","E","M","$","T","?","E","M","R","M","R","B",null,"M","$","?","M","T","E","?","R","T","?","M","M","$","T","R","B",null,"M","$","?","?","?","R","E","M","T","R","T","M"],"character_chosen":"THE_SILENT","items_purchased":["Backflip","Regen Potion","Paper Crane","Noxious Fumes"],"gold_per_floor":[110,110,129,4,23,53,63,12,12,187,251,231,231,242,242,343,343,358,15,15,33,59,88,88,88,111,111,128,148,80,106,106,204,204,217,92,92,92,92,92,118,136,136,136,136,147],"floor_reached":47,"campfire_rested":3,"playtime":3098,"current_hp_per_floor":[66,66,63,63,63,48,46,46,56,56,38,37,37,37,61,19,80,75,75,75,50,50,8,8,34,34,34,37,46,46,46,46,14,60,42,42,42,34,34,34,25,8,8,26,26,6],"items_purged":["Defend_G","Doubt","Defend_G"],"gold":147,"score":457,"play_id":"03640ab2-0e52-448b-8816-3d370994498c","is_prod":false,"is_daily":false,"is_ascension_mode":false,"campfire_upgraded":3,"path_taken":["M","?","M","$","M","E","M","$","T","?","E","M","R","M","R","BOSS","M","$","?","?","?","E","?","R","T","?","M","?","?","?","R","BOSS","M","$","?","?","?","R","E","M","T","R","?","M","M"],"build_version":"2018-02-22-PROD2","purchased_purges":4,"victory":false,"master_deck":["Defend_G","Defend_G","Defend_G+1","Survivor","Neutralize+1","Noxious Fumes","Backflip+1","Dagger Spray","Well Laid Plans","Venomology","Setup+1","Poisoned Stab","After Image+1","Backflip","Dagger Spray+1","Slice+1","Bite","Bite","Bite","Bite","Bite","Catalyst","Grand Finale","Noxious Fumes+1","Envenom+1","Deadly Poison+1","Madness","Madness","Outmaneuver+1","Quick Slash+1","Flying Knee"],"max_hp_per_floor":[70,70,70,70,70,70,70,70,80,80,80,80,80,80,80,80,80,80,80,80,80,80,87,87,87,87,60,60,60,60,60,60,60,60,60,60,60,60,60,60,60,60,60,60,60,60],"relics":["Ring of the Snake","Anchor","Pear","Tiny Chest","The Specimen","Paper Crane","Bronze Scales","Strawberry","Orichalcum","War Paint","Black Star","Bottled Tornado","Bottled Flame","Frozen Eye","Shovel"],"card_choices":[{"not_picked":["Prepared","Flying Knee"],"picked":"Noxious Fumes"},{"not_picked":["Dagger Spray","Acrobatics"],"picked":"Deflect"},{"not_picked":["Cloak And Dagger","Infinite Blades"],"picked":"Dagger Spray"},{"not_picked":["Dagger Throw","Crippling Poison"],"picked":"Well Laid Plans"},{"not_picked":["Concentrate","Blade Dance"],"picked":"Venomology"},{"not_picked":["Caltrops","Backstab"],"picked":"Setup"},{"not_picked":["Finisher","Distraction"],"picked":"Poisoned Stab"},{"not_picked":["Die Die Die","A Thousand Cuts"],"picked":"After Image"},{"not_picked":["Reflex","PiercingWail"],"picked":"Backflip"},{"not_picked":["Terror","Acrobatics"],"picked":"Dagger Spray"},{"not_picked":["Dash","Quick Slash"],"picked":"Slice"},{"not_picked":["Slice","Outmaneuver"],"picked":"Catalyst"},{"not_picked":["Cloak And Dagger","Accuracy"],"picked":"Grand Finale"},{"not_picked":["Burst","Night Terror"],"picked":"Envenom"},{"not_picked":["Bane","Distraction"],"picked":"Deadly Poison"},{"not_picked":["Sucker Punch","Choke"],"picked":"Outmaneuver"},{"not_picked":["Reflex","Blade Dance"],"picked":"Quick Slash"},{"not_picked":["Accuracy","Infinite Blades"],"picked":"Flying Knee"}],"player_experience":122550,"potions_floor_usage":[42,46,46,47],"damage_taken":[{"damage":4.0,"enemies":"Jaw Worm","floor":1.0,"turns":5.0},{"damage":3.0,"enemies":"Small Slimes","floor":3.0,"turns":4.0},{"damage":0.0,"enemies":"2 Louse","floor":5.0,"turns":1.0},{"damage":15.0,"enemies":"3 Sentries","floor":6.0,"turns":7.0},{"damage":2.0,"enemies":"Looter","floor":7.0,"turns":4.0},{"damage":33.0,"enemies":"Lagavulin","floor":11.0,"turns":10.0},{"damage":1.0,"enemies":"Exordium Thugs","floor":12.0,"turns":4.0},{"damage":0.0,"enemies":"Large Slime","floor":14.0,"turns":6.0},{"damage":42.0,"enemies":"Slime Boss","floor":16.0,"turns":11.0},{"damage":5.0,"enemies":"Shell Parasite","floor":18.0,"turns":8.0},{"damage":25.0,"enemies":"3 Byrds","floor":21.0,"turns":5.0},{"damage":49.0,"enemies":"Gremlin Leader","floor":23.0,"turns":8.0},{"damage":3.0,"enemies":"Snake Plant","floor":28.0,"turns":4.0},{"damage":1.0,"enemies":"Snecko","floor":29.0,"turns":6.0},{"damage":46.0,"enemies":"Collector","floor":33.0,"turns":9.0},{"damage":20.0,"enemies":"Orb Walker","floor":35.0,"turns":5.0},{"damage":19.0,"enemies":"Nemesis","floor":41.0,"turns":8.0},{"damage":25,"enemies":"3 Darklings","floor":42,"turns":5},{"damage":28,"enemies":"4 Shapes","floor":46,"turns":5},{"damage":11,"enemies":"Sphere and 2 Shapes","floor":47,"turns":3}],"event_choices":[{"event_name":"The Cleric","player_choice":"Leave","floor":2.0,"damage_taken":0.0},{"event_name":"Liars Game","player_choice":"agreed","floor":10.0,"damage_taken":0.0},{"event_name":"Upgrade Shrine","player_choice":"Upgraded","floor":20.0,"damage_taken":0.0},{"event_name":"Accursed Blacksmith","player_choice":"Forge","floor":24.0,"damage_taken":0.0},{"event_name":"Vampires","player_choice":"Became a vampire","floor":27.0,"damage_taken":0.0},{"event_name":"Mysterious Sphere","player_choice":"Ignore","floor":37.0,"damage_taken":0.0},{"event_name":"Winding Halls","player_choice":"Embrace Madness","floor":38.0,"damage_taken":0.0}],"boss_relics":[],"potions_floor_spawned":[3,5,11,12,18,29,35,42],"seed_played":"-1975924511375075558","killed_by":"Sphere and 2 Shapes","ascension_level":0,"is_trial":false}