{"gold_per_floor":[110,129,145,1,1,1,22,22,22,22,22,40,40,58,58,154,154,168,368,387,245,264,264,283,128,209,232,232],"floor_reached":28,"playtime":1009,"items_purged":["Strike_B"],"score":371,"play_id":"a553e6c4-f9e7-48b1-bcdb-b6504e35c27b","local_time":"20190525215638","is_ascension_mode":true,"campfire_choices":[{"floor":6,"key":"REST"},{"data":"Zap","floor":8,"key":"SMITH"},{"floor":11,"key":"REST"},{"data":"Sunder","floor":15,"key":"SMITH"},{"floor":23,"key":"REST"}],"neow_cost":"NONE","seed_source_timestamp":535896898597953,"circlet_count":0,"master_deck":["AscendersBane","Strike_B","Strike_B","Defend_B","Defend_B","Defend_B","Defend_B","Zap+1","Dualcast","Echo Form","Defragment","Capacitor","FTL","Ball Lightning","Sunder+1","Consume","Zap","Coolheaded","Electrodynamics","Self Repair","Capacitor","Glacier","Seek","Conserve Battery"],"relics":["Cracked Core","Golden Idol","Ginger","Sozu","Dodecahedron"],"potions_floor_usage":[14,16],"damage_taken":[{"damage":8,"enemies":"Small Slimes","floor":1,"turns":5},{"damage":6,"enemies":"2 Louse","floor":2,"turns":3},{"damage":1,"enemies":"Cultist","floor":3,"turns":3},{"damage":15,"enemies":"Lots of Slimes","floor":7,"turns":5},{"damage":0,"enemies":"Exordium Wildlife","floor":12,"turns":3},{"damage":0,"enemies":"2 Fungi Beasts","floor":14,"turns":2},{"damage":26,"enemies":"Slime Boss","floor":16,"turns":10},{"damage":31,"enemies":"2 Thieves","floor":18,"turns":4},{"damage":23,"enemies":"Shell Parasite","floor":20,"turns":3},{"damage":2,"enemies":"Snecko","floor":22,"turns":5},{"damage":19,"enemies":"Centurion and Healer","floor":24,"turns":4},{"damage":24,"enemies":"Snake Plant","floor":27,"turns":4},{"damage":8,"enemies":"Shelled Parasite and Fungi","floor":28,"turns":3}],"seed_played":"-2835890160275015465","potions_obtained":[{"floor":3,"key":"GamblersBrew"},{"floor":12,"key":"Block Potion"}],"is_trial":false,"path_per_floor":["M","M","M","$","?","R","M","R","T","?","R","M","?","M","R","B",null,"M","?","M","$","M","R","M","$","T","M","M"],"character_chosen":"DEFECT","items_purchased":["Capacitor","FTL","Glacier","Seek"],"campfire_rested":3,"item_purchase_floors":[4,4,21,25],"current_hp_per_floor":[56,50,49,49,25,46,31,31,31,24,45,45,45,45,45,19,58,27,27,18,18,30,51,32,32,32,8,0],"gold":232,"neow_bonus":"ONE_RANDOM_RARE_CARD","is_prod":false,"is_daily":false,"chose_seed":false,"campfire_upgraded":2,"win_rate":0,"timestamp":1558846598,"path_taken":["M","M","M","$","?","R","M","R","T","?","R","M","?","M","R","BOSS","M","?","M","$","M","R","?","$","T","M","M"],"build_version":"2019-01-23","purchased_purges":1,"victory":false,"max_hp_per_floor":[71,71,71,71,71,71,71,71,71,71,71,71,71,71,71,71,71,71,71,71,71,71,71,71,71,71,71,71],"card_choices":[{"not_picked":["Sweeping Beam","Leap","Steam"],"picked":"SKIP","floor":1},{"not_picked":["Sweeping Beam","Ball Lightning"],"picked":"Defragment","floor":2},{"not_picked":["Leap","Steam","Sweeping Beam"],"picked":"SKIP","floor":3},{"not_picked":["Stack","Beam Cell"],"picked":"Ball Lightning","floor":7},{"not_picked":["Ball Lightning","Force Field"],"picked":"Sunder","floor":12},{"not_picked":["Turbo","All For One"],"picked":"Coolheaded","floor":14},{"not_picked":["Fission","Seek"],"picked":"Electrodynamics","floor":16},{"not_picked":["Rebound","Melter"],"picked":"Self Repair","floor":18},{"not_picked":["Stack","Cold Snap"],"picked":"Capacitor","floor":20},{"not_picked":["Rebound","Sweeping Beam","Turbo"],"picked":"SKIP","floor":22},{"not_picked":["Compile Driver","Turbo","Melter"],"picked":"SKIP","floor":24},{"not_picked":["Darkness","Doom and Gloom"],"picked":"Conserve Battery","floor":27}],"player_experience":418115,"relics_obtained":[{"floor":9,"key":"Ginger"},{"floor":26,"key":"Dodecahedron"}],"event_choices":[{"damage_healed":0,"gold_gain":0,"player_choice":"Take Damage","damage_taken":24,"relics_obtained":["Golden Idol"],"max_hp_gain":0,"max_hp_loss":0,"event_name":"Golden Idol","floor":5,"gold_loss":0},{"cards_removed":["Strike_B"],"damage_healed":0,"gold_gain":0,"player_choice":"Card Removal","damage_taken":7,"max_hp_gain":0,"max_hp_loss":0,"event_name":"Golden Wing","floor":10,"gold_loss":0},{"damage_healed":0,"gold_gain":0,"player_choice":"2 cards matched","damage_taken":0,"max_hp_gain":0,"max_hp_loss":0,"event_name":"Match and Keep!","floor":13,"gold_loss":0,"cards_obtained":["Consume","Zap"]},{"damage_healed":0,"gold_gain":200,"player_choice":"Gold","damage_taken":0,"max_hp_gain":0,"max_hp_loss":0,"event_name":"Wheel of Change","floor":19,"gold_loss":0}],"is_beta":false,"boss_relics":[{"not_picked":["Snecko Eye","Nuclear Battery"],"picked":"Sozu"}],"items_purged_floors":[21],"is_endless":false,"potions_floor_spawned":[3,12,22,24,27],"killed_by":"Shelled Parasite and Fungi","ascension_level":15}