{"gold_per_floor":[110,121,121,121,137,137],"floor_reached":6,"playtime":355,"items_purged":[],"score":45,"play_id":"335b83fc-8da3-4020-9cf3-e69fb7c34aa2","local_time":"20190324143222","is_ascension_mode":true,"campfire_choices":[],"neow_cost":"NONE","seed_source_timestamp":149283269535360,"circlet_count":0,"master_deck":["Defend_G","Defend_G","Defend_G","Defend_G","Defend_G","Strike_G","Strike_G","Strike_G","Strike_G","Strike_G","Survivor","Neutralize","Backflip","Dodge and Roll","Flying Knee","Dagger Spray","PiercingWail","Well Laid Plans","Dash","Adrenaline"],"relics":["Orrery","Golden Idol"],"potions_floor_usage":[],"damage_taken":[{"damage":2,"enemies":"Small Slimes","floor":1,"turns":4},{"damage":0,"enemies":"Jaw Worm","floor":2,"turns":6},{"damage":0,"enemies":"2 Louse","floor":5,"turns":2},{"damage":47,"enemies":"Lagavulin","floor":6,"turns":11}],"seed_played":"1372446954776165456","potions_obtained":[],"is_trial":false,"path_per_floor":["M","M","?","?","M","E"],"character_chosen":"THE_SILENT","items_purchased":[],"campfire_rested":0,"item_purchase_floors":[],"current_hp_per_floor":[68,68,51,44,44,0],"gold":137,"neow_bonus":"BOSS_RELIC","is_prod":false,"is_daily":false,"chose_seed":false,"campfire_upgraded":0,"win_rate":0,"timestamp":1553463142,"path_taken":["M","M","?","?","M","E"],"build_version":"2019-01-23","purchased_purges":0,"victory":false,"max_hp_per_floor":[70,70,70,70,70,70],"card_choices":[{"not_picked":["Slice","Flying Knee"],"picked":"Backflip","floor":0},{"not_picked":["PiercingWail","Prepared"],"picked":"Dodge and Roll","floor":0},{"not_picked":["Dagger Spray","Acrobatics"],"picked":"Flying Knee","floor":0},{"not_picked":["Caltrops","Slice"],"picked":"Dagger Spray","floor":0},{"not_picked":["Skewer","Deadly Poison"],"picked":"PiercingWail","floor":0},{"not_picked":["Poisoned Stab","Accuracy"],"picked":"Well Laid Plans","floor":1},{"not_picked":["Acrobatics","Flying Knee"],"picked":"Dash","floor":2},{"not_picked":["Deflect","Dash"],"picked":"Adrenaline","floor":5}],"player_experience":242539,"relics_obtained":[],"event_choices":[{"damage_healed":0,"gold_gain":0,"player_choice":"Take Damage","damage_taken":17,"relics_obtained":["Golden Idol"],"max_hp_gain":0,"max_hp_loss":0,"event_name":"Golden Idol","floor":3,"gold_loss":0},{"damage_healed":0,"gold_gain":0,"player_choice":"Fled","damage_taken":7,"max_hp_gain":0,"max_hp_loss":0,"event_name":"Scrap Ooze","floor":4,"gold_loss":0}],"is_beta":false,"boss_relics":[],"items_purged_floors":[],"is_endless":false,"potions_floor_spawned":[],"killed_by":"Lagavulin","ascension_level":5}