{"gold_per_floor":[115,115,126,126,126,51,51,64,116,446,470,470,501,519,519,645,645,669,684,609,35,134,173,173,197,265,265,301,316,356,381,381,504,504,519,584,607,607,607,646,659,659,659,659,673,128,128,128,128,128,128,128,128,162,162],"floor_reached":55,"playtime":3927,"items_purged":["Regret","Strike_G","Injury"],"score":878,"play_id":"b2d08979-b916-42ad-abab-df3168dffe25","local_time":"20190525220800","is_ascension_mode":false,"campfire_choices":[{"data":"Neutralize","floor":7,"key":"SMITH"},{"data":"Predator","floor":15,"key":"SMITH"},{"data":"Adrenaline","floor":24,"key":"SMITH"},{"floor":32,"key":"REST"},{"floor":42,"key":"REST"},{"floor":44,"key":"REST"},{"data":"Sucker Punch","floor":47,"key":"SMITH"},{"floor":49,"key":"RECALL"},{"data":"Catalyst","floor":52,"key":"SMITH"}],"neow_cost":"NONE","seed_source_timestamp":793004162267600,"circlet_count":0,"master_deck":["Survivor","Neutralize+1","Bullet Time","Flying Knee","Bouncing Flask","Predator+1","Dagger Spray","Backstab","Adrenaline+1","Finisher","Burst+1","Prepared","Sucker Punch+1","Die Die Die","Dramatic Entrance","Heel Hook","Sucker Punch+1","Neutralize","Envenom","Deflect+1","Crippling Poison","Distraction","Catalyst+1","Masterful Stab","Blade Dance","Calculated Gamble","Catalyst","Slice","Storm of Steel","PiercingWail","Flying Knee+1","Glass Knife","Infinite Blades+1","Blur+1","Bullet Time"],"relics":["Ring of the Snake","Golden Idol","PreservedInsect","Whetstone","Old Coin","Anchor","Black Star","Centennial Puzzle","Bag of Preparation","Ancient Tea Set","Bottled Lightning","Peace Pipe","Strawberry","Pantograph","Torii","Pandora\u0027s Box","Thread and Needle","StoneCalendar","Boot","Orichalcum","Bronze Scales","Lee\u0027s Waffle","Pen Nib","Bottled Flame"],"potions_floor_usage":[16,16,33,33,33,36,37,41,55,55,55],"damage_taken":[{"damage":0,"enemies":"Small Slimes","floor":1,"turns":5},{"damage":10,"enemies":"Jaw Worm","floor":3,"turns":4},{"damage":0,"enemies":"Cultist","floor":8,"turns":3},{"damage":2,"enemies":"Large Slime","floor":11,"turns":5},{"damage":7,"enemies":"Gremlin Nob","floor":13,"turns":3},{"damage":0,"enemies":"2 Fungi Beasts","floor":14,"turns":2},{"damage":27,"enemies":"Hexaghost","floor":16,"turns":9},{"damage":1,"enemies":"2 Thieves","floor":18,"turns":5},{"damage":8,"enemies":"3 Byrds","floor":19,"turns":5},{"damage":7,"enemies":"Book of Stabbing","floor":23,"turns":3},{"damage":11,"enemies":"Snake Plant","floor":25,"turns":2},{"damage":0,"enemies":"Slavers","floor":28,"turns":1},{"damage":0,"enemies":"Snecko","floor":29,"turns":3},{"damage":10,"enemies":"Book of Stabbing","floor":30,"turns":4},{"damage":13,"enemies":"3 Cultists","floor":31,"turns":4},{"damage":16,"enemies":"Champ","floor":33,"turns":10},{"damage":1,"enemies":"Orb Walker","floor":35,"turns":3},{"damage":8,"enemies":"2 Orb Walkers","floor":36,"turns":3},{"damage":25,"enemies":"3 Darklings","floor":37,"turns":7},{"damage":30,"enemies":"Reptomancer","floor":40,"turns":6},{"damage":1,"enemies":"Spire Growth","floor":41,"turns":3},{"damage":0,"enemies":"4 Shapes","floor":45,"turns":7},{"damage":0,"enemies":"Time Eater","floor":50,"turns":6},{"damage":1,"enemies":"Shield and Spear","floor":54,"turns":4},{"damage":95,"enemies":"The Heart","floor":55,"turns":8}],"seed_played":"-342224980782854370","potions_obtained":[{"floor":3,"key":"LiquidBronze"},{"floor":14,"key":"Strength Potion"},{"floor":16,"key":"GhostInAJar"},{"floor":19,"key":"EssenceOfSteel"},{"floor":33,"key":"EssenceOfSteel"},{"floor":35,"key":"Explosive Potion"},{"floor":37,"key":"Energy Potion"},{"floor":40,"key":"Swift Potion"},{"floor":45,"key":"Block Potion"}],"is_trial":false,"path_per_floor":["M","?","M","?","?","$","R","M","T","?","M","?","E","M","R","B",null,"M","M","?","$","?","E","R","M","T","?","E","M","E","M","R","B",null,"M","?","M","T","?","E","M","R","T","R","M","$","R","$","R","B",null,"R","$","E","B"],"character_chosen":"THE_SILENT","items_purchased":["Die Die Die","Dramatic Entrance","Centennial Puzzle","Regen Potion","Bronze Scales","Lee\u0027s Waffle","GhostInAJar"],"campfire_rested":3,"item_purchase_floors":[21,21,21,21,46,46,46],"current_hp_per_floor":[70,63,53,53,53,53,53,53,53,53,51,51,44,44,44,17,70,69,61,61,61,61,54,54,43,43,43,50,50,40,27,50,70,77,76,68,43,43,43,13,12,35,35,58,58,84,84,84,84,84,84,84,84,83,0],"gold":162,"neow_bonus":"ONE_RANDOM_RARE_CARD","is_prod":false,"is_daily":false,"chose_seed":false,"campfire_upgraded":5,"win_rate":0,"timestamp":1558850880,"path_taken":["M","?","M","?","?","?","R","?","T","?","M","?","E","M","R","BOSS","M","?","?","$","?","E","R","M","T","?","E","?","E","M","R","BOSS","M","?","M","?","?","E","?","R","T","R","M","?","R","$","R","BOSS","R","$","E","BOSS"],"build_version":"2019-01-23","purchased_purges":3,"victory":false,"max_hp_per_floor":[70,70,70,70,70,70,70,70,70,70,70,70,70,70,70,70,70,70,70,70,70,70,70,70,70,70,70,77,77,77,77,77,77,77,77,77,77,77,77,77,77,77,77,77,77,84,84,84,84,84,84,84,84,84,84],"card_choices":[{"not_picked":["Dagger Spray","Catalyst"],"picked":"Flying Knee","floor":1},{"not_picked":["Cloak And Dagger","Bane"],"picked":"Bouncing Flask","floor":3},{"not_picked":["Bane","Quick Slash"],"picked":"Predator","floor":8},{"not_picked":["Flying Knee","Prepared"],"picked":"Dagger Spray","floor":11},{"not_picked":["Endless Agony","Catalyst"],"picked":"Adrenaline","floor":13},{"not_picked":["Bouncing Flask","Predator"],"picked":"Finisher","floor":14},{"not_picked":["Night Terror","After Image"],"picked":"Burst","floor":16},{"not_picked":["Expertise","Predator"],"picked":"Prepared","floor":18},{"not_picked":["Underhanded Strike+1","Endless Agony"],"picked":"Sucker Punch","floor":19},{"not_picked":["Choke","Backstab"],"picked":"Heel Hook","floor":23},{"not_picked":["Acrobatics","Blade Dance"],"picked":"Sucker Punch+1","floor":25},{"not_picked":["Prepared","Infinite Blades"],"picked":"Deflect+1","floor":28},{"not_picked":["Endless Agony+1","Catalyst"],"picked":"Crippling Poison","floor":29},{"not_picked":["Envenom","Riddle With Holes"],"picked":"Distraction","floor":30},{"not_picked":["Setup","Slice"],"picked":"Catalyst","floor":31},{"not_picked":["Deflect","Slice"],"picked":"PiercingWail","floor":35},{"not_picked":["Riddle With Holes+1","Predator+1"],"picked":"Flying Knee+1","floor":36},{"not_picked":["Eviscerate","Blade Dance","Cloak And Dagger"],"picked":"SKIP","floor":37},{"not_picked":["Dagger Throw+1","Storm of Steel"],"picked":"Glass Knife","floor":40},{"not_picked":["Calculated Gamble","Slice"],"picked":"Infinite Blades+1","floor":41},{"not_picked":["Bane","Deflect+1"],"picked":"Blur+1","floor":45},{"not_picked":["Reflex","Poisoned Stab"],"picked":"Bullet Time","floor":54}],"player_experience":436168,"relics_obtained":[{"floor":9,"key":"Whetstone"},{"floor":13,"key":"Anchor"},{"floor":23,"key":"Bag of Preparation"},{"floor":23,"key":"Ancient Tea Set"},{"floor":26,"key":"Bottled Lightning"},{"floor":28,"key":"Peace Pipe"},{"floor":28,"key":"Strawberry"},{"floor":30,"key":"Pantograph"},{"floor":30,"key":"Torii"},{"floor":36,"key":"Thread and Needle"},{"floor":38,"key":"StoneCalendar"},{"floor":40,"key":"Boot"},{"floor":40,"key":"Orichalcum"},{"floor":54,"key":"Pen Nib"},{"floor":54,"key":"Bottled Flame"}],"event_choices":[{"cards_removed":["Defend_G"],"damage_healed":0,"gold_gain":0,"player_choice":"Card Removal","damage_taken":7,"max_hp_gain":0,"max_hp_loss":0,"event_name":"Golden Wing","floor":2,"gold_loss":0},{"damage_healed":0,"gold_gain":0,"player_choice":"Take Wound","damage_taken":0,"relics_obtained":["Golden Idol"],"max_hp_gain":0,"max_hp_loss":0,"event_name":"Golden Idol","floor":4,"gold_loss":0,"cards_obtained":["Injury"]},{"damage_healed":0,"gold_gain":0,"player_choice":"Box","damage_taken":0,"relics_obtained":["PreservedInsect"],"max_hp_gain":0,"max_hp_loss":0,"event_name":"Big Fish","floor":5,"gold_loss":0,"cards_obtained":["Regret"]},{"damage_healed":0,"gold_gain":30,"player_choice":"Searched \u00272\u0027 times","damage_taken":0,"relics_obtained":["Old Coin"],"max_hp_gain":0,"max_hp_loss":0,"event_name":"Dead Adventurer","floor":10,"gold_loss":0},{"damage_healed":0,"gold_gain":0,"cards_transformed":["Strike_G"],"player_choice":"Transformed","damage_taken":0,"max_hp_gain":0,"max_hp_loss":0,"event_name":"Transmorgrifier","floor":12,"gold_loss":0,"cards_obtained":["Backstab"]},{"cards_removed":["Defend_G"],"damage_healed":0,"gold_gain":0,"player_choice":"Gave Gold","damage_taken":0,"max_hp_gain":0,"max_hp_loss":0,"event_name":"Beggar","floor":20,"gold_loss":75},{"damage_healed":0,"gold_gain":99,"player_choice":"Stole From Cult","damage_taken":0,"max_hp_gain":0,"max_hp_loss":0,"event_name":"Nest","floor":22,"gold_loss":0},{"damage_healed":0,"gold_gain":0,"player_choice":"2 cards matched","damage_taken":0,"max_hp_gain":0,"max_hp_loss":0,"event_name":"Match and Keep!","floor":27,"gold_loss":0,"cards_obtained":["Neutralize","Envenom"]},{"damage_healed":0,"gold_gain":0,"player_choice":"Fight","damage_taken":0,"max_hp_gain":0,"max_hp_loss":0,"event_name":"Mysterious Sphere","floor":36,"gold_loss":0},{"damage_healed":0,"gold_gain":0,"player_choice":"Upgraded","damage_taken":0,"max_hp_gain":0,"max_hp_loss":0,"event_name":"Upgrade Shrine","floor":39,"gold_loss":0,"cards_upgraded":["Burst"]}],"is_beta":false,"boss_relics":[{"not_picked":["Ring of the Serpent","Empty Cage"],"picked":"Black Star"},{"not_picked":["Philosopher\u0027s Stone","Orrery"],"picked":"Pandora\u0027s Box"}],"items_purged_floors":[6,21,46],"is_endless":false,"potions_floor_spawned":[3,14,16,19,30,31,33,35,37,40,45],"killed_by":"The Heart","ascension_level":0}