{"gold_per_floor":[112,112,112,125,125,156,156,5,5,37,2,31,31,44,44,144,144,156,169,169,21,33,33,65,85,85,85,111,111,127,142,142,246,296,309,359,46,46,64,64,81,112,112,112,139,156,169,197,197,197],"floor_reached":51,"playtime":2856,"items_purged":["Regret"],"score":1343,"play_id":"ef76598e-bb41-44bf-84fb-3bd194ef87de","local_time":"20190526042003","is_ascension_mode":true,"campfire_choices":[{"data":"Storm","floor":13,"key":"SMITH"},{"data":"White Noise","floor":15,"key":"SMITH"},{"floor":23,"key":"REST"},{"floor":27,"key":"REST"},{"floor":32,"key":"REST"},{"floor":40,"key":"REST"},{"data":"1","floor":44,"key":"LIFT"},{"floor":49,"key":"REST"}],"neow_cost":"NONE","seed_source_timestamp":301527813633865,"circlet_count":0,"master_deck":["AscendersBane","Strike_B","Strike_B","Strike_B","Defend_B","Defend_B","Defend_B+1","Defend_B+1","Zap","Dualcast","Undo","Heatsinks","White Noise+1","Storm+1","Self Repair","Hello World","Rebound","Creative AI","Compile Driver","Conserve Battery","Loop","Hello World","Heatsinks","Genetic Algorithm","Capacitor+1","Self Repair","Echo Form","Barrage","Auto Shields","Hologram","Capacitor+1","Consume+1","Storm+1","Storm+1","Storm+1"],"relics":["Cracked Core","NeowsBlessing","Cables","Calipers","Darkstone Periapt","Symbiotic Virus","Mummified Hand","Pantograph","Fusion Hammer","Enchiridion","Art of War","Potion Belt","Vajra","Letter Opener","Tiny House","Girya","Frozen Egg 2","PreservedInsect","War Paint","Happy Flower","Orichalcum"],"potions_floor_usage":[12,19,19,28,33,36,36,42,50,50],"damage_taken":[{"damage":0,"enemies":"Cultist","floor":1,"turns":1},{"damage":0,"enemies":"Jaw Worm","floor":4,"turns":1},{"damage":0,"enemies":"Gremlin Nob","floor":6,"turns":1},{"damage":12,"enemies":"Lagavulin","floor":10,"turns":5},{"damage":15,"enemies":"Gremlin Nob","floor":12,"turns":3},{"damage":0,"enemies":"Small Slimes","floor":14,"turns":3},{"damage":37,"enemies":"Hexaghost","floor":16,"turns":9},{"damage":7,"enemies":"Chosen","floor":18,"turns":3},{"damage":0,"enemies":"3 Byrds","floor":19,"turns":3},{"damage":0,"enemies":"3 Cultists","floor":22,"turns":4},{"damage":61,"enemies":"Gremlin Leader","floor":24,"turns":6},{"damage":0,"enemies":"Snecko","floor":25,"turns":3},{"damage":11,"enemies":"Book of Stabbing","floor":28,"turns":3},{"damage":5,"enemies":"Cultist and Chosen","floor":30,"turns":2},{"damage":19,"enemies":"Snake Plant","floor":31,"turns":2},{"damage":40,"enemies":"Collector","floor":33,"turns":6},{"damage":11,"enemies":"Orb Walker","floor":35,"turns":2},{"damage":35,"enemies":"2 Orb Walkers","floor":36,"turns":3},{"damage":0,"enemies":"3 Shapes","floor":39,"turns":1},{"damage":17,"enemies":"Writhing Mass","floor":41,"turns":3},{"damage":0,"enemies":"Giant Head","floor":42,"turns":3},{"damage":16,"enemies":"Nemesis","floor":45,"turns":3},{"damage":0,"enemies":"Spire Growth","floor":46,"turns":2},{"damage":26,"enemies":"3 Darklings","floor":47,"turns":2},{"damage":0,"enemies":"Giant Head","floor":48,"turns":3},{"damage":52,"enemies":"Time Eater","floor":50,"turns":4}],"seed_played":"-9145579145882690173","potions_obtained":[{"floor":4,"key":"FearPotion"},{"floor":10,"key":"Explosive Potion"},{"floor":18,"key":"SkillPotion"},{"floor":22,"key":"FocusPotion"},{"floor":24,"key":"Strength Potion"},{"floor":28,"key":"GamblersBrew"},{"floor":33,"key":"SteroidPotion"},{"floor":34,"key":"SteroidPotion"},{"floor":35,"key":"FearPotion"},{"floor":36,"key":"SkillPotion"},{"floor":38,"key":"FocusPotion"},{"floor":38,"key":"Swift Potion"},{"floor":45,"key":"Explosive Potion"},{"floor":47,"key":"Energy Potion"}],"is_trial":false,"path_per_floor":["M","$","T","M","$","E","?","$","T","E","?","E","R","M","R","B",null,"M","M","?","$","M","R","E","M","T","R","E","?","M","M","R","B",null,"M","?","$","?","M","R","M","E","T","R","E","M","M","E","R","B",null],"character_chosen":"DEFECT","items_purchased":["Storm","Art of War","Frozen Egg 2","Capacitor+1"],"campfire_rested":5,"item_purchase_floors":[8,21,37,37],"current_hp_per_floor":[68,68,68,68,68,68,74,74,74,62,81,73,73,80,80,51,74,74,81,65,65,72,81,27,27,27,51,47,47,49,37,61,55,80,76,41,41,41,48,73,70,84,84,84,75,82,56,63,86,41],"gold":197,"neow_bonus":"THREE_ENEMY_KILL","is_prod":false,"is_daily":false,"chose_seed":false,"campfire_upgraded":2,"win_rate":0,"timestamp":1558833603,"path_taken":["M","$","?","?","?","E","?","$","T","E","?","E","R","M","R","BOSS","M","M","?","$","M","R","E","M","T","R","E","?","?","M","R","BOSS","M","?","$","?","?","R","M","E","T","R","E","M","M","E","R","BOSS"],"build_version":"2019-01-23","purchased_purges":1,"victory":true,"max_hp_per_floor":[75,75,75,75,75,75,81,81,81,81,81,81,81,81,81,81,81,81,81,81,81,81,81,81,81,81,81,81,81,81,81,81,81,86,86,86,86,86,86,86,86,86,86,86,86,86,86,86,86,86],"card_choices":[{"not_picked":["Streamline","Sunder"],"picked":"Undo","floor":1},{"not_picked":["Skim","Rebound"],"picked":"Heatsinks","floor":4},{"not_picked":["Hologram","Redo"],"picked":"White Noise","floor":6},{"not_picked":["Chaos","Scrape"],"picked":"Self Repair","floor":10},{"not_picked":["Tempest","Scrape"],"picked":"Hello World","floor":12},{"not_picked":["Streamline","Coolheaded"],"picked":"Rebound","floor":14},{"not_picked":["All For One","Hyperbeam"],"picked":"Creative AI","floor":16},{"not_picked":["Streamline","Double Energy"],"picked":"Compile Driver","floor":18},{"not_picked":["Gash+1","Auto Shields"],"picked":"Conserve Battery","floor":19},{"not_picked":["Rebound+1","Leap"],"picked":"Loop","floor":22},{"not_picked":["All For One","Cold Snap","Streamline+1"],"picked":"SKIP","floor":24},{"not_picked":["Consume","Beam Cell"],"picked":"Hello World","floor":25},{"not_picked":["Double Energy+1","Auto Shields"],"picked":"Heatsinks","floor":28},{"not_picked":["Hologram+1","Redo"],"picked":"Capacitor","floor":30},{"not_picked":["Reprogram","Skim"],"picked":"Self Repair","floor":31},{"not_picked":["Thunder Strike","Core Surge"],"picked":"Echo Form","floor":33},{"not_picked":["Redo","Go for the Eyes"],"picked":"Barrage","floor":34},{"not_picked":["Rebound","Conserve Battery"],"picked":"Auto Shields","floor":35},{"not_picked":["Cold Snap+1","Turbo+1"],"picked":"Hologram","floor":36},{"not_picked":["Conserve Battery+1","Scrape+1"],"picked":"Consume+1","floor":39},{"not_picked":["Coolheaded","Compile Driver"],"picked":"Storm+1","floor":41},{"not_picked":["Hologram+1","Core Surge","FTL+1"],"picked":"SKIP","floor":42},{"not_picked":["Turbo","Heatsinks+1"],"picked":"Storm+1","floor":45},{"not_picked":["Force Field","Scrape"],"picked":"Storm+1","floor":46},{"not_picked":["Steam","BootSequence+1","Beam Cell"],"picked":"SKIP","floor":47},{"not_picked":["Coolheaded+1","Gash","Streamline+1"],"picked":"SKIP","floor":48}],"player_experience":525604,"relics_obtained":[{"floor":3,"key":"Cables"},{"floor":6,"key":"Calipers"},{"floor":9,"key":"Symbiotic Virus"},{"floor":10,"key":"Mummified Hand"},{"floor":12,"key":"Pantograph"},{"floor":20,"key":"Enchiridion"},{"floor":24,"key":"Potion Belt"},{"floor":26,"key":"Vajra"},{"floor":28,"key":"Letter Opener"},{"floor":36,"key":"Girya"},{"floor":42,"key":"PreservedInsect"},{"floor":43,"key":"War Paint"},{"floor":45,"key":"Happy Flower"},{"floor":48,"key":"Orichalcum"}],"event_choices":[{"damage_healed":0,"gold_gain":0,"player_choice":"Box","damage_taken":0,"relics_obtained":["Darkstone Periapt"],"max_hp_gain":0,"max_hp_loss":0,"event_name":"Big Fish","floor":7,"gold_loss":0,"cards_obtained":["Regret"]},{"damage_healed":20,"gold_gain":0,"player_choice":"Healed","damage_taken":0,"max_hp_gain":0,"max_hp_loss":0,"event_name":"The Cleric","floor":11,"gold_loss":35},{"damage_healed":0,"gold_gain":0,"player_choice":"Obtained Book","damage_taken":16,"max_hp_gain":0,"max_hp_loss":0,"event_name":"Cursed Tome","floor":20,"gold_loss":0},{"damage_healed":0,"gold_gain":0,"cards_transformed":["Strike_B"],"player_choice":"Transformed","damage_taken":0,"max_hp_gain":0,"max_hp_loss":0,"event_name":"Transmorgrifier","floor":29,"gold_loss":0,"cards_obtained":["Genetic Algorithm"]},{"damage_healed":0,"gold_gain":0,"player_choice":"Fight","damage_taken":0,"max_hp_gain":0,"max_hp_loss":0,"event_name":"Mysterious Sphere","floor":36,"gold_loss":0},{"damage_healed":0,"gold_gain":0,"player_choice":"Got Potions","damage_taken":0,"max_hp_gain":0,"max_hp_loss":0,"event_name":"Lab","floor":38,"gold_loss":0}],"is_beta":false,"boss_relics":[{"not_picked":["Empty Cage","Black Star"],"picked":"Fusion Hammer"},{"not_picked":["Orrery","Runic Pyramid"],"picked":"Tiny House"}],"items_purged_floors":[8],"is_endless":false,"potions_floor_spawned":[4,10,18,22,24,28,33,35,36,45,47],"ascension_level":11}