{"gold_per_floor":[215,215,140,40,56,56,82,82,82,93,106,120,136,86,86,182,232,247,247,267,11,11,38,38,38,63,80,91,91,105,105,105,207,207,221,240,115,135,235,235],"floor_reached":40,"playtime":2299,"items_purged":["Strike_B","Strike_B","Zap"],"score":433,"play_id":"55c757d2-1824-4d14-8bbe-e5c394a8f8a0","local_time":"20181025194225","is_ascension_mode":false,"campfire_choices":[{"data":"Dualcast","floor":6,"key":"SMITH"},{"data":"1","floor":15,"key":"LIFT"},{"data":"Lockon","floor":24,"key":"SMITH"},{"floor":32,"key":"REST"}],"neow_cost":"NONE","seed_source_timestamp":86492809994578,"circlet_count":0,"master_deck":["Defend_B+1","Defend_B","Defend_B","Defend_B+1","Dualcast+1","Defragment","Ball Lightning","Conserve Battery","Cold Snap","Leap","Rebound","Doom and Gloom+1","Echo Form","Defragment","Streamline+1","Lockon+1","Tempest+1","Multi-Cast","Barrage+1","Darkness+1"],"relics":["Cracked Core","War Paint","Girya","Tiny House","Mummified Hand","Enchiridion","Singing Bowl","Anchor","Inserter"],"potions_floor_usage":[16,33,36,38],"damage_taken":[{"damage":0,"enemies":"Small Slimes","floor":1,"turns":4},{"damage":2,"enemies":"Cultist","floor":5,"turns":5},{"damage":42,"enemies":"3 Sentries","floor":7,"turns":8},{"damage":0,"enemies":"Jaw Worm","floor":10,"turns":3},{"damage":0,"enemies":"Large Slime","floor":11,"turns":4},{"damage":0,"enemies":"Looter","floor":12,"turns":2},{"damage":0,"enemies":"3 Louse","floor":13,"turns":3},{"damage":4,"enemies":"The Guardian","floor":16,"turns":8},{"damage":1,"enemies":"Chosen","floor":18,"turns":4},{"damage":2,"enemies":"Spheric Guardian","floor":20,"turns":4},{"damage":29,"enemies":"Book of Stabbing","floor":23,"turns":6},{"damage":0,"enemies":"Snake Plant","floor":27,"turns":4},{"damage":19,"enemies":"Cultist and Chosen","floor":28,"turns":5},{"damage":6,"enemies":"Centurion and Healer","floor":30,"turns":5},{"damage":5,"enemies":"Collector","floor":33,"turns":5},{"damage":0,"enemies":"3 Shapes","floor":35,"turns":4},{"damage":22,"enemies":"3 Darklings","floor":36,"turns":4},{"damage":5,"enemies":"Maw","floor":38,"turns":7},{"damage":69,"enemies":"Giant Head","floor":40,"turns":7}],"seed_played":"-6541008430800259265","potions_obtained":[{"floor":5,"key":"Dexterity Potion"},{"floor":11,"key":"SpeedPotion"},{"floor":12,"key":"Energy Potion"},{"floor":17,"key":"Block Potion"},{"floor":20,"key":"Fire Potion"},{"floor":23,"key":"PowerPotion"},{"floor":33,"key":"Weak Potion"}],"is_trial":false,"path_per_floor":["M","?","$","$","M","R","E","?","T","M","M","M","M","?","R","B",null,"M","?","M","$","?","E","R","$","T","M","M","?","M","?","R","B",null,"M","M","$","M","?"],"character_chosen":"DEFECT","items_purchased":["Mummified Hand"],"campfire_rested":1,"item_purchase_floors":[21],"current_hp_per_floor":[75,80,80,80,78,78,36,36,36,36,36,36,36,36,36,32,85,84,84,82,82,66,39,39,39,39,41,24,24,18,18,45,40,91,91,71,71,66,66,0],"gold":235,"neow_bonus":"HUNDRED_GOLD","is_prod":false,"is_daily":false,"chose_seed":false,"campfire_upgraded":2,"win_rate":0,"timestamp":1540521745,"path_taken":["M","?","?","$","M","R","E","?","T","M","M","M","M","?","R","BOSS","M","?","?","$","?","E","R","?","T","M","M","?","M","?","R","BOSS","M","?","$","M","?","E"],"build_version":"2018-10-25","purchased_purges":3,"victory":false,"max_hp_per_floor":[75,80,80,80,80,80,80,80,80,80,80,80,80,80,80,80,85,85,85,85,85,85,87,87,87,87,89,91,91,91,91,91,91,91,91,93,93,93,93,93],"card_choices":[{"not_picked":["Beam Cell","Go for the Eyes"],"picked":"Defragment","floor":1},{"not_picked":["Force Field","Steam"],"picked":"Ball Lightning","floor":5},{"not_picked":["Steam Power","Go for the Eyes"],"picked":"Conserve Battery","floor":7},{"not_picked":["Go for the Eyes","Beam Cell"],"picked":"Cold Snap","floor":10},{"not_picked":["Sweeping Beam","Scrape"],"picked":"Leap","floor":11},{"not_picked":["Hologram","Go for the Eyes"],"picked":"Rebound","floor":12},{"not_picked":["Leap","Turbo"],"picked":"Doom and Gloom","floor":13},{"not_picked":["Reboot","Machine Learning"],"picked":"Echo Form","floor":16},{"not_picked":["Coolheaded","Fusion"],"picked":"Defragment","floor":17},{"not_picked":["Hologram","Conserve Battery"],"picked":"Streamline+1","floor":18},{"not_picked":["Darkness","Hologram"],"picked":"Lockon","floor":20},{"not_picked":["Streamline","Turbo","Conserve Battery"],"picked":"Singing Bowl","floor":23},{"not_picked":["Redo","Go for the Eyes","Doom and Gloom"],"picked":"Singing Bowl","floor":27},{"not_picked":["Steam+1","Redo","Sunder+1"],"picked":"Singing Bowl","floor":28},{"not_picked":["Multi-Cast","Beam Cell"],"picked":"Tempest+1","floor":30},{"not_picked":["Thunder Strike","Buffer"],"picked":"Multi-Cast","floor":33},{"not_picked":["Reinforced Body+1","Redo"],"picked":"Barrage+1","floor":35},{"not_picked":["Turbo+1","Beam Cell+1","Rebound+1"],"picked":"Singing Bowl","floor":36},{"not_picked":["Redo","Steam+1"],"picked":"Darkness+1","floor":38}],"player_experience":88200,"relics_obtained":[{"floor":7,"key":"War Paint"},{"floor":9,"key":"Girya"},{"floor":22,"key":"Enchiridion"},{"floor":23,"key":"Singing Bowl"},{"floor":26,"key":"Anchor"}],"event_choices":[{"damage_healed":0,"gold_gain":0,"player_choice":"Donut","damage_taken":0,"max_hp_gain":5,"max_hp_loss":0,"event_name":"Big Fish","floor":2,"gold_loss":0},{"cards_removed":["Strike_B"],"damage_healed":0,"gold_gain":0,"player_choice":"Forget","damage_taken":0,"max_hp_gain":0,"max_hp_loss":0,"event_name":"Living Wall","floor":8,"gold_loss":0},{"cards_removed":["Strike_B"],"damage_healed":0,"gold_gain":0,"player_choice":"Card Removal","damage_taken":0,"max_hp_gain":0,"max_hp_loss":0,"event_name":"The Cleric","floor":14,"gold_loss":50},{"damage_healed":0,"gold_gain":0,"player_choice":"Ignored","damage_taken":0,"max_hp_gain":0,"max_hp_loss":0,"event_name":"Vampires","floor":19,"gold_loss":0},{"damage_healed":0,"gold_gain":0,"player_choice":"Obtained Book","damage_taken":16,"max_hp_gain":0,"max_hp_loss":0,"event_name":"Cursed Tome","floor":22,"gold_loss":0},{"damage_healed":0,"gold_gain":0,"player_choice":"Ignored","damage_taken":0,"max_hp_gain":0,"max_hp_loss":0,"event_name":"The Mausoleum","floor":29,"gold_loss":0},{"damage_healed":0,"gold_gain":0,"player_choice":"Ignored","damage_taken":0,"max_hp_gain":0,"max_hp_loss":0,"event_name":"Ghosts","floor":31,"gold_loss":0},{"damage_healed":0,"gold_gain":100,"player_choice":"Pray","damage_taken":0,"max_hp_gain":0,"max_hp_loss":0,"event_name":"Golden Shrine","floor":39,"gold_loss":0}],"is_beta":false,"boss_relics":[{"not_picked":["White Beast Statue","Coffee Dripper"],"picked":"Tiny House"},{"not_picked":["FrozenCore","Empty Cage"],"picked":"Inserter"}],"items_purged_floors":[3,4,37],"is_endless":false,"potions_floor_spawned":[5,11,12,20,23,28,33,35],"killed_by":"Giant Head","ascension_level":0}