{"path_per_floor":["M","M","?","M","M","R","?","E","T","E","R","$","?","$","R","B",null,"M","?","?","?","M","E","R","E","T","E","M","M","M","?","R","B",null,"M","M","$","M","?","E","M","E","T","E","M","?","$","?","R","B"],"character_chosen":"DEFECT","items_purchased":["Toolbox","Apotheosis","Storm","Magnetism","Capacitor","Gash"],"gold_per_floor":[109,129,129,146,159,159,334,365,444,479,479,25,100,61,61,156,156,166,166,91,91,111,141,141,175,175,210,221,237,248,248,248,347,347,366,381,147,166,0,30,40,69,95,126,136,136,54,54,54,54],"floor_reached":51,"campfire_rested":4,"playtime":4745,"current_hp_per_floor":[75,68,56,52,36,58,58,37,37,36,58,58,47,47,69,43,75,75,75,75,75,75,67,82,82,92,94,94,96,93,93,93,85,96,96,98,98,98,98,79,73,86,86,88,90,102,102,102,102,102],"items_purged":[],"gold":54,"score":943,"play_id":"e8cb77c3-659b-4e70-91e3-73a0374a9256","local_time":"20180513010842","is_prod":false,"is_daily":false,"chose_seed":false,"is_ascension_mode":true,"campfire_upgraded":2,"timestamp":1526162922,"path_taken":["M","M","?","M","M","R","?","E","T","E","R","$","?","?","R","BOSS","M","?","?","?","M","E","R","E","T","E","M","M","?","?","R","BOSS","M","M","$","M","?","E","M","E","T","E","M","?","$","?","R","BOSS"],"build_version":"2018-05-12v2","seed_source_timestamp":229022604223549,"purchased_purges":0,"victory":true,"master_deck":["Strike_B+1","Strike_B+1","Strike_B+1","Defend_B+1","Defend_B+1","Defend_B+1","Defend_B+1","Zap","Dualcast","Cold Snap","Gash+1","BootSequence","Loop","Cold Snap","Go for the Eyes","Apotheosis+1","Storm+1","Reboot+1","Defragment","White Noise+1","Storm+1","Chill+1","Chaos+1","Leap+1","Reinforced Body+1","White Noise+1","Seek+1","White Noise+1","Magnetism","Capacitor","Defragment","White Noise+1","Capacitor+1","Ball Lightning+1","Ball Lightning+1","Gash"],"max_hp_per_floor":[75,75,75,75,75,75,75,75,75,75,75,75,75,75,75,75,75,75,75,75,75,75,82,82,82,92,94,94,96,96,96,96,96,96,96,98,98,98,98,100,100,102,102,102,102,102,102,102,102,102],"relics":["Nuclear Battery","Dead Branch","Bag of Preparation","Toxic Egg 2","Prayer Wheel","Toolbox","Black Star","Happy Flower","Strawberry","Dream Catcher","Singing Bowl","Pear","Orichalcum","Omamori","Lizard Tail","Red Mask","Smiling Mask","Ornamental Fan","Juzu Bracelet","Blood Vial","Oddly Smooth Stone","Vajra","Whetstone"],"card_choices":[{"not_picked":["Barrage","Go for the Eyes"],"picked":"Cold Snap","floor":1},{"not_picked":["Turbo","Heatsinks"],"picked":"Gash","floor":2},{"not_picked":["Go for the Eyes","Impulse"],"picked":"BootSequence","floor":4},{"not_picked":["Cold Snap","Static Discharge"],"picked":"Loop","floor":5},{"not_picked":["Turbo","Darkness"],"picked":"Cold Snap","floor":8},{"not_picked":["Hyperbeam","Axe Kick"],"picked":"Go for the Eyes","floor":10},{"not_picked":["Multi-Cast+1","Biased Cognition"],"picked":"Reboot+1","floor":16},{"not_picked":["Streamline","Sweeping Beam+1"],"picked":"Defragment","floor":18},{"not_picked":["Ball Lightning+1","Streamline+1"],"picked":"Storm","floor":22},{"not_picked":["Heatsinks","Beam Cell"],"picked":"Chill+1","floor":23},{"not_picked":["Turbo+1","Skim+1"],"picked":"Chaos+1","floor":25},{"not_picked":["Turbo+1","Skim+1"],"picked":"Leap+1","floor":26},{"not_picked":["FTL","Go for the Eyes","Conserve Battery+1"],"picked":"Singing Bowl","floor":27},{"not_picked":["Barrage","Beam Cell"],"picked":"Reinforced Body+1","floor":28},{"not_picked":["Stack+1","Turbo+1","Rebound"],"picked":"Singing Bowl","floor":29},{"not_picked":["Aggregate+1","Streamline"],"picked":"White Noise+1","floor":30},{"not_picked":["Hyperbeam","Biased Cognition"],"picked":"Seek+1","floor":33},{"not_picked":["Rebound","Stack+1"],"picked":"White Noise+1","floor":35},{"not_picked":["Skim+1","Go for the Eyes+1","Sweeping Beam"],"picked":"Singing Bowl","floor":36},{"not_picked":["Melter+1","Coolheaded+1"],"picked":"Defragment","floor":38},{"not_picked":["Steam+1","Genetic Algorithm+1","All For One"],"picked":"Singing Bowl","floor":40},{"not_picked":["Skim+1","Gash"],"picked":"White Noise+1","floor":41},{"not_picked":["Hyperbeam","Axe Kick+1","Glacier+1"],"picked":"Singing Bowl","floor":42},{"not_picked":["Coolheaded+1","Sunder+1"],"picked":"Capacitor+1","floor":43},{"not_picked":["Stack+1","Axe Kick"],"picked":"Ball Lightning","floor":44},{"not_picked":["Go for the Eyes+1","Turbo+1"],"picked":"Ball Lightning+1","floor":45}],"player_experience":217608,"potions_floor_usage":[10,16,23,23,50,50],"damage_taken":[{"damage":0,"enemies":"Small Slimes","floor":1,"turns":4},{"damage":7,"enemies":"2 Louse","floor":2,"turns":3},{"damage":4,"enemies":"Jaw Worm","floor":4,"turns":3},{"damage":16,"enemies":"Large Slime","floor":5,"turns":4},{"damage":21,"enemies":"Lagavulin","floor":8,"turns":8},{"damage":1,"enemies":"3 Sentries","floor":10,"turns":6},{"damage":26,"enemies":"Hexaghost","floor":16,"turns":8},{"damage":0,"enemies":"Chosen","floor":18,"turns":3},{"damage":0,"enemies":"2 Thieves","floor":22,"turns":1},{"damage":15,"enemies":"Slavers","floor":23,"turns":3},{"damage":0,"enemies":"Gremlin Leader","floor":25,"turns":6},{"damage":0,"enemies":"Book of Stabbing","floor":27,"turns":3},{"damage":0,"enemies":"Sentry and Sphere","floor":28,"turns":3},{"damage":0,"enemies":"Centurion and Healer","floor":29,"turns":5},{"damage":3,"enemies":"Cultist and Chosen","floor":30,"turns":4},{"damage":15,"enemies":"Collector","floor":33,"turns":9},{"damage":0,"enemies":"Flame Bruiser 1 Orb","floor":35,"turns":3},{"damage":0,"enemies":"3 Shapes","floor":36,"turns":2},{"damage":0,"enemies":"Sphere and 2 Shapes","floor":38,"turns":3},{"damage":21,"enemies":"Nemesis","floor":40,"turns":3},{"damage":13,"enemies":"Maw","floor":41,"turns":6},{"damage":3,"enemies":"Giant Head","floor":42,"turns":5},{"damage":24,"enemies":"Nemesis","floor":44,"turns":3},{"damage":0,"enemies":"4 Shapes","floor":45,"turns":3},{"damage":12,"enemies":"Donu and Deca","floor":50,"turns":3}],"event_choices":[{"event_name":"Scrap Ooze","player_choice":"success","floor":3,"damage_taken":12},{"event_name":"Liars Game","player_choice":"agreed","floor":7,"damage_taken":0},{"event_name":"World of Goop","player_choice":"Gather Gold","floor":13,"damage_taken":0},{"event_name":"The Library","player_choice":"Read","floor":19,"damage_taken":0},{"event_name":"Beggar","player_choice":"Gave Gold","floor":20,"damage_taken":0},{"event_name":"Back to Basics","player_choice":"Simplicity","floor":21,"damage_taken":0},{"event_name":"Drug Dealer","player_choice":"Ignored","floor":31,"damage_taken":0},{"event_name":"Tomb of Lord Red Mask","player_choice":"Paid","floor":39,"damage_taken":0},{"event_name":"Winding Halls","player_choice":"Writhe","floor":46,"damage_taken":0}],"boss_relics":[{"not_picked":["White Beast Statue","Inserter"],"picked":"Black Star"},{"not_picked":["Runic Pyramid","Runic Dome"],"picked":"Lizard Tail"}],"potions_floor_spawned":[2,8,10,16,18,25,27,29,30,35,40,44,45],"seed_played":"-1125957565969347666","ascension_level":1,"is_trial":false}