{"path_per_floor":["M","?","M","$","M","R","E","M","T","M","E","$"],"character_chosen":"IRONCLAD","items_purchased":["Pommel Strike","True Grit","Havoc"],"gold_per_floor":[117,117,133,13,27,27,56,73,73,86,115,40,70],"floor_reached":13,"campfire_rested":0,"playtime":518,"current_hp_per_floor":[70,70,65,65,63,63,47,47,47,29,12,12,0],"items_purged":["Normality"],"gold":70,"score":95,"play_id":"6ed30bc5-5508-4874-bedf-201d5f0f61b1","local_time":"20180331120027","is_prod":false,"is_daily":false,"is_ascension_mode":false,"campfire_upgraded":1,"timestamp":1522522827,"path_taken":["M","?","M","$","M","R","E","M","T","M","E","$","?"],"build_version":"2018-03-29v2","purchased_purges":1,"victory":false,"master_deck":["Strike_R","Strike_R","Strike_R+1","Strike_R","Strike_R","Defend_R","Defend_R+1","Defend_R+1","Defend_R","Bash+1","Iron Wave","Dark Embrace+1","Pommel Strike","Pommel Strike","Evolve","Burning Pact","Wild Strike","Feel No Pain","True Grit","Havoc"],"max_hp_per_floor":[80,80,80,80,80,80,80,80,80,80,80,80,80],"relics":["Black Star","Unceasing Top","War Paint","Whetstone","Torii","Du-Vu Doll","Ice Cream"],"card_choices":[{"not_picked":["Whirlwind","Spot Weakness"],"picked":"Iron Wave","floor":1},{"not_picked":["Inflame","Heavy Blade"],"picked":"Dark Embrace","floor":3},{"not_picked":["Sever Soul","Body Slam"],"picked":"Pommel Strike","floor":5},{"not_picked":["Clothesline","Pommel Strike"],"picked":"Evolve","floor":7},{"not_picked":["Anger","Infernal Blade"],"picked":"Burning Pact","floor":8},{"not_picked":["Offering","Sword Boomerang"],"picked":"Wild Strike","floor":10},{"not_picked":["Disarm","Juggernaut"],"picked":"Feel No Pain","floor":11}],"player_experience":63999,"potions_floor_usage":[7,7,11],"damage_taken":[{"damage":10,"enemies":"Jaw Worm","floor":1,"turns":4},{"damage":5,"enemies":"Cultist","floor":3,"turns":4},{"damage":2,"enemies":"2 Louse","floor":5,"turns":3},{"damage":16,"enemies":"Lagavulin","floor":7,"turns":5},{"damage":0,"enemies":"Blue Slaver","floor":8,"turns":4},{"damage":18,"enemies":"Large Slime","floor":10,"turns":7},{"damage":17,"enemies":"3 Sentries","floor":11,"turns":5},{"damage":16,"enemies":"Gremlin Nob","floor":13,"turns":3}],"event_choices":[{"event_name":"Accursed Blacksmith","player_choice":"Rummage","floor":2,"damage_taken":0},{"event_name":"Dead Adventurer","player_choice":"Searched \u00273\u0027 times","floor":13,"damage_taken":0}],"boss_relics":[],"potions_floor_spawned":[1,5,7],"seed_played":"-2427499286424937191","killed_by":"Gremlin Nob","ascension_level":0,"is_trial":false}