{"path_per_floor":["M","M","?","$","?","E","R","E","T","M","?","M","M","$","R","B",null,"M","?","$","?","M","R","E","R","T","E","R","M","M","E","R","B",null,"M","?","?","T","?","R","M","R","T","$","?","M","$"],"character_chosen":"THE_SILENT","items_purchased":["Deadly Poison","Gremlin Horn","Prayer Wheel","Membership Card","Snake Skull"],"gold_per_floor":[112,131,131,107,207,241,241,276,302,322,383,397,416,19,19,117,117,134,59,59,59,69,69,99,99,126,156,156,170,188,217,217,316,316,327,327,327,381,381,381,393,423,447,65,0,16,16],"floor_reached":48,"campfire_rested":4,"playtime":2746,"current_hp_per_floor":[70,70,70,70,70,38,59,47,47,45,33,26,19,19,40,32,61,61,61,61,61,61,61,40,61,61,46,67,69,60,62,62,44,64,66,66,66,66,70,70,54,54,54,54,54,45,45],"items_purged":["Writhe"],"gold":16,"score":699,"play_id":"baf1cac8-a4e5-436f-aaaa-d5aaa6c28631","local_time":"20180320024246","is_prod":false,"is_daily":false,"is_ascension_mode":true,"campfire_upgraded":0,"timestamp":1521506566,"path_taken":["M","M","?","?","?","E","R","E","T","M","?","M","?","$","R","BOSS","M","?","$","?","?","R","E","R","T","E","R","M","M","E","R","BOSS","M","?","?","?","?","R","M","R","T","?","?","M","$","E"],"build_version":"2018-03-16","purchased_purges":2,"victory":false,"master_deck":["Defend_G","Defend_G","Defend_G","Defend_G","Defend_G","Strike_G","Strike_G","Strike_G","Strike_G","Strike_G","Survivor","Neutralize","Noxious Fumes","Deadly Poison","Deadly Poison","Poisoned Stab","Flying Knee","Noxious Fumes","Deadly Poison","Leg Sweep","Adrenaline","Parasite","Parasite","Dash","Malaise+1","Distraction","Distraction+1","Well Laid Plans+1","Leg Sweep+1","A Thousand Cuts+1","All Out Attack","Poisoned Stab+1","Bane+1"],"max_hp_per_floor":[70,70,70,70,70,70,70,70,70,70,70,70,70,70,70,70,70,70,70,70,70,70,70,70,70,70,70,70,70,70,70,70,70,70,70,70,70,70,70,70,70,70,70,70,70,70,70],"relics":["Velvet Choker","Oddly Smooth Stone","Bronze Scales","Pen Nib","Ancient Tea Set","Gremlin Horn","Prayer Wheel","Calling Bell","Mercury Hourglass","Shovel","Bag of Preparation","Frozen Egg 2","Mummified Hand","Blood Vial","Gambling Chip","The Courier","Juzu Bracelet","The Specimen","Vajra","Regal Pillow","Tiny Chest","Omamori","Membership Card","Snake Skull","Red Mask"],"card_choices":[{"not_picked":["Dagger Throw","Backflip"],"picked":"Noxious Fumes"},{"not_picked":["Dagger Spray","Dagger Throw"],"picked":"Deadly Poison"},{"not_picked":["Caltrops","Footwork"],"picked":"Poisoned Stab"},{"not_picked":["Cloak And Dagger","Calculated Gamble"],"picked":"Flying Knee"},{"not_picked":["Poisoned Stab","Choke"],"picked":"Noxious Fumes"},{"not_picked":["Venomology","Cloak And Dagger"],"picked":"Dagger Spray"},{"not_picked":["PiercingWail","Dodge and Roll"],"picked":"Deadly Poison"},{"not_picked":["Well Laid Plans","Deflect"],"picked":"Leg Sweep"},{"not_picked":["Grand Finale","Tactician"],"picked":"Adrenaline"},{"not_picked":["Prepared","Backstab"],"picked":"Dash"},{"not_picked":["Eviscerate","Deflect"],"picked":"Malaise"},{"not_picked":["PiercingWail","Dagger Throw"],"picked":"Distraction"},{"not_picked":["Venomology","Flying Knee"],"picked":"Distraction"},{"not_picked":["Accuracy","PiercingWail"],"picked":"Well Laid Plans"},{"not_picked":["Cloak And Dagger","Crippling Poison"],"picked":"Leg Sweep"},{"not_picked":["Adrenaline","Venomology"],"picked":"A Thousand Cuts"},{"not_picked":["Night Terror","Escape Plan"],"picked":"All Out Attack"},{"not_picked":["Skewer","Cloak And Dagger"],"picked":"Poisoned Stab"},{"not_picked":["Flying Knee","Prepared"],"picked":"Bane"}],"player_experience":148822,"potions_floor_usage":[12,16,24,27,33,35,48,48,48],"damage_taken":[{"damage":0,"enemies":"Jaw Worm","floor":1,"turns":4},{"damage":0,"enemies":"2 Louse","floor":2,"turns":3},{"damage":32,"enemies":"Lagavulin","floor":6,"turns":7},{"damage":12,"enemies":"3 Sentries","floor":8,"turns":6},{"damage":2,"enemies":"Small Slimes","floor":10,"turns":3},{"damage":12,"enemies":"3 Sentries","floor":11,"turns":5},{"damage":7,"enemies":"Gremlin Gang","floor":12,"turns":4},{"damage":7,"enemies":"Red Slaver","floor":13,"turns":3},{"damage":8,"enemies":"The Guardian","floor":16,"turns":8},{"damage":0,"enemies":"3 Byrds","floor":18,"turns":3},{"damage":0,"enemies":"Chosen","floor":22,"turns":4},{"damage":21,"enemies":"Gremlin Leader","floor":24,"turns":6},{"damage":17,"enemies":"Slavers","floor":27,"turns":4},{"damage":0,"enemies":"Centurion and Healer","floor":29,"turns":7},{"damage":10,"enemies":"Snake Plant","floor":30,"turns":4},{"damage":0,"enemies":"Gremlin Leader","floor":31,"turns":6},{"damage":20,"enemies":"Automaton","floor":33,"turns":10},{"damage":0,"enemies":"3 Shapes","floor":35,"turns":3},{"damage":16,"enemies":"Flame Bruiser 1 Orb","floor":41,"turns":5},{"damage":11,"enemies":"Sphere and 2 Shapes","floor":46,"turns":3},{"damage":70,"enemies":"Giant Head","floor":48,"turns":7}],"event_choices":[{"event_name":"The Cleric","player_choice":"Leave","floor":3,"damage_taken":0},{"event_name":"Wheel of Change","player_choice":"Gold","floor":5,"damage_taken":0},{"event_name":"Dead Adventurer","player_choice":"Searched \u00271\u0027 times","floor":11,"damage_taken":0},{"event_name":"Beggar","player_choice":"Gave Gold","floor":19,"damage_taken":0},{"event_name":"Addict","player_choice":"Ignored","floor":21,"damage_taken":0},{"event_name":"Mysterious Sphere","player_choice":"Ignore","floor":36,"damage_taken":0},{"event_name":"Winding Halls","player_choice":"Writhe","floor":39,"damage_taken":0},{"event_name":"Tomb of Lord Red Mask","player_choice":"Paid","floor":45,"damage_taken":0}],"boss_relics":[{"not_picked":["Runic Dome","Snecko Eye"],"picked":"Calling Bell"},{"not_picked":["Cursed Key","Lizard Tail"],"picked":"The Specimen"}],"potions_floor_spawned":[2,6,11,13,18,27,30,41,46],"seed_played":"7906872899160105170","killed_by":"Giant Head","ascension_level":5,"is_trial":false}