{"path_per_floor":["M","M","M","M","M","E","?","R","T","?","M","E","?","T","R","B",null,"M","$","?","?","M","E","M","$","T","$","M","$","R","T","R","B",null,"M","?","?","M","$","R","E","M","T","R","E","$","?","M","R","B"],"character_chosen":"THE_SILENT","items_purchased":["Noxious Fumes","Ninja Scroll","Ornamental Fan","Cloak And Dagger","Infinite Blades","Backstab","Caltrops"],"gold_per_floor":[143,163,177,189,208,235,185,185,185,185,195,228,228,228,228,325,325,339,16,16,16,32,362,381,143,143,39,56,22,22,22,22,118,118,138,138,138,150,5,5,32,43,43,43,69,19,19,37,37,37],"floor_reached":51,"campfire_rested":3,"playtime":2584,"current_hp_per_floor":[46,45,45,44,41,23,23,45,45,45,45,43,43,43,43,43,75,75,75,75,75,75,75,75,75,75,75,75,75,75,75,75,58,75,75,75,75,75,75,75,64,64,64,75,44,44,35,35,57,22],"items_purged":["Strike_G","Strike_G"],"gold":37,"score":833,"play_id":"2e296171-8c24-45a0-a834-af41e71260a3","local_time":"20180401121357","is_prod":false,"is_daily":false,"is_ascension_mode":false,"campfire_upgraded":4,"timestamp":1522610037,"path_taken":["M","M","M","M","M","E","?","R","T","?","?","E","?","?","R","BOSS","M","$","?","?","M","E","M","$","T","$","?","?","R","?","R","BOSS","M","?","?","M","$","R","E","M","T","R","E","$","?","M","R","BOSS"],"build_version":"2018-03-29v2","purchased_purges":2,"victory":true,"master_deck":["Defend_G","Defend_G","Defend_G","Strike_G","Survivor+1","Neutralize","Caltrops","Cloak And Dagger","Blur+1","Deadly Poison","Noxious Fumes+1","PiercingWail","Dagger Throw+1","Backstab+1","Venomology","Deflect","Adrenaline","Poisoned Stab","Noxious Fumes","Backflip+1","Backflip+1","Noxious Fumes","Footwork","Cloak And Dagger","Infinite Blades+1","Caltrops","Backstab","Envenom+1","Leg Sweep+1","Mind Blast","Footwork","Caltrops","Cloak And Dagger+1","After Image","Madness","Madness","Bane+1"],"max_hp_per_floor":[75,75,75,75,75,75,75,75,75,75,75,75,75,75,75,75,75,75,75,75,75,75,75,75,75,75,75,75,75,75,75,75,75,75,75,75,75,75,75,75,75,75,75,75,75,75,75,75,75,75],"relics":["Tiny House","Dodecahedron","Thread and Needle","Bag of Marbles","Whetstone","Lizard Tail","Ninja Scroll","Old Coin","Ornamental Fan","Du-Vu Doll","Calipers","Cursed Key","Smiling Mask","War Paint"],"card_choices":[{"not_picked":["Concentrate","Flying Knee"],"picked":"Caltrops","floor":0.0},{"not_picked":["Calculated Gamble","Underhanded Strike"],"picked":"Cloak And Dagger","floor":1.0},{"not_picked":["Skewer","Deflect"],"picked":"Blur","floor":2.0},{"not_picked":["Prepared","Sucker Punch"],"picked":"Deadly Poison","floor":3.0},{"not_picked":["Riddle With Holes","All Out Attack"],"picked":"Noxious Fumes","floor":4.0},{"not_picked":["Deflect","Concentrate"],"picked":"PiercingWail","floor":5.0},{"not_picked":["Accuracy","Heel Hook"],"picked":"Dagger Throw","floor":6.0},{"not_picked":["Unload","Dagger Throw"],"picked":"Backstab","floor":11.0},{"not_picked":["Underhanded Strike","Sucker Punch"],"picked":"Venomology","floor":12.0},{"not_picked":["Doppelganger","Bullet Time"],"picked":"Adrenaline","floor":16.0},{"not_picked":["Underhanded Strike","Acrobatics"],"picked":"Poisoned Stab","floor":18.0},{"not_picked":["Flying Knee","Acrobatics"],"picked":"Backflip","floor":22.0},{"not_picked":["Flying Knee","Cloak And Dagger"],"picked":"Noxious Fumes","floor":23.0},{"not_picked":["Underhanded Strike","Bane"],"picked":"Footwork","floor":24.0},{"not_picked":["Sucker Punch","Acrobatics"],"picked":"Caltrops","floor":28.0},{"not_picked":["Phantasmal Killer","Glass Knife"],"picked":"Envenom","floor":33},{"not_picked":["Backflip","Bane"],"picked":"Leg Sweep","floor":35},{"not_picked":["Transmutation","Sadistic Nature"],"picked":"Mind Blast","floor":37},{"not_picked":["Blade Dance","Poisoned Stab"],"picked":"Footwork","floor":38},{"not_picked":["Well Laid Plans","PiercingWail"],"picked":"Cloak And Dagger","floor":41},{"not_picked":["Glass Knife","Expertise"],"picked":"After Image","floor":45},{"not_picked":["Concentrate","Prepared"],"picked":"Bane","floor":48}],"player_experience":74104,"potions_floor_usage":[33,33,35,38,41,41,41,41,50,50,50],"damage_taken":[{"damage":29.0,"enemies":"2 Louse","floor":1.0,"turns":6.0},{"damage":1.0,"enemies":"Small Slimes","floor":2.0,"turns":4.0},{"damage":0.0,"enemies":"Cultist","floor":3.0,"turns":5.0},{"damage":1.0,"enemies":"Lots of Slimes","floor":4.0,"turns":2.0},{"damage":3.0,"enemies":"Exordium Wildlife","floor":5.0,"turns":5.0},{"damage":18.0,"enemies":"Lagavulin","floor":6.0,"turns":7.0},{"damage":0.0,"enemies":"3 Louse","floor":11.0,"turns":4.0},{"damage":2.0,"enemies":"Gremlin Nob","floor":12.0,"turns":5.0},{"damage":0.0,"enemies":"Hexaghost","floor":16.0,"turns":9.0},{"damage":0.0,"enemies":"3 Byrds","floor":18.0,"turns":6.0},{"damage":0.0,"enemies":"2 Thieves","floor":22.0,"turns":3.0},{"damage":0.0,"enemies":"Gremlin Leader","floor":23.0,"turns":8.0},{"damage":0.0,"enemies":"3 Cultists","floor":24.0,"turns":5.0},{"damage":0.0,"enemies":"Centurion and Healer","floor":28.0,"turns":5.0},{"damage":17,"enemies":"Champ","floor":33,"turns":11},{"damage":4,"enemies":"3 Darklings","floor":35,"turns":6},{"damage":4,"enemies":"3 Shapes","floor":38,"turns":5},{"damage":20,"enemies":"2 Orb Walkers","floor":41,"turns":5},{"damage":0,"enemies":"Sphere and 2 Shapes","floor":42,"turns":6},{"damage":31,"enemies":"Nemesis","floor":45,"turns":7},{"damage":0,"enemies":"Maw","floor":48,"turns":8},{"damage":35,"enemies":"Donu and Deca","floor":50,"turns":11}],"event_choices":[{"event_name":"The Cleric","player_choice":"Card Removal","floor":7.0,"damage_taken":0.0},{"event_name":"Purifier","player_choice":"One Purge","floor":10.0,"damage_taken":0.0},{"event_name":"Transmorgrifier","player_choice":"Transform","floor":13.0,"damage_taken":0.0},{"event_name":"Addict","player_choice":"Ignored","floor":20.0,"damage_taken":0.0},{"event_name":"The Library","player_choice":"Read","floor":21.0,"damage_taken":0.0},{"event_name":"SensoryStone","player_choice":"Memory 1","floor":37,"damage_taken":0},{"event_name":"Winding Halls","player_choice":"Embrace Madness","floor":47,"damage_taken":0}],"boss_relics":[{"not_picked":["Snecko Eye","Sozu"],"picked":"Cursed Key"}],"potions_floor_spawned":[1,2,5,11,22,23,33,35,38,48],"seed_played":"-463270848954445062","ascension_level":0,"is_trial":false}