{"gold_per_floor":[110,130,23,73,84,84,102,102,102,116,116,147,161,179,179,250,250,264,73,90,101,118,118,118,118,118,135,153,173,173,98,98,172,172,184,184,201,214,10,10,10,42,65,79,97,128,143,243,243,243],"floor_reached":51,"playtime":2166,"items_purged":["Strike_B"],"score":1214,"play_id":"4bad6765-f3c8-445d-9c0b-e890b9992a45","local_time":"20190526192129","is_ascension_mode":true,"campfire_choices":[{"data":"Zap","floor":6,"key":"SMITH"},{"data":"Defragment","floor":11,"key":"SMITH"},{"data":"Echo Form","floor":15,"key":"SMITH"},{"data":"Echo Form","floor":23,"key":"SMITH"},{"data":"Tempest","floor":25,"key":"SMITH"},{"floor":30,"key":"REST"},{"data":"Hologram","floor":32,"key":"SMITH"},{"floor":40,"key":"REST"},{"data":"Hologram","floor":49,"key":"SMITH"}],"neow_cost":"NONE","seed_source_timestamp":125013299483546,"circlet_count":0,"master_deck":["AscendersBane","Strike_B","Strike_B","Strike_B","Defend_B","Defend_B","Defend_B","Defend_B","Zap+1","Dualcast","Cold Snap","Self Repair","Chill","Coolheaded","Tempest+1","Defragment+1","Hologram+1","FTL","Echo Form+1","Echo Form+1","Consume+1","Hologram+1","Electrodynamics","RitualDagger","Conserve Battery","Thunder Strike","Glacier","Writhe","Coolheaded+1","Capacitor","HandOfGreed","Ball Lightning","Loop+1","Fusion"],"relics":["Cracked Core","Orichalcum","Torii","Matryoshka","Snecko Eye","Runic Capacitor","Pen Nib","Shuriken","Inserter","Bag of Preparation","Anchor","Cables","DataDisk","Potion Belt","Nunchaku"],"potions_floor_usage":[33,33,47,48,50,50],"damage_taken":[{"damage":16,"enemies":"Small Slimes","floor":1,"turns":3},{"damage":0,"enemies":"Cultist","floor":2,"turns":3},{"damage":4,"enemies":"Jaw Worm","floor":5,"turns":3},{"damage":4,"enemies":"Looter","floor":7,"turns":4},{"damage":8,"enemies":"3 Louse","floor":10,"turns":4},{"damage":16,"enemies":"Gremlin Nob","floor":12,"turns":4},{"damage":0,"enemies":"Large Slime","floor":13,"turns":3},{"damage":1,"enemies":"2 Fungi Beasts","floor":14,"turns":3},{"damage":2,"enemies":"Slime Boss","floor":16,"turns":11},{"damage":8,"enemies":"Shell Parasite","floor":18,"turns":4},{"damage":2,"enemies":"3 Byrds","floor":20,"turns":4},{"damage":25,"enemies":"Snecko","floor":21,"turns":4},{"damage":1,"enemies":"Chosen and Byrds","floor":22,"turns":5},{"damage":12,"enemies":"Shelled Parasite and Fungi","floor":27,"turns":2},{"damage":12,"enemies":"3 Cultists","floor":28,"turns":3},{"damage":23,"enemies":"Centurion and Healer","floor":29,"turns":5},{"damage":9,"enemies":"Automaton","floor":33,"turns":6},{"damage":38,"enemies":"3 Darklings","floor":35,"turns":3},{"damage":1,"enemies":"Orb Walker","floor":37,"turns":5},{"damage":27,"enemies":"4 Shapes","floor":38,"turns":4},{"damage":1,"enemies":"Giant Head","floor":42,"turns":9},{"damage":0,"enemies":"3 Darklings","floor":44,"turns":2},{"damage":2,"enemies":"Jaw Worm Horde","floor":45,"turns":4},{"damage":32,"enemies":"Reptomancer","floor":46,"turns":4},{"damage":0,"enemies":"Transient","floor":47,"turns":5},{"damage":0,"enemies":"Mind Bloom Boss Battle","floor":48,"turns":4},{"damage":14,"enemies":"Awakened One","floor":50,"turns":8}],"seed_played":"-2114449668379664468","potions_obtained":[{"floor":7,"key":"Dexterity Potion"},{"floor":8,"key":"Regen Potion"},{"floor":35,"key":"Poison Potion"},{"floor":42,"key":"GamblersBrew"},{"floor":46,"key":"FearPotion"},{"floor":47,"key":"LiquidBronze"}],"is_trial":false,"path_per_floor":["M","M","$","?","M","R","M","?","T","M","R","E","M","M","R","B",null,"M","$","M","M","M","R","?","R","T","M","M","M","R","$","R","B",null,"M","?","M","M","$","R","?","E","T","M","M","E","M","?","R","B",null],"character_chosen":"DEFECT","items_purchased":["Self Repair","Chill","Runic Capacitor","Energy Potion","Bag of Preparation"],"campfire_rested":2,"item_purchase_floors":[3,3,19,39,39],"current_hp_per_floor":[48,48,48,48,51,51,54,54,54,53,53,44,51,57,57,62,69,71,71,69,51,64,64,58,58,58,46,34,25,46,46,46,49,66,28,42,55,35,35,56,56,69,69,69,71,53,67,67,67,67],"gold":243,"neow_bonus":"RANDOM_COMMON_RELIC","is_prod":false,"is_daily":false,"chose_seed":false,"campfire_upgraded":7,"win_rate":0,"timestamp":1558916489,"path_taken":["M","M","$","?","?","R","M","?","T","M","R","E","M","?","R","BOSS","M","$","?","M","M","R","?","R","T","M","M","M","R","?","R","BOSS","M","?","M","M","$","R","?","E","T","M","M","E","M","?","R","BOSS"],"build_version":"2019-01-23","purchased_purges":1,"victory":true,"max_hp_per_floor":[71,71,71,71,71,71,71,71,71,71,71,71,71,71,71,71,71,71,71,71,71,71,71,71,71,71,71,71,71,71,71,71,71,71,71,71,71,71,71,71,71,71,71,71,71,71,71,71,71,71],"card_choices":[{"not_picked":["Sweeping Beam","Rebound"],"picked":"Cold Snap","floor":1},{"not_picked":["Lockon","Beam Cell","Storm"],"picked":"SKIP","floor":2},{"not_picked":["Cold Snap","Steam"],"picked":"Coolheaded","floor":5},{"not_picked":["Go for the Eyes","Compile Driver"],"picked":"Tempest","floor":7},{"not_picked":["All For One","Sweeping Beam"],"picked":"Defragment","floor":10},{"not_picked":["Undo","Streamline"],"picked":"Hologram","floor":12},{"not_picked":["Lockon","Barrage"],"picked":"FTL","floor":13},{"not_picked":["Barrage","Consume"],"picked":"Echo Form","floor":14},{"not_picked":["Machine Learning","Rainbow"],"picked":"Echo Form","floor":16},{"not_picked":["Gash","Rebound"],"picked":"Consume+1","floor":18},{"not_picked":["Rip and Tear+1","FTL","Stack+1"],"picked":"SKIP","floor":20},{"not_picked":["Beam Cell","Steam"],"picked":"Hologram","floor":21},{"not_picked":["Defragment","Glacier"],"picked":"Electrodynamics","floor":22},{"not_picked":["Streamline","Steam Power"],"picked":"Conserve Battery","floor":27},{"not_picked":["Turbo","Storm","Stack"],"picked":"SKIP","floor":28},{"not_picked":["Conserve Battery","Stack","Compile Driver"],"picked":"SKIP","floor":29},{"not_picked":["Creative AI","Multi-Cast"],"picked":"Thunder Strike","floor":33},{"not_picked":["Leap","Beam Cell+1"],"picked":"Glacier","floor":35},{"not_picked":["Coolheaded+1","Conserve Battery","Gash"],"picked":"SKIP","floor":37},{"not_picked":["Conserve Battery","Gash"],"picked":"Coolheaded+1","floor":37},{"not_picked":["Go for the Eyes","Stack"],"picked":"Capacitor","floor":38},{"not_picked":["Flash of Steel","Discovery"],"picked":"HandOfGreed","floor":41},{"not_picked":["Go for the Eyes","Leap"],"picked":"Ball Lightning","floor":42},{"not_picked":["Go for the Eyes+1","Glacier"],"picked":"Loop+1","floor":44},{"not_picked":["Double Energy","Streamline","Reprogram+1"],"picked":"SKIP","floor":45},{"not_picked":["Leap","Stack","Beam Cell+1"],"picked":"SKIP","floor":46},{"not_picked":["Rebound","Self Repair"],"picked":"Fusion","floor":47}],"player_experience":1065444,"relics_obtained":[{"floor":9,"key":"Torii"},{"floor":12,"key":"Matryoshka"},{"floor":26,"key":"Pen Nib"},{"floor":26,"key":"Shuriken"},{"floor":42,"key":"Anchor"},{"floor":43,"key":"Cables"},{"floor":43,"key":"DataDisk"},{"floor":46,"key":"Potion Belt"},{"floor":48,"key":"Nunchaku"}],"event_choices":[{"damage_healed":0,"gold_gain":50,"player_choice":"Pray","damage_taken":0,"max_hp_gain":0,"max_hp_loss":0,"event_name":"Golden Shrine","floor":4,"gold_loss":0},{"damage_healed":0,"gold_gain":0,"player_choice":"Got Potions","damage_taken":0,"max_hp_gain":0,"max_hp_loss":0,"event_name":"Lab","floor":8,"gold_loss":0},{"damage_healed":0,"gold_gain":0,"player_choice":"Joined the Cult","damage_taken":6,"max_hp_gain":0,"max_hp_loss":0,"event_name":"Nest","floor":24,"gold_loss":0,"cards_obtained":["RitualDagger"]},{"damage_healed":14,"gold_gain":0,"player_choice":"Writhe","damage_taken":0,"max_hp_gain":0,"max_hp_loss":0,"event_name":"Winding Halls","floor":36,"gold_loss":0,"cards_obtained":["Writhe"]},{"damage_healed":0,"gold_gain":0,"player_choice":"Memory 1","damage_taken":0,"max_hp_gain":0,"max_hp_loss":0,"event_name":"SensoryStone","floor":41,"gold_loss":0},{"damage_healed":0,"gold_gain":0,"player_choice":"Fight","damage_taken":0,"max_hp_gain":0,"max_hp_loss":0,"event_name":"MindBloom","floor":48,"gold_loss":0}],"is_beta":false,"boss_relics":[{"not_picked":["Tiny House","Ectoplasm"],"picked":"Snecko Eye"},{"not_picked":["White Beast Statue","Coffee Dripper"],"picked":"Inserter"}],"items_purged_floors":[31],"is_endless":false,"potions_floor_spawned":[7,12,13,21,27,28,29,35,42,44,45,46,47],"ascension_level":15}