{"path_per_floor":["M","M","M","M","?","E","M","R","T","M","$","R","M","M","R","B",null,"M","?","?","$","M","R","E","M","T"],"character_chosen":"THE_SILENT","items_purchased":["Paper Crane","Backflip","Dash","Bouncing Flask","Infinite Blades","Noxious Fumes","Backflip","Endless Agony","Sucker Punch","Acrobatics"],"gold_per_floor":[111,125,138,149,149,179,196,196,496,512,36,36,51,70,70,171,171,182,282,282,9,23,23,49,68,117,117],"floor_reached":27,"campfire_rested":3,"playtime":2612,"item_purchase_floors":[11,11,11,11,11,21,21,21,21,21],"current_hp_per_floor":[70,68,68,60,60,60,48,69,69,51,51,51,51,46,67,30,70,37,37,51,51,35,60,4,4,4,0],"items_purged":[],"gold":117,"score":287,"play_id":"1049919a-b8db-44bf-9555-30de05035d34","local_time":"20180603000330","is_prod":false,"is_daily":false,"chose_seed":false,"is_ascension_mode":false,"campfire_upgraded":1,"win_rate":0.0,"timestamp":1527977010,"campfire_choices":[{"floor":8,"key":"REST"},{"data":"Infinite Blades","floor":12,"key":"SMITH"},{"floor":15,"key":"REST"},{"floor":23,"key":"REST"}],"path_taken":["M","?","M","M","?","E","M","R","T","M","$","R","M","M","R","BOSS","M","?","?","$","M","R","E","M","T","M"],"build_version":"2018-05-31","seed_source_timestamp":28758269080505,"purchased_purges":0,"victory":false,"master_deck":["Defend_G","Defend_G","Defend_G","Defend_G","Defend_G","Strike_G+1","Strike_G","Strike_G","Strike_G","Strike_G+1","Survivor","Neutralize","Terror","Flying Knee","Dagger Throw","Dagger Throw","Noxious Fumes","Deflect","Sucker Punch","Backflip","Dash","Bouncing Flask","Infinite Blades+1","Skewer","Burst","After Image","Bane","Writhe","Noxious Fumes","Backflip","Endless Agony","Sucker Punch","Acrobatics","Bane+1","Endless Agony","Deflect+1"],"max_hp_per_floor":[70,70,70,70,70,70,70,70,70,70,70,70,70,70,70,70,70,70,70,84,84,84,84,84,84,84,84],"relics":["Ring of the Snake","Oddly Smooth Stone","Whetstone","Old Coin","Paper Crane","White Beast Statue","Mango","Ginger","Boot"],"card_choices":[{"not_picked":["Dagger Throw","Quick Slash"],"picked":"Terror","floor":1},{"not_picked":["Dodge and Roll","Acrobatics"],"picked":"Flying Knee","floor":2},{"not_picked":["Deflect","Dagger Spray"],"picked":"Dagger Throw","floor":3},{"not_picked":["Flying Knee","Blade Dance"],"picked":"Dagger Throw","floor":4},{"not_picked":["Dash","Reflex"],"picked":"Noxious Fumes","floor":6},{"not_picked":["All Out Attack","Outmaneuver"],"picked":"Deflect","floor":7},{"not_picked":["Dagger Throw","Dagger Spray"],"picked":"Sucker Punch","floor":10},{"not_picked":["Poisoned Stab","Dodge and Roll"],"picked":"Skewer","floor":13},{"not_picked":["Escape Plan","Slice"],"picked":"Burst","floor":14},{"not_picked":["Die Die Die","Wraith Form v2"],"picked":"After Image","floor":16},{"not_picked":["Poisoned Stab","Backflip+1"],"picked":"Bane","floor":18},{"not_picked":["All Out Attack","Underhanded Strike"],"picked":"Bane+1","floor":22},{"not_picked":["Backflip","Predator"],"picked":"Endless Agony","floor":24},{"not_picked":["Predator","Outmaneuver"],"picked":"Deflect+1","floor":25}],"player_experience":24152,"potions_floor_usage":[16,16,22,22,25,25,27],"damage_taken":[{"damage":0,"enemies":"Cultist","floor":1,"turns":3},{"damage":2,"enemies":"Small Slimes","floor":2,"turns":3},{"damage":0,"enemies":"2 Louse","floor":3,"turns":3},{"damage":8,"enemies":"Exordium Wildlife","floor":4,"turns":4},{"damage":0,"enemies":"Gremlin Nob","floor":6,"turns":3},{"damage":12,"enemies":"2 Fungi Beasts","floor":7,"turns":3},{"damage":18,"enemies":"Exordium Thugs","floor":10,"turns":5},{"damage":0,"enemies":"3 Louse","floor":13,"turns":3},{"damage":5,"enemies":"Looter","floor":14,"turns":2},{"damage":37,"enemies":"Hexaghost","floor":16,"turns":8},{"damage":33,"enemies":"3 Byrds","floor":18,"turns":6},{"damage":16,"enemies":"Shell Parasite","floor":22,"turns":6},{"damage":56,"enemies":"Gremlin Leader","floor":24,"turns":6},{"damage":0,"enemies":"Chosen and Byrds","floor":25,"turns":4},{"damage":6,"enemies":"Centurion and Healer","floor":27,"turns":6}],"relics_obtained":[{"floor":6,"key":"Whetstone"},{"floor":9,"key":"Old Coin"},{"floor":24,"key":"Ginger"},{"floor":26,"key":"Boot"}],"event_choices":[{"event_name":"The Lab","player_choice":"Got Potions","floor":5,"damage_taken":0},{"event_name":"Golden Shrine","player_choice":"Pray","floor":19,"damage_taken":0},{"event_name":"The Mausoleum","player_choice":"Yes","floor":20,"damage_taken":0}],"boss_relics":[{"not_picked":["Calling Bell","Eternal Feather"],"picked":"White Beast Statue"}],"items_purged_floors":[],"potions_floor_spawned":[2,4,10,16,18,22,24,25],"seed_played":"4888036521845182392","killed_by":"Centurion and Healer","ascension_level":0,"potions_obtained":[{"floor":2,"key":"FearPotion"},{"floor":4,"key":"LiquidBronze"},{"floor":5,"key":"SteroidPotion"},{"floor":5,"key":"SmokeBomb"},{"floor":10,"key":"Dexterity Potion"},{"floor":16,"key":"SpeedPotion"},{"floor":18,"key":"SkillPotion"},{"floor":22,"key":"Fire Potion"},{"floor":24,"key":"AttackPotion"},{"floor":25,"key":"SpeedPotion"}],"is_trial":false}