{"path_per_floor":["M","M","M","M","$","E","R","E","T","R","E","?","?","M","R","B",null,"M","M","$","?"],"character_chosen":"DEFECT","items_purchased":["Doom and Gloom","Mercury Hourglass"],"gold_per_floor":[117,129,141,159,87,118,118,149,149,149,179,240,240,253,253,379,379,399,372,112,0,0],"floor_reached":22,"campfire_rested":3,"playtime":1665,"item_purchase_floors":[5,20],"current_hp_per_floor":[66,58,58,47,47,18,40,20,20,42,20,19,19,19,41,19,75,21,20,20,20,0],"items_purged":[],"gold":0,"score":245,"play_id":"f8c4a57b-2c64-4107-a046-c1386fa1f28e","local_time":"20180526200919","is_prod":false,"is_daily":false,"chose_seed":false,"is_ascension_mode":true,"campfire_upgraded":0,"win_rate":0,"timestamp":1527354559,"campfire_choices":[{"floor":7,"key":"REST"},{"floor":10,"key":"REST"},{"floor":15,"key":"REST"}],"path_taken":["M","M","M","M","$","E","R","E","T","R","E","?","?","M","R","BOSS","M","M","$","?","M"],"build_version":"2018-05-25","seed_source_timestamp":766071116054504,"purchased_purges":0,"victory":false,"master_deck":["Strike_B","Strike_B","Strike_B","Strike_B","Defend_B","Defend_B","Defend_B","Defend_B","Zap","Dualcast","Fusion","White Noise","Self Repair","Rip and Tear","Doom and Gloom","All For One","Doom and Gloom","Chill","Rip and Tear","Go for the Eyes","Creative AI","Melter","Steam"],"max_hp_per_floor":[75,75,75,75,75,75,75,75,75,75,75,75,75,75,75,75,75,75,75,75,75,75],"relics":["Runic Pyramid","Oddly Smooth Stone","Orichalcum","Bag of Marbles","Letter Opener","Omamori","Golden Idol","Eternal Feather","Mercury Hourglass"],"card_choices":[{"not_picked":["Steam","Coolheaded"],"picked":"Fusion","floor":1},{"not_picked":["Rebound","Ball Lightning"],"picked":"White Noise","floor":2},{"not_picked":["Stack","Barrage"],"picked":"Self Repair","floor":3},{"not_picked":["Turbo","Scrape"],"picked":"Rip and Tear","floor":4},{"not_picked":["Echo Form","Turbo"],"picked":"All For One","floor":6},{"not_picked":["Force Field","Thunder Strike"],"picked":"Doom and Gloom","floor":8},{"not_picked":["Streamline","Compile Driver"],"picked":"Chill","floor":11},{"not_picked":["Compile Driver","Hologram"],"picked":"Rip and Tear","floor":12},{"not_picked":["Redo","Loop"],"picked":"Go for the Eyes","floor":14},{"not_picked":["Seek","Electrodynamics"],"picked":"Creative AI","floor":16},{"not_picked":["Skim+1","Lockon+1"],"picked":"Melter","floor":18},{"not_picked":["Static Discharge","Compile Driver"],"picked":"Steam","floor":19}],"player_experience":232589,"potions_floor_usage":[6,8,16,16,16,18,18,18,19],"damage_taken":[{"damage":9,"enemies":"Jaw Worm","floor":1,"turns":4},{"damage":8,"enemies":"2 Louse","floor":2,"turns":3},{"damage":0,"enemies":"Cultist","floor":3,"turns":4},{"damage":18,"enemies":"3 Louse","floor":4,"turns":4},{"damage":36,"enemies":"Gremlin Nob","floor":6,"turns":4},{"damage":27,"enemies":"3 Sentries","floor":8,"turns":6},{"damage":22,"enemies":"Lagavulin","floor":11,"turns":5},{"damage":15,"enemies":"3 Sentries","floor":12,"turns":4},{"damage":0,"enemies":"Large Slime","floor":14,"turns":4},{"damage":29,"enemies":"The Guardian","floor":16,"turns":9},{"damage":61,"enemies":"Spheric Guardian","floor":18,"turns":8},{"damage":15,"enemies":"2 Thieves","floor":19,"turns":5},{"damage":23,"enemies":"Slaver and Parasite","floor":22,"turns":2}],"relics_obtained":[{"floor":6,"key":"Oddly Smooth Stone"},{"floor":8,"key":"Orichalcum"},{"floor":9,"key":"Bag of Marbles"},{"floor":11,"key":"Letter Opener"},{"floor":12,"key":"Omamori"}],"event_choices":[{"event_name":"Dead Adventurer","player_choice":"Searched \u00271\u0027 times","floor":12,"damage_taken":0},{"event_name":"Golden Idol","player_choice":"Take Wound","floor":13,"damage_taken":0},{"event_name":"Masked Bandits","player_choice":"Paid Bandits 112 gold","floor":21,"damage_taken":0}],"boss_relics":[{"not_picked":["Pandora\u0027s Box","Lizard Tail"],"picked":"Eternal Feather"}],"items_purged_floors":[],"potions_floor_spawned":[4,6,12,12,14,16,19],"seed_played":"-7839572773780316845","killed_by":"Slaver and Parasite","ascension_level":4,"potions_obtained":[{"floor":4,"key":"Fire Potion"},{"floor":6,"key":"AttackPotion"},{"floor":12,"key":"Poison Potion"},{"floor":12,"key":"Weak Potion"},{"floor":14,"key":"Swift Potion"},{"floor":16,"key":"EntropicBrew"},{"floor":19,"key":"Energy Potion"}],"is_trial":false}