{"path_per_floor":["M","?","?","T","$","E","R","?","T","R","M","$","E","M","R","B",null,"M","$","T","M","$","M","R","E","T","R","?","M","M","M","R"],"character_chosen":"THE_SILENT","items_purchased":["Footwork","Deflect"],"gold_per_floor":[111,111,111,111,36,72,72,72,120,120,138,38,104,127,127,247,247,263,63,86,109,87,101,101,142,168,168,168,183,202,225,225],"floor_reached":33,"campfire_rested":5,"playtime":2273,"current_hp_per_floor":[68,68,68,68,68,19,40,40,40,61,61,61,60,60,60,58,70,70,70,70,64,64,40,61,41,41,64,64,55,66,34,57],"items_purged":["Defend_G","Injury","Strike_G"],"gold":225,"score":273,"play_id":"dac0fcb7-b45f-43f8-aae1-f2c94db578b9","is_prod":false,"is_daily":false,"is_ascension_mode":false,"campfire_upgraded":1,"path_taken":["M","?","?","?","$","E","R","?","T","R","?","$","E","?","R","BOSS","M","$","?","M","$","M","R","E","T","R","?","?","M","M","R","BOSS"],"build_version":"2018-02-15-PROD1","purchased_purges":4,"victory":false,"master_deck":["Defend_G","Defend_G","Defend_G","Defend_G","Strike_G","Strike_G","Survivor","Neutralize","Backflip","Deadly Poison","Poisoned Stab","Noxious Fumes+1","Slice","Dagger Spray","Die Die Die","Deadly Poison","Footwork","Deflect","Backflip","Flying Knee+1","Endless Agony","Slice+1","Blur","Deflect+1"],"max_hp_per_floor":[70,70,70,70,70,70,70,70,70,70,70,70,70,70,70,70,70,70,70,70,70,70,70,70,77,77,77,77,77,77,77,77],"relics":["Ring of the Snake","Golden Idol","Shovel","Oddly Smooth Stone","Vajra","Tiny Chest","Black Star","Pen Nib","Strawberry","Prayer Wheel","Bag of Preparation"],"card_choices":[{"not_picked":["Terror","Crippling Poison"],"picked":"Deadly Poison"},{"not_picked":["Slice","Acrobatics"],"picked":"Poisoned Stab"},{"not_picked":["Crippling Poison","Prepared"],"picked":"Noxious Fumes"},{"not_picked":["Sucker Punch","Deflect"],"picked":"Slice"},{"not_picked":["Outmaneuver","Bullet Time"],"picked":"Dagger Spray"},{"not_picked":["A Thousand Cuts","Phantasmal Killer"],"picked":"Die Die Die"},{"not_picked":["Poisoned Stab","Dodge and Roll"],"picked":"Deadly Poison"},{"not_picked":["Flying Knee","Crippling Poison"],"picked":"Backflip"},{"not_picked":["Dagger Spray","PiercingWail"],"picked":"Flying Knee"},{"not_picked":["Deadly Poison","Quick Slash"],"picked":"Slice"},{"not_picked":["Quick Slash","Blade Dance"],"picked":"Blur"},{"not_picked":["Sucker Punch","Poisoned Stab"],"picked":"Deflect"}],"player_experience":61531,"potions_floor_usage":[13,13,16,30,30],"damage_taken":[{"damage":2,"enemies":"Small Slimes","floor":1,"turns":5},{"damage":49,"enemies":"Gremlin Nob","floor":6,"turns":6},{"damage":0,"enemies":"Cultist","floor":11,"turns":3},{"damage":1,"enemies":"Lagavulin","floor":13,"turns":6},{"damage":0,"enemies":"2 Louse","floor":14,"turns":3},{"damage":2,"enemies":"Hexaghost","floor":16,"turns":9},{"damage":0,"enemies":"Shell Parasite","floor":18,"turns":6},{"damage":6,"enemies":"Spheric Guardian","floor":21,"turns":4},{"damage":24,"enemies":"Slaver and Parasite","floor":23,"turns":6},{"damage":27,"enemies":"Book of Stabbing","floor":25,"turns":7},{"damage":9,"enemies":"Snake Plant","floor":29,"turns":5},{"damage":4,"enemies":"Cultist and Chosen","floor":30,"turns":7},{"damage":32,"enemies":"Sentry and Sphere","floor":31,"turns":6},{"damage":57,"enemies":"Collector","floor":33,"turns":6}],"event_choices":[{"event_name":"The Lab","player_choice":"Got Potions","floor":2,"damage_taken":0},{"event_name":"Golden Idol","player_choice":"Take Wound","floor":3,"damage_taken":0},{"event_name":"Purifier","player_choice":"One Purge","floor":8,"damage_taken":0},{"event_name":"The Library","player_choice":"Read","floor":28,"damage_taken":0}],"boss_relics":[{"not_picked":["Sozu","Ectoplasm"],"picked":"Black Star"}],"potions_floor_spawned":[1,6,14,23,29,30],"seed_played":"-2060443719082257365","killed_by":"Collector","ascension_level":0,"is_trial":false}