{"gold_per_floor":[217,227,20,36,211,228,253,263,263,263,273,3,36,52,52,149,149,169,244,255,275,236,271,271,303,330,347,347,32,59,12,12,12],"floor_reached":33,"playtime":3192,"items_purged":["Doubt"],"score":358,"play_id":"f1fea465-c950-489a-a48b-4482bb81de8a","local_time":"20180825172849","is_ascension_mode":true,"campfire_choices":[{"data":"Blade Dance","floor":10,"key":"SMITH"},{"floor":15,"key":"REST"},{"floor":24,"key":"REST"},{"floor":28,"key":"REST"},{"floor":32,"key":"REST"}],"neow_cost":"NONE","seed_source_timestamp":10652843905800,"circlet_count":0,"master_deck":["Defend_G","Defend_G","Defend_G","Defend_G","Defend_G","Strike_G","Strike_G","Strike_G","Strike_G","Strike_G","Survivor","Neutralize","PiercingWail","All Out Attack","Tactician","Poisoned Stab","Blade Dance+1","Catalyst","Calculated Gamble","Noxious Fumes","Terror","Deflect","Corpse Explosion","Well Laid Plans","Envenom","Blade Dance","Cloak And Dagger+1","Deadly Poison","Noxious Fumes+1","Catalyst+1","Crippling Poison+1","PiercingWail","Apotheosis","Blade Dance","Infinite Blades+1","PiercingWail"],"relics":["Ring of the Snake","Sling","Boot","Question Card","StoneCalendar","Busted Crown","Frozen Egg 2","Pear","Kunai","Bag of Marbles","Bottled Tornado"],"potions_floor_usage":[7,7,13,16,20,23,27],"damage_taken":[{"damage":6,"enemies":"Jaw Worm","floor":1,"turns":6},{"damage":4,"enemies":"Small Slimes","floor":2,"turns":4},{"damage":0,"enemies":"2 Louse","floor":4,"turns":2},{"damage":3,"enemies":"Lots of Slimes","floor":6,"turns":4},{"damage":6,"enemies":"Gremlin Nob","floor":7,"turns":3},{"damage":3,"enemies":"Red Slaver","floor":8,"turns":3},{"damage":15,"enemies":"Exordium Thugs","floor":11,"turns":5},{"damage":8,"enemies":"3 Sentries","floor":13,"turns":4},{"damage":0,"enemies":"Looter","floor":14,"turns":3},{"damage":13,"enemies":"Slime Boss","floor":16,"turns":7},{"damage":9,"enemies":"3 Byrds","floor":18,"turns":3},{"damage":16,"enemies":"Shell Parasite","floor":20,"turns":6},{"damage":8,"enemies":"Cultist and Chosen","floor":21,"turns":7},{"damage":28,"enemies":"Slavers","floor":23,"turns":4},{"damage":21,"enemies":"Gremlin Leader","floor":25,"turns":6},{"damage":13,"enemies":"Snake Plant","floor":27,"turns":4},{"damage":20,"enemies":"Slavers","floor":30,"turns":6},{"damage":37,"enemies":"Champ","floor":33,"turns":5}],"seed_played":"-47889300735400615","potions_obtained":[{"floor":2,"key":"Poison Potion"},{"floor":6,"key":"Regen Potion"},{"floor":7,"key":"Fire Potion"},{"floor":13,"key":"PowerPotion"},{"floor":18,"key":"Weak Potion"},{"floor":21,"key":"Strength Potion"},{"floor":25,"key":"SpeedPotion"},{"floor":30,"key":"FearPotion"}],"is_trial":false,"path_per_floor":["M","M","$","M","?","M","E","M","T","R","M","$","E","M","R","B",null,"M","T","M","M","$","E","R","E","T","M","R","$","E","$","R"],"character_chosen":"THE_SILENT","items_purchased":["Sling","Noxious Fumes","Terror","Deflect","Noxious Fumes+1","Apotheosis","Blade Dance","Infinite Blades+1","PiercingWail"],"campfire_rested":4,"item_purchase_floors":[3,12,12,12,22,29,29,29,31],"current_hp_per_floor":[64,60,60,60,60,57,63,60,60,60,45,45,37,37,58,45,70,61,61,45,37,37,19,43,22,22,9,33,33,13,13,37,0],"gold":12,"neow_bonus":"HUNDRED_GOLD","is_prod":false,"is_daily":false,"chose_seed":false,"campfire_upgraded":1,"win_rate":0,"timestamp":1535210929,"path_taken":["M","M","$","M","?","?","E","M","T","R","M","$","E","M","R","BOSS","M","?","M","M","?","E","R","E","T","M","R","$","E","$","R","BOSS"],"build_version":"2018-08-23v2","purchased_purges":1,"victory":false,"max_hp_per_floor":[70,70,70,70,70,70,70,70,70,70,70,70,70,70,70,70,70,70,70,70,70,70,80,80,80,80,80,80,80,80,80,80,80],"card_choices":[{"not_picked":["Blur","Slice"],"picked":"PiercingWail","floor":1},{"not_picked":["Underhanded Strike","Masterful Stab"],"picked":"All Out Attack","floor":2},{"not_picked":["Underhanded Strike","Blur"],"picked":"Tactician","floor":4},{"not_picked":["Finisher","Sucker Punch"],"picked":"Poisoned Stab","floor":6},{"not_picked":["Masterful Stab","Sucker Punch"],"picked":"Blade Dance","floor":7},{"not_picked":["Calculated Gamble","Bouncing Flask"],"picked":"Catalyst","floor":8},{"not_picked":["Wraith Form v2","Quick Slash","Tactician"],"picked":"Calculated Gamble","floor":11},{"not_picked":["Underhanded Strike","Blade Dance","After Image"],"picked":"Corpse Explosion","floor":13},{"not_picked":["Slice","Underhanded Strike","Blade Dance"],"picked":"Well Laid Plans","floor":14},{"not_picked":["Bullet Time","Die Die Die","Storm of Steel"],"picked":"Envenom","floor":16},{"not_picked":["Flying Knee+1"],"picked":"Blade Dance","floor":18},{"not_picked":["Deflect"],"picked":"Cloak And Dagger+1","floor":20},{"not_picked":["Unload"],"picked":"Deadly Poison","floor":21},{"not_picked":["Outmaneuver"],"picked":"Catalyst+1","floor":23},{"not_picked":["Masterful Stab"],"picked":"Crippling Poison+1","floor":25},{"not_picked":["Expertise"],"picked":"PiercingWail","floor":27},{"not_picked":["Flying Knee+1","Bouncing Flask"],"picked":"SKIP","floor":30}],"player_experience":172944,"relics_obtained":[{"floor":7,"key":"Boot"},{"floor":9,"key":"Question Card"},{"floor":13,"key":"StoneCalendar"},{"floor":19,"key":"Frozen Egg 2"},{"floor":23,"key":"Pear"},{"floor":25,"key":"Kunai"},{"floor":26,"key":"Bag of Marbles"},{"floor":30,"key":"Bottled Tornado"}],"event_choices":[{"event_name":"Liars Game","player_choice":"agreed","floor":5,"damage_taken":0}],"is_beta":false,"boss_relics":[{"not_picked":["Philosopher\u0027s Stone","Cursed Key"],"picked":"Busted Crown"}],"items_purged_floors":[12],"is_endless":false,"potions_floor_spawned":[2,6,7,13,18,21,25,30],"killed_by":"Champ","ascension_level":1}