{"path_per_floor":["M","?","$","M","M","E","R","?","T","M","R","E","?","?","R","B",null,"M","M","$","?","?","M","R","M","T","M","M","M","R","E","R","B",null,"M","?","?","?","M","E","M","E","T","T","M","$","?","M","R","B"],"character_chosen":"IRONCLAD","items_purchased":["Girya","Molten Egg 2","Fiend Fire"],"gold_per_floor":[110,110,35,45,56,87,87,87,87,100,100,428,428,428,428,530,530,541,558,0,0,0,14,14,34,34,53,66,83,83,112,112,213,243,253,253,253,253,267,298,314,348,372,372,391,132,132,146,146,146],"floor_reached":51,"campfire_rested":0,"playtime":3359,"current_hp_per_floor":[80,80,80,79,79,68,68,65,65,73,73,49,49,49,49,8,80,80,71,71,56,56,43,43,46,46,47,51,51,51,59,59,60,106,106,106,106,96,100,34,24,15,22,36,23,23,111,98,98,12],"items_purged":["Strike_R","Shockwave"],"gold":146,"score":787,"play_id":"4d5a3e97-0df9-4d47-8a19-3d444a73840c","local_time":"20180331115136","is_prod":false,"is_daily":false,"is_ascension_mode":false,"campfire_upgraded":5,"timestamp":1522522296,"path_taken":["M","?","$","M","M","E","R","?","T","M","R","E","?","?","R","BOSS","M","M","$","?","?","M","R","M","T","?","M","M","R","E","R","BOSS","M","?","?","?","M","E","?","E","T","?","M","$","?","M","R","BOSS"],"build_version":"2018-03-29v2","purchased_purges":3,"victory":true,"master_deck":["Pommel Strike+1","Inflame+1","Offering+1","Headbutt+1","Armaments","Metallicize","Rage","True Grit","Rampage+1","Feed+1","Battle Trance","Rage+1","Havoc+1","Shrug It Off","Exhume","Deep Breath","Secret Technique+1","Sentinel+1","Feel No Pain","Havoc","Battle Trance+1","Headbutt+1","Fiend Fire+1","Headbutt+1"],"max_hp_per_floor":[80,80,80,80,80,80,80,80,80,80,80,80,80,80,80,80,80,80,80,80,85,85,85,85,89,89,93,93,97,97,101,101,101,106,106,106,106,106,106,106,106,106,113,127,127,127,111,111,111,111],"relics":["Burning Blood","Orichalcum","Prayer Wheel","Blood Vial","Old Coin","Pandora\u0027s Box","Girya","Molten Egg 2","Du-Vu Doll","Art of War","Tiny House","Bottled Flame","Magic Flower","Strawberry","Mango"],"card_choices":[{"not_picked":["Intimidate","Pummel"],"picked":"Pommel Strike","floor":5.0},{"not_picked":["Havoc","Cleave"],"picked":"Inflame","floor":9.0},{"not_picked":["True Grit","Havoc"],"picked":"Offering","floor":12.0},{"not_picked":["Perfected Strike","Combust"],"picked":"Rampage","floor":19.0},{"not_picked":["Entrench","True Grit"],"picked":"Battle Trance","floor":23.0},{"not_picked":["Clash","Uppercut"],"picked":"Rage","floor":25.0},{"not_picked":["Shockwave","Twin Strike"],"picked":"Havoc","floor":27.0},{"not_picked":["Feel No Pain","Heavy Blade"],"picked":"Shrug It Off","floor":28.0},{"not_picked":["Berserk","Reaper"],"picked":"Exhume","floor":33.0},{"not_picked":["Enlightenment","Dark Shackles"],"picked":"Deep Breath","floor":38.0},{"not_picked":["Blind","Thinking Ahead"],"picked":"Secret Technique","floor":38.0},{"not_picked":["Heavy Blade","Armaments"],"picked":"Sentinel","floor":39.0},{"not_picked":["Sentinel","True Grit"],"picked":"Feel No Pain","floor":40.0},{"not_picked":["Wild Strike","Cleave"],"picked":"Havoc","floor":42.0},{"not_picked":["Clothesline","Sword Boomerang"],"picked":"Battle Trance","floor":43.0},{"not_picked":["Sword Boomerang","Cleave"],"picked":"Headbutt","floor":44.0},{"not_picked":["Heavy Blade","Pommel Strike"],"picked":"Headbutt","floor":48.0}],"player_experience":60640,"potions_floor_usage":[50],"damage_taken":[{"damage":1.0,"enemies":"2 Louse","floor":1.0,"turns":3.0},{"damage":7.0,"enemies":"Cultist","floor":4.0,"turns":5.0},{"damage":6.0,"enemies":"Small Slimes","floor":5.0,"turns":4.0},{"damage":17.0,"enemies":"3 Sentries","floor":6.0,"turns":11.0},{"damage":0.0,"enemies":"Looter","floor":10.0,"turns":3.0},{"damage":32.0,"enemies":"Lagavulin","floor":12.0,"turns":9.0},{"damage":49.0,"enemies":"The Guardian","floor":16.0,"turns":12.0},{"damage":2.0,"enemies":"3 Byrds","floor":18.0,"turns":6.0},{"damage":15.0,"enemies":"Spheric Guardian","floor":19.0,"turns":6.0},{"damage":21.0,"enemies":"Snake Plant","floor":23.0,"turns":4.0},{"damage":9.0,"enemies":"Centurion and Healer","floor":25.0,"turns":5.0},{"damage":11.0,"enemies":"Sentry and Sphere","floor":27.0,"turns":5.0},{"damage":4.0,"enemies":"Snecko","floor":28.0,"turns":5.0},{"damage":12.0,"enemies":"Centurion and Healer","floor":29.0,"turns":5.0},{"damage":4.0,"enemies":"Book of Stabbing","floor":31.0,"turns":4.0},{"damage":22.0,"enemies":"Collector","floor":33.0,"turns":8.0},{"damage":0.0,"enemies":"3 Shapes","floor":35.0,"turns":5.0},{"damage":4.0,"enemies":"Orb Walker","floor":39.0,"turns":2.0},{"damage":74.0,"enemies":"2 Orb Walkers","floor":40.0,"turns":7.0},{"damage":18.0,"enemies":"Maw","floor":41.0,"turns":7.0},{"damage":17.0,"enemies":"Nemesis","floor":42.0,"turns":7.0},{"damage":25.0,"enemies":"Sphere and 2 Shapes","floor":45.0,"turns":5.0},{"damage":22.0,"enemies":"3 Darklings","floor":48.0,"turns":4.0},{"damage":98,"enemies":"Awakened One","floor":50,"turns":11}],"event_choices":[{"event_name":"Living Wall","player_choice":"Forget","floor":2.0,"damage_taken":0.0},{"event_name":"Scrap Ooze","player_choice":"success","floor":8.0,"damage_taken":3.0},{"event_name":"Match and Keep!","player_choice":"1 cards matched","floor":13.0,"damage_taken":0.0},{"event_name":"Purifier","player_choice":"One Purge","floor":14.0,"damage_taken":0.0},{"event_name":"Forgotten Altar","player_choice":"Shed Blood","floor":21.0,"damage_taken":0.0},{"event_name":"Transmorgrifier","player_choice":"Transform","floor":22.0,"damage_taken":0.0},{"event_name":"Mysterious Sphere","player_choice":"Ignore","floor":36.0,"damage_taken":0.0},{"event_name":"Tomb of Lord Red Mask","player_choice":"Ignored","floor":37.0,"damage_taken":0.0},{"event_name":"SensoryStone","player_choice":"Memory 3","floor":38.0,"damage_taken":0.0},{"event_name":"The Moai Head","player_choice":"Heal","floor":47.0,"damage_taken":0.0}],"boss_relics":[],"potions_floor_spawned":[1,5,6,12,23,25,28,31,35,41,48],"seed_played":"5064524938701510771","ascension_level":0,"is_trial":false}