{"gold_per_floor":[117,117,136,149,1,32,32,32,32,207,157,157,192,213,213,338,338,351,52,72,252,276,276,320,0,79,79,79,79,8,23,23,23],"floor_reached":33,"playtime":1245,"items_purged":["Pain","Strike_B"],"score":434,"play_id":"19eb68be-9c33-4a24-bb47-dd454300e096","local_time":"20190511130903","is_ascension_mode":true,"campfire_choices":[{"data":"Sunder","floor":7,"key":"SMITH"},{"floor":12,"key":"REST"},{"floor":15,"key":"REST"},{"floor":23,"key":"REST"},{"floor":27,"key":"REST"},{"floor":32,"key":"REST"}],"neow_cost":"NONE","seed_source_timestamp":1194138111656324,"circlet_count":0,"master_deck":["AscendersBane","Strike_B","Strike_B","Strike_B","Defend_B","Defend_B","Defend_B","Defend_B","Zap+1","Dualcast","Cold Snap","Coolheaded","Leap","Sunder+1","Loop","Biased Cognition","Conserve Battery","Go for the Eyes","Defragment","Conserve Battery+1","Go for the Eyes"],"relics":["Cracked Core","WarpedTongs","Smiling Mask","Bloody Idol","The Courier","Oddly Smooth Stone","Nuclear Battery","PreservedInsect","Juzu Bracelet","Boot","Pear","Toxic Egg 2"],"potions_floor_usage":[16,33],"damage_taken":[{"damage":2,"enemies":"Jaw Worm","floor":1,"turns":3},{"damage":3,"enemies":"Cultist","floor":3,"turns":4},{"damage":0,"enemies":"Small Slimes","floor":4,"turns":2},{"damage":9,"enemies":"Lagavulin","floor":6,"turns":8},{"damage":10,"enemies":"3 Sentries","floor":13,"turns":6},{"damage":5,"enemies":"3 Louse","floor":14,"turns":3},{"damage":24,"enemies":"Slime Boss","floor":16,"turns":13},{"damage":4,"enemies":"Shell Parasite","floor":18,"turns":5},{"damage":1,"enemies":"2 Thieves","floor":20,"turns":4},{"damage":22,"enemies":"3 Cultists","floor":22,"turns":8},{"damage":21,"enemies":"Book of Stabbing","floor":24,"turns":6},{"damage":6,"enemies":"Snake Plant","floor":31,"turns":5},{"damage":86,"enemies":"Champ","floor":33,"turns":15}],"seed_played":"5763053810206856407","potions_obtained":[{"floor":14,"key":"Weak Potion"},{"floor":31,"key":"Energy Potion"}],"is_trial":false,"path_per_floor":["M","?","M","M","$","E","R","?","T","?","?","R","E","M","R","B",null,"M","$","M","?","M","R","E","?","T","R","?","T","$","M","R","B"],"character_chosen":"DEFECT","items_purchased":["Sunder","PreservedInsect","Juzu Bracelet","Defragment","Conserve Battery+1"],"campfire_rested":5,"item_purchase_floors":[5,19,19,30,30],"current_hp_per_floor":[66,66,63,63,63,54,54,36,36,36,36,58,48,43,65,41,67,63,63,62,41,19,41,20,20,30,55,55,55,55,54,79,0],"gold":23,"neow_bonus":"UPGRADE_CARD","is_prod":false,"is_daily":false,"chose_seed":false,"campfire_upgraded":1,"win_rate":0,"timestamp":1557605343,"path_taken":["M","?","M","?","$","E","R","?","T","?","?","R","E","M","R","BOSS","M","$","M","?","M","R","E","?","T","R","?","?","$","M","R","BOSS"],"build_version":"2019-01-23","purchased_purges":2,"victory":false,"max_hp_per_floor":[75,75,75,75,75,75,75,75,75,75,75,75,75,75,75,75,75,75,75,75,75,75,75,75,75,85,85,85,85,85,85,85,85],"card_choices":[{"not_picked":["Gash","Redo"],"picked":"Cold Snap","floor":1},{"not_picked":["Gash","FTL"],"picked":"Coolheaded","floor":3},{"not_picked":["Redo","Barrage"],"picked":"Leap","floor":4},{"not_picked":["Fusion","Stack","Redo"],"picked":"SKIP","floor":6},{"not_picked":["Force Field","Reprogram"],"picked":"Loop","floor":13},{"not_picked":["Chaos","Barrage","Scrape"],"picked":"SKIP","floor":14},{"not_picked":["Reboot","Multi-Cast"],"picked":"Biased Cognition","floor":16},{"not_picked":["Streamline","Coolheaded"],"picked":"Conserve Battery","floor":18},{"not_picked":["Stack","Recycle"],"picked":"Go for the Eyes","floor":20},{"not_picked":["Barrage","Turbo","Genetic Algorithm"],"picked":"SKIP","floor":22},{"not_picked":["Sweeping Beam","Redo","Gash"],"picked":"SKIP","floor":24},{"not_picked":["Storm","Reprogram+1"],"picked":"Go for the Eyes","floor":31}],"player_experience":365216,"relics_obtained":[{"floor":6,"key":"Smiling Mask"},{"floor":9,"key":"The Courier"},{"floor":13,"key":"Oddly Smooth Stone"},{"floor":24,"key":"Boot"},{"floor":26,"key":"Pear"},{"floor":29,"key":"Toxic Egg 2"}],"event_choices":[{"damage_healed":0,"gold_gain":0,"player_choice":"Rummage","damage_taken":0,"relics_obtained":["WarpedTongs"],"max_hp_gain":0,"max_hp_loss":0,"event_name":"Accursed Blacksmith","floor":2,"gold_loss":0,"cards_obtained":["Pain"]},{"damage_healed":0,"gold_gain":0,"player_choice":"Take Damage","damage_taken":18,"relics_obtained":["Golden Idol"],"max_hp_gain":0,"max_hp_loss":0,"event_name":"Golden Idol","floor":8,"gold_loss":0},{"damage_healed":0,"gold_gain":175,"player_choice":"AGREE","damage_taken":0,"max_hp_gain":0,"max_hp_loss":0,"event_name":"Liars Game","floor":10,"gold_loss":0,"cards_obtained":["Doubt"]},{"cards_removed":["Doubt"],"damage_healed":0,"gold_gain":0,"player_choice":"Card Removal","damage_taken":0,"max_hp_gain":0,"max_hp_loss":0,"event_name":"The Cleric","floor":11,"gold_loss":50},{"damage_healed":0,"gold_gain":180,"player_choice":"GOLD GOLD ","damage_taken":21,"max_hp_gain":0,"max_hp_loss":0,"event_name":"Knowing Skull","floor":21,"potions_obtained":[],"gold_loss":0,"cards_obtained":[]},{"damage_healed":0,"gold_gain":0,"player_choice":"Paid Fearfully","damage_taken":0,"max_hp_gain":0,"max_hp_loss":0,"event_name":"Masked Bandits","floor":25,"gold_loss":320},{"damage_healed":0,"gold_gain":0,"player_choice":"Gave Idol","damage_taken":0,"relics_obtained":["Bloody Idol"],"max_hp_gain":0,"max_hp_loss":0,"event_name":"Forgotten Altar","floor":28,"relics_lost":["Golden Idol"],"gold_loss":0}],"is_beta":false,"boss_relics":[{"not_picked":["Ectoplasm","Eternal Feather"],"picked":"Nuclear Battery"}],"items_purged_floors":[5,19],"is_endless":false,"potions_floor_spawned":[14,31],"killed_by":"Champ","ascension_level":12}