{"gold_per_floor":[368,378,31,31,44,76,76,107,177,195,269,279,307,307,307,411,411,425,335,346,99,118,118,131,131,131,64,64,74,108,108,108,203,203,222,242,5,105,116,116,116,116,116,136,136,167,187,205,205,205,205,205,64,95,95],"floor_reached":55,"playtime":3366,"items_purged":["Strike_R"],"score":1115,"play_id":"dffe7d14-5a42-4035-98e9-25a5a1688395","local_time":"20190324142611","is_ascension_mode":true,"campfire_choices":[{"data":"Iron Wave","floor":15,"key":"SMITH"},{"data":"Defend_R","floor":23,"key":"SMITH"},{"data":"Defend_R","floor":25,"key":"SMITH"},{"data":"Iron Wave","floor":28,"key":"SMITH"},{"floor":32,"key":"REST"},{"floor":40,"key":"RECALL"},{"data":"Heavy Blade","floor":42,"key":"SMITH"},{"data":"Defend_R","floor":45,"key":"SMITH"},{"data":"Demon Form","floor":49,"key":"SMITH"},{"floor":52,"key":"REST"}],"neow_cost":"TEN_PERCENT_HP_LOSS","seed_source_timestamp":145898479075100,"circlet_count":0,"master_deck":["Defend_R+1","Defend_R+1","Defend_R+1","Bash","Whirlwind","Inflame+1","Uppercut","Armaments+1","Flex","Trip","Spot Weakness","Heavy Blade+1","Iron Wave+1","Demon Form+1","Warcry+1","Flame Barrier+1","Iron Wave+1","True Grit+1","Shrug It Off+1","Ghostly+1","Ghostly+1","Ghostly+1","Ghostly+1","Ghostly+1","Impervious+1","Shrug It Off+1","Thunderclap+1","Cleave+1","Intimidate+1","Shrug It Off+1","Shrug It Off+1","Metallicize","Warcry+1","Flame Barrier+1","Good Instincts+1","Shrug It Off+1","Ghostly Armor+1"],"relics":["Burning Blood","Nunchaku","PreservedInsect","Toxic Egg 2","Self Forming Clay","Matryoshka","Sozu","Bottled Tornado","Bag of Preparation","MawBank","Thread and Needle","Astrolabe","Lee\u0027s Waffle","Bird Faced Urn","Art of War","Pen Nib","Blue Candle"],"potions_floor_usage":[6,6,13,16,16,18],"damage_taken":[{"damage":2,"enemies":"Jaw Worm","floor":1,"turns":3},{"damage":1,"enemies":"Cultist","floor":2,"turns":4},{"damage":1,"enemies":"2 Louse","floor":5,"turns":2},{"damage":34,"enemies":"3 Sentries","floor":6,"turns":9},{"damage":17,"enemies":"Lagavulin","floor":8,"turns":5},{"damage":7,"enemies":"Exordium Wildlife","floor":10,"turns":4},{"damage":9,"enemies":"Red Slaver","floor":12,"turns":3},{"damage":0,"enemies":"Gremlin Nob","floor":13,"turns":2},{"damage":17,"enemies":"Slime Boss","floor":16,"turns":10},{"damage":0,"enemies":"Shell Parasite","floor":18,"turns":4},{"damage":0,"enemies":"Chosen","floor":20,"turns":3},{"damage":16,"enemies":"Snake Plant","floor":22,"turns":4},{"damage":18,"enemies":"3 Cultists","floor":24,"turns":5},{"damage":4,"enemies":"Centurion and Healer","floor":29,"turns":5},{"damage":31,"enemies":"Slavers","floor":30,"turns":4},{"damage":0,"enemies":"Collector","floor":33,"turns":7},{"damage":0,"enemies":"3 Darklings","floor":35,"turns":8},{"damage":11,"enemies":"Orb Walker","floor":36,"turns":7},{"damage":0,"enemies":"Mind Bloom Boss Battle","floor":38,"turns":6},{"damage":0,"enemies":"Writhing Mass","floor":39,"turns":6},{"damage":0,"enemies":"Spire Growth","floor":44,"turns":6},{"damage":0,"enemies":"Giant Head","floor":46,"turns":8},{"damage":0,"enemies":"Transient","floor":47,"turns":5},{"damage":0,"enemies":"3 Darklings","floor":48,"turns":3},{"damage":25,"enemies":"Donu and Deca","floor":50,"turns":9},{"damage":44,"enemies":"Shield and Spear","floor":54,"turns":10},{"damage":14,"enemies":"The Heart","floor":55,"turns":3}],"seed_played":"-230355581533468794","potions_obtained":[{"floor":1,"key":"Poison Potion"},{"floor":2,"key":"EssenceOfSteel"},{"floor":10,"key":"Dexterity Potion"},{"floor":12,"key":"SteroidPotion"},{"floor":16,"key":"SkillPotion"}],"is_trial":false,"path_per_floor":["M","M","$","?","M","E","?","E","T","M","T","M","E","?","R","B",null,"M","?","M","$","M","R","M","R","T","$","R","M","E","?","R","B",null,"M","M","$","?","M","R","?","R","T","M","R","E","M","M","R","B",null,"R","$","E","B"],"character_chosen":"IRONCLAD","items_purchased":["Uppercut","Armaments","Flex","Trip","PowerPotion","Bottled Tornado","Iron Wave","True Grit+1","Lee\u0027s Waffle","Shrug It Off+1","Good Instincts+1","Shrug It Off+1"],"campfire_rested":2,"item_purchase_floors":[3,3,3,3,3,21,27,27,37,37,53,53],"current_hp_per_floor":[72,72,72,72,72,44,44,33,33,32,32,29,35,35,35,24,60,66,66,72,72,62,62,50,50,50,50,50,52,27,27,36,36,36,36,31,43,43,43,43,43,43,43,43,43,43,43,43,43,28,39,43,43,11,0],"gold":95,"neow_bonus":"TWO_FIFTY_GOLD","is_prod":false,"is_daily":false,"chose_seed":false,"campfire_upgraded":7,"win_rate":0,"timestamp":1553462771,"path_taken":["M","M","$","?","?","E","?","E","T","M","?","?","E","?","R","BOSS","M","?","?","$","?","R","M","R","T","$","R","M","E","?","R","BOSS","M","M","$","?","M","R","?","R","T","?","R","E","M","M","R","BOSS","R","$","E","BOSS"],"build_version":"2019-01-23","purchased_purges":1,"victory":false,"max_hp_per_floor":[72,72,72,72,72,72,72,72,72,72,72,72,72,72,72,72,72,72,72,72,72,72,72,72,72,72,72,72,72,72,36,36,36,36,36,36,43,43,43,43,43,43,43,43,43,43,43,43,43,43,43,43,43,43,43],"card_choices":[{"not_picked":["Seeing Red","Infernal Blade"],"picked":"Whirlwind","floor":1},{"not_picked":["Warcry","Rampage"],"picked":"Inflame","floor":2},{"not_picked":["Perfected Strike","Dropkick"],"picked":"Spot Weakness","floor":5},{"not_picked":["Second Wind","Havoc"],"picked":"Heavy Blade","floor":6},{"not_picked":["Uppercut","Twin Strike","Perfected Strike"],"picked":"SKIP","floor":8},{"not_picked":["Brutality","Flex+1","Heavy Blade"],"picked":"SKIP","floor":10},{"not_picked":["Pummel","Headbutt"],"picked":"Iron Wave","floor":12},{"not_picked":["Twin Strike","Combust","Cleave"],"picked":"SKIP","floor":13},{"not_picked":["Berserk","Juggernaut"],"picked":"Demon Form","floor":16},{"not_picked":["Flex+1","Pommel Strike"],"picked":"Warcry+1","floor":18},{"not_picked":["Warcry+1","Cleave","Blood for Blood"],"picked":"SKIP","floor":20},{"not_picked":["Rampage","Clothesline"],"picked":"Flame Barrier+1","floor":22},{"not_picked":["Berserk","Fire Breathing","Perfected Strike"],"picked":"SKIP","floor":24},{"not_picked":["Sever Soul","Blood for Blood"],"picked":"Shrug It Off+1","floor":29},{"not_picked":["Fiend Fire","Havoc+1","Heavy Blade"],"picked":"SKIP","floor":30},{"not_picked":["Bludgeon","Juggernaut"],"picked":"Impervious+1","floor":33},{"not_picked":["Twin Strike","Cleave+1"],"picked":"Intimidate+1","floor":35},{"not_picked":["Feel No Pain+1","Power Through+1","Dual Wield+1"],"picked":"SKIP","floor":36},{"not_picked":["Heavy Blade+1","Iron Wave"],"picked":"Shrug It Off+1","floor":39},{"not_picked":["Dropkick+1","Demon Form"],"picked":"Metallicize","floor":44},{"not_picked":["Infernal Blade+1","Havoc+1"],"picked":"Warcry+1","floor":46},{"not_picked":["Perfected Strike","Armaments+1","Searing Blow+1"],"picked":"SKIP","floor":47},{"not_picked":["Carnage","True Grit+1"],"picked":"Flame Barrier+1","floor":48},{"not_picked":["Anger+1","Headbutt"],"picked":"Ghostly Armor+1","floor":54}],"player_experience":239173,"relics_obtained":[{"floor":6,"key":"Nunchaku"},{"floor":8,"key":"PreservedInsect"},{"floor":9,"key":"Toxic Egg 2"},{"floor":11,"key":"Self Forming Clay"},{"floor":13,"key":"Matryoshka"},{"floor":26,"key":"Bag of Preparation"},{"floor":26,"key":"MawBank"},{"floor":30,"key":"Thread and Needle"},{"floor":38,"key":"Bird Faced Urn"},{"floor":43,"key":"Art of War"},{"floor":46,"key":"Pen Nib"},{"floor":54,"key":"Blue Candle"}],"event_choices":[{"cards_removed":["Strike_R"],"damage_healed":0,"gold_gain":0,"player_choice":"Purged","damage_taken":0,"max_hp_gain":0,"max_hp_loss":0,"event_name":"Purifier","floor":4,"gold_loss":0},{"damage_healed":0,"gold_gain":0,"player_choice":"Ignored","damage_taken":0,"max_hp_gain":0,"max_hp_loss":0,"event_name":"Liars Game","floor":7,"gold_loss":0},{"damage_healed":0,"gold_gain":0,"player_choice":"Grow","damage_taken":0,"max_hp_gain":0,"max_hp_loss":0,"event_name":"Living Wall","floor":14,"gold_loss":0,"cards_upgraded":["Armaments"]},{"cards_removed":["Strike_R"],"damage_healed":0,"gold_gain":0,"player_choice":"Upgrade and Remove","damage_taken":0,"max_hp_gain":0,"max_hp_loss":0,"event_name":"Designer","floor":19,"gold_loss":90,"cards_upgraded":["Inflame"]},{"damage_healed":0,"gold_gain":0,"player_choice":"Became a Ghost","damage_taken":0,"max_hp_gain":0,"max_hp_loss":36,"event_name":"Ghosts","floor":31,"gold_loss":0,"cards_obtained":["Ghostly","Ghostly","Ghostly","Ghostly","Ghostly"]},{"damage_healed":0,"gold_gain":0,"player_choice":"Fight","damage_taken":0,"max_hp_gain":0,"max_hp_loss":0,"event_name":"MindBloom","floor":38,"gold_loss":0},{"damage_healed":0,"gold_gain":0,"player_choice":"Ignored","damage_taken":0,"max_hp_gain":0,"max_hp_loss":0,"event_name":"SecretPortal","floor":41,"gold_loss":0}],"is_beta":false,"boss_relics":[{"not_picked":["Busted Crown","Runic Cube"],"picked":"Sozu"},{"not_picked":["White Beast Statue","Black Star"],"picked":"Astrolabe"}],"items_purged_floors":[3],"is_endless":false,"potions_floor_spawned":[1,2,10,12,16,20,22,47,48,54],"killed_by":"The Heart","ascension_level":5}