{"path_per_floor":["M","?","M","$","M","E","R","M","T","R","E","?","?","M","R","B",null,"M","M","?","?","M","E","M","R","T","?","M","E","M","M","R","B",null,"M","$","?","?","?","R","E","R","T","M","$","M","R","M","R"],"character_chosen":"THE_SILENT","items_purchased":["Snake Skull","Mummified Hand","Toxic Egg 2"],"gold_per_floor":[109,284,302,73,92,118,118,137,163,163,195,195,195,213,213,312,312,326,344,344,344,364,393,407,407,452,367,382,410,425,439,439,536,536,551,55,55,55,0,0,30,30,30,47,47,61,61,73,73],"floor_reached":50,"campfire_rested":4,"playtime":3963,"current_hp_per_floor":[70,70,70,70,67,64,64,60,60,60,55,55,48,48,48,42,70,54,51,51,70,57,19,22,58,58,58,47,57,49,43,81,54,83,53,53,58,47,47,85,78,78,78,78,78,65,65,65,87],"items_purged":["Doubt"],"gold":73,"score":702,"play_id":"0290cb31-af16-4897-b828-e90110f8e8d4","local_time":"20180318003037","is_prod":false,"is_daily":false,"is_ascension_mode":true,"campfire_upgraded":5,"timestamp":1521325837,"path_taken":["M","?","?","$","?","E","R","M","T","R","E","?","?","?","R","BOSS","M","M","?","?","?","E","M","R","T","?","M","E","M","M","R","BOSS","M","$","?","?","?","R","E","R","T","M","?","M","R","?","R","BOSS"],"build_version":"2018-03-16","purchased_purges":1,"victory":false,"master_deck":["Survivor","Neutralize+1","Footwork","Deflect","Bane+1","Well Laid Plans","Flying Knee+1","Prepared","Deflect","Blur+1","Blade Dance","Dagger Throw","Backstab","Backflip","Footwork","Poisoned Stab","Poisoned Stab","Envenom+1","Poisoned Stab+1","Malaise+1","Bouncing Flask+1","Cloak And Dagger","Poisoned Stab+1","Adrenaline","Madness+1","Madness+1","Adrenaline+1","Noxious Fumes+1","Leg Sweep+1","Dodge and Roll+1"],"max_hp_per_floor":[70,70,70,70,70,70,70,70,70,70,70,70,70,70,70,70,70,70,70,70,70,70,70,70,70,70,70,70,79,79,81,81,83,83,85,85,85,85,85,85,87,87,87,87,87,87,87,87,87],"relics":["Pandora\u0027s Box","Snake Skull","Gremlin Horn","Regal Pillow","Whetstone","Ninja Scroll","Black Star","Molten Egg 2","Meat on the Bone","Singing Bowl","Oddly Smooth Stone","Bronze Scales","Strawberry","The Specimen","Mummified Hand","Toxic Egg 2","Red Mask","Prayer Wheel","Anchor","Ginger"],"card_choices":[{"not_picked":["PiercingWail","All Out Attack"],"picked":"Blade Dance"},{"not_picked":["Sucker Punch","Prepared"],"picked":"Dagger Throw"},{"not_picked":["Bullet Time","Choke"],"picked":"Backstab"},{"not_picked":["Slice","Well Laid Plans"],"picked":"Backflip"},{"not_picked":["Expertise","Heel Hook"],"picked":"Footwork"},{"not_picked":["Corpse Explosion","Leg Sweep"],"picked":"Poisoned Stab"},{"not_picked":["Predator","Dagger Throw"],"picked":"Poisoned Stab"},{"not_picked":["Bullet Time","Doppelganger"],"picked":"Envenom"},{"not_picked":["Quick Slash","Well Laid Plans"],"picked":"Poisoned Stab"},{"not_picked":["Quick Slash","Bane"],"picked":"Malaise"},{"not_picked":["Venomology","Cloak And Dagger"],"picked":"Bouncing Flask"},{"not_picked":["Caltrops","Deflect"],"picked":"Cloak And Dagger"},{"not_picked":["Sucker Punch","Leg Sweep"],"picked":"Poisoned Stab"},{"not_picked":["Eviscerate","Flying Knee"],"picked":"Adrenaline"},{"not_picked":["PiercingWail","Quick Slash"],"picked":"Adrenaline"},{"not_picked":["Dodge and Roll","Flechettes"],"picked":"Noxious Fumes"},{"not_picked":["Dodge and Roll","Blade Dance"],"picked":"Leg Sweep"},{"not_picked":["Predator","PiercingWail"],"picked":"Dodge and Roll"}],"player_experience":137071,"potions_floor_usage":[24,24,29,29,33,33,50,50],"damage_taken":[{"damage":0,"enemies":"Jaw Worm","floor":1,"turns":3},{"damage":0,"enemies":"Small Slimes","floor":3,"turns":2},{"damage":3,"enemies":"Cultist","floor":5,"turns":4},{"damage":3,"enemies":"3 Sentries","floor":6,"turns":7},{"damage":4,"enemies":"Gremlin Gang","floor":8,"turns":3},{"damage":5,"enemies":"Lagavulin","floor":11,"turns":7},{"damage":0,"enemies":"Large Slime","floor":14,"turns":3},{"damage":6,"enemies":"Hexaghost","floor":16,"turns":9},{"damage":16,"enemies":"2 Thieves","floor":18,"turns":4},{"damage":3,"enemies":"3 Byrds","floor":19,"turns":4},{"damage":13,"enemies":"Cultist and Chosen","floor":22,"turns":5},{"damage":38,"enemies":"Slavers","floor":23,"turns":5},{"damage":9,"enemies":"Sentry and Sphere","floor":24,"turns":6},{"damage":11,"enemies":"Snecko","floor":28,"turns":4},{"damage":14,"enemies":"Gremlin Leader","floor":29,"turns":6},{"damage":20,"enemies":"Centurion and Healer","floor":30,"turns":5},{"damage":8,"enemies":"Snake Plant","floor":31,"turns":4},{"damage":29,"enemies":"Collector","floor":33,"turns":7},{"damage":32,"enemies":"3 Darklings","floor":35,"turns":5},{"damage":9,"enemies":"Nemesis","floor":41,"turns":7},{"damage":0,"enemies":"3 Shapes","floor":44,"turns":4},{"damage":13,"enemies":"3 Darklings","floor":46,"turns":4},{"damage":0,"enemies":"Sphere and 2 Shapes","floor":48,"turns":4},{"damage":93,"enemies":"Awakened One","floor":50,"turns":8}],"event_choices":[{"event_name":"Liars Game","player_choice":"agreed","floor":2,"damage_taken":0},{"event_name":"Big Fish","player_choice":"Box","floor":12,"damage_taken":0},{"event_name":"Golden Wing","player_choice":"Card Removal","floor":13,"damage_taken":0},{"event_name":"Purifier","player_choice":"One Purge","floor":20,"damage_taken":0},{"event_name":"The Library","player_choice":"Heal","floor":21,"damage_taken":0},{"event_name":"Addict","player_choice":"Obtained Relic","floor":27,"damage_taken":0},{"event_name":"Bonfire Elementals","player_choice":"COMMON","floor":37,"damage_taken":0},{"event_name":"Winding Halls","player_choice":"Embrace Madness","floor":38,"damage_taken":0},{"event_name":"Tomb of Lord Red Mask","player_choice":"Paid","floor":39,"damage_taken":0}],"boss_relics":[{"not_picked":["Tiny House","Astrolabe"],"picked":"Black Star"},{"not_picked":["Orrery","Sozu"],"picked":"The Specimen"}],"potions_floor_spawned":[1,5,8,16,22,28,30,31,35,46],"seed_played":"8071772866594071769","killed_by":"Awakened One","ascension_level":4,"is_trial":false}