{"gold_per_floor":[118,193,293,305,270,304,304,317,317,347,357,357,357,368,368,471,471,481,29,43,4,30,55,55,69,69,69,69,69,104,121,121,219,219,233,244,254,273,287,287,317,317,341,150,150,185,185,208,208,208],"floor_reached":51,"playtime":3953,"items_purged":[],"score":718,"play_id":"079ca495-0950-4c44-a217-c9edcd3fdbb6","local_time":"20180819223310","is_ascension_mode":false,"campfire_choices":[{"floor":7,"key":"REST"},{"floor":13,"key":"REST"},{"floor":15,"key":"REST"},{"floor":27,"key":"REST"},{"floor":32,"key":"REST"},{"data":"Consume","floor":40,"key":"SMITH"},{"floor":42,"key":"REST"},{"floor":47,"key":"REST"},{"data":"Creative AI","floor":49,"key":"SMITH"}],"neow_cost":"PERCENT_DAMAGE","seed_source_timestamp":30690921334248,"circlet_count":0,"master_deck":["Zap","Dualcast","Genetic Algorithm","Coolheaded","Conserve Battery","Capacitor","Conserve Battery","Leap","Turbo","FTL","Sweeping Beam","Sweeping Beam","Electrodynamics","Seek","Chaos","Ball Lightning","Chaos","Redo","Leap","Steam","Doom and Gloom","Stack","Hologram","Capacitor","Double Energy+1","Hello World+1","Amplify","Skim+1","Capacitor+1","Skim","Machine Learning","Static Discharge+1","Gash","Undo+1","Creative AI+1","Barrage+1","Doom and Gloom","Loop+1","Ball Lightning+1","Self Repair+1","Static Discharge","Double Energy","Turbo+1","Sweeping Beam","Consume+1","Force Field+1","BootSequence+1","Ball Lightning+1","Loop+1"],"relics":["Cracked Core","Prayer Wheel","Matryoshka","Omamori","Potion Belt","Tiny Chest","Mummified Hand","Thread and Needle","Pandora\u0027s Box","Dead Branch","Dream Catcher","Bronze Scales","Lantern","Kunai","Bird Faced Urn","Sozu","Peace Pipe","Vajra","OrangePellets","Gremlin Horn","Bag of Marbles"],"potions_floor_usage":[8,16,18,20,20,20,20,30,30,30,30,33,33,33],"damage_taken":[{"damage":7,"enemies":"2 Louse","floor":1,"turns":2},{"damage":8,"enemies":"Jaw Worm","floor":4,"turns":4},{"damage":29,"enemies":"Lagavulin","floor":6,"turns":9},{"damage":5,"enemies":"Small Slimes","floor":8,"turns":4},{"damage":10,"enemies":"3 Louse","floor":11,"turns":3},{"damage":11,"enemies":"Gremlin Gang","floor":14,"turns":6},{"damage":15,"enemies":"The Guardian","floor":16,"turns":14},{"damage":11,"enemies":"Shell Parasite","floor":18,"turns":6},{"damage":0,"enemies":"Spheric Guardian","floor":20,"turns":2},{"damage":19,"enemies":"Book of Stabbing","floor":23,"turns":5},{"damage":8,"enemies":"Snake Plant","floor":25,"turns":4},{"damage":21,"enemies":"Slavers","floor":30,"turns":3},{"damage":0,"enemies":"3 Cultists","floor":31,"turns":3},{"damage":55,"enemies":"Automaton","floor":33,"turns":12},{"damage":0,"enemies":"Flame Bruiser 1 Orb","floor":35,"turns":5},{"damage":12,"enemies":"3 Darklings","floor":36,"turns":3},{"damage":26,"enemies":"Flame Bruiser 2 Orb","floor":37,"turns":4},{"damage":16,"enemies":"Transient","floor":38,"turns":5},{"damage":12,"enemies":"3 Darklings","floor":39,"turns":4},{"damage":51,"enemies":"2 Orb Walkers","floor":41,"turns":4},{"damage":34,"enemies":"Nemesis","floor":46,"turns":5},{"damage":55,"enemies":"Awakened One","floor":50,"turns":8}],"seed_played":"4650531930950179981","potions_obtained":[{"floor":1,"key":"GamblersBrew"},{"floor":4,"key":"SmokeBomb"},{"floor":6,"key":"PowerPotion"},{"floor":16,"key":"Fire Potion"},{"floor":18,"key":"EntropicBrew"},{"floor":25,"key":"Regen Potion"},{"floor":28,"key":"Poison Potion"},{"floor":28,"key":"FearPotion"},{"floor":28,"key":"Poison Potion"},{"floor":30,"key":"SpeedPotion"},{"floor":31,"key":"SkillPotion"},{"floor":33,"key":"SmokeBomb"}],"is_trial":false,"path_per_floor":["M","?","?","M","?","E","R","M","T","T","M","T","R","M","R","B",null,"M","$","M","$","T","E","?","M","T","R","?","$","E","M","R","B",null,"M","M","M","M","M","R","E","R","T","$","?","E","R","T","R","B"],"character_chosen":"DEFECT","items_purchased":["Dead Branch","Dream Catcher","Hello World","OrangePellets"],"campfire_rested":7,"item_purchase_floors":[19,19,21,44],"current_hp_per_floor":[47,36,36,28,46,17,39,34,34,34,24,24,46,35,57,42,75,64,64,69,69,69,50,50,42,42,64,64,64,52,56,75,20,75,75,63,63,75,75,75,32,54,54,54,54,58,75,75,75,56],"gold":208,"neow_bonus":"ONE_RARE_RELIC","is_prod":false,"is_daily":false,"chose_seed":false,"campfire_upgraded":2,"win_rate":0,"timestamp":1534710790,"path_taken":["M","?","?","M","?","E","R","M","T","?","?","?","R","M","R","BOSS","M","$","M","$","?","E","?","M","T","R","?","$","E","M","R","BOSS","M","M","?","M","M","R","E","R","T","$","?","E","R","?","R","BOSS"],"build_version":"2018-08-16","purchased_purges":0,"victory":true,"max_hp_per_floor":[75,75,75,75,75,75,75,75,75,75,75,75,75,75,75,75,75,75,75,75,75,75,75,75,75,75,75,75,75,75,75,75,75,75,75,75,75,75,75,75,75,75,75,75,75,75,75,75,75,75],"card_choices":[{"not_picked":["Melter","Hologram"],"picked":"Genetic Algorithm","floor":1},{"not_picked":["Redo","Ball Lightning"],"picked":"Coolheaded","floor":1},{"not_picked":["Steam","Recycle"],"picked":"Conserve Battery","floor":4},{"not_picked":["Buffer","Sunder"],"picked":"Capacitor","floor":4},{"not_picked":["Hologram","Rebound"],"picked":"Conserve Battery","floor":6},{"not_picked":["Beam Cell","Genetic Algorithm"],"picked":"Leap","floor":8},{"not_picked":["Reprogram","BootSequence"],"picked":"Turbo","floor":8},{"not_picked":["Ball Lightning","Redo"],"picked":"FTL","floor":11},{"not_picked":["Reprogram","Coolheaded"],"picked":"Sweeping Beam","floor":11},{"not_picked":["Stack","Hello World"],"picked":"Sweeping Beam","floor":14},{"not_picked":["Steam","Barrage"],"picked":"Electrodynamics","floor":14},{"not_picked":["Biased Cognition","Fission"],"picked":"Seek","floor":16},{"not_picked":["Glacier","Steam"],"picked":"Stack","floor":18},{"not_picked":["Chaos","Steam"],"picked":"Hologram","floor":18},{"not_picked":["Blizzard","Undo"],"picked":"Capacitor","floor":20},{"not_picked":["Conserve Battery+1","Rip and Tear+1"],"picked":"Double Energy+1","floor":20},{"not_picked":["Conserve Battery+1","Genetic Algorithm"],"picked":"Amplify","floor":23},{"not_picked":["Glacier","Redo+1"],"picked":"Skim+1","floor":25},{"not_picked":["Coolheaded","Genetic Algorithm"],"picked":"Capacitor+1","floor":25},{"not_picked":["Conserve Battery","Compile Driver"],"picked":"Skim","floor":27},{"not_picked":["Conserve Battery","Ball Lightning"],"picked":"Machine Learning","floor":30},{"not_picked":["Coolheaded+1","FTL"],"picked":"Static Discharge+1","floor":31},{"not_picked":["Cold Snap+1","Self Repair"],"picked":"Gash","floor":31},{"not_picked":["Redo+1","Genetic Algorithm"],"picked":"Undo+1","floor":32},{"not_picked":["Fission","Reboot"],"picked":"Creative AI","floor":33},{"not_picked":["Sweeping Beam+1","Darkness+1"],"picked":"Barrage+1","floor":35},{"not_picked":["Heatsinks","Turbo"],"picked":"Doom and Gloom","floor":35},{"not_picked":["Beam Cell","BootSequence+1"],"picked":"Loop+1","floor":36},{"not_picked":["Rebound","Stack"],"picked":"Ball Lightning+1","floor":36},{"not_picked":["Ball Lightning+1","Streamline"],"picked":"Self Repair+1","floor":37},{"not_picked":["Rebound","Scrape+1"],"picked":"Static Discharge","floor":37},{"not_picked":["Redo+1","Compile Driver"],"picked":"Double Energy","floor":38},{"not_picked":["Reboot","Steam"],"picked":"Turbo+1","floor":38},{"not_picked":["Static Discharge","Conserve Battery"],"picked":"Sweeping Beam","floor":39},{"not_picked":["Static Discharge+1","Ball Lightning+1","Consume"],"picked":"SKIP","floor":39},{"not_picked":["Static Discharge+1","Ball Lightning+1"],"picked":"Consume","floor":39},{"not_picked":["Coolheaded","Glacier"],"picked":"Force Field+1","floor":41},{"not_picked":["Aggregate","Streamline+1"],"picked":"BootSequence+1","floor":42},{"not_picked":["Rip and Tear+1","Cold Snap+1"],"picked":"Ball Lightning+1","floor":46},{"not_picked":["Rebound+1","Coolheaded+1"],"picked":"Loop+1","floor":47}],"player_experience":160211,"relics_obtained":[{"floor":6,"key":"Matryoshka"},{"floor":9,"key":"Omamori"},{"floor":9,"key":"Potion Belt"},{"floor":10,"key":"Tiny Chest"},{"floor":10,"key":"Mummified Hand"},{"floor":12,"key":"Thread and Needle"},{"floor":22,"key":"Bronze Scales"},{"floor":23,"key":"Lantern"},{"floor":26,"key":"Kunai"},{"floor":30,"key":"Bird Faced Urn"},{"floor":41,"key":"Peace Pipe"},{"floor":43,"key":"Vajra"},{"floor":46,"key":"Gremlin Horn"},{"floor":48,"key":"Bag of Marbles"}],"event_choices":[{"event_name":"World of Goop","player_choice":"Gather Gold","floor":2,"damage_taken":0},{"event_name":"Golden Shrine","player_choice":"Pray","floor":3,"damage_taken":0},{"event_name":"The Cleric","player_choice":"Healed","floor":5,"damage_taken":0},{"event_name":"Accursed Blacksmith","player_choice":"Forge","floor":24,"damage_taken":0},{"event_name":"The Lab","player_choice":"Got Potions","floor":28,"damage_taken":0},{"event_name":"Falling","player_choice":"Removed Attack","floor":45,"damage_taken":0}],"is_beta":false,"boss_relics":[{"not_picked":["Coffee Dripper","Eternal Feather"],"picked":"Pandora\u0027s Box"},{"not_picked":["Calling Bell","Astrolabe"],"picked":"Sozu"}],"items_purged_floors":[],"is_endless":false,"potions_floor_spawned":[1,4,6,16,18,25,30,31,33,36,38,46],"ascension_level":0}