{"gold_per_floor":[12,30,205,13,26,26,41,41,67,167,177,204,216,231,231,328,328,315,332,332],"floor_reached":20,"playtime":1008,"items_purged":["Doubt"],"score":285,"play_id":"0b1b226e-f7ef-4903-8acf-874a1f24706a","local_time":"20190511132601","is_ascension_mode":true,"campfire_choices":[{"data":"True Grit","floor":6,"key":"SMITH"},{"data":"Body Slam","floor":8,"key":"SMITH"},{"floor":15,"key":"REST"}],"neow_cost":"NO_GOLD","seed_source_timestamp":1195393319369841,"circlet_count":0,"master_deck":["AscendersBane","Strike_R","Strike_R","Strike_R","Strike_R","Strike_R","Defend_R","Defend_R","Defend_R","Defend_R","Bash","Demon Form","Shrug It Off","Uppercut","True Grit+1","Body Slam+1","Entrench","Ghostly Armor","Heavy Blade","Armaments","Impervious","Battle Trance+1","Warcry+1"],"relics":["Burning Blood","Strawberry","Boot","Philosopher\u0027s Stone"],"potions_floor_usage":[12,16,19],"damage_taken":[{"damage":10,"enemies":"Cultist","floor":1,"turns":5},{"damage":12,"enemies":"Small Slimes","floor":2,"turns":4},{"damage":5,"enemies":"Jaw Worm","floor":5,"turns":7},{"damage":28,"enemies":"Lots of Slimes","floor":7,"turns":8},{"damage":6,"enemies":"Looter","floor":11,"turns":3},{"damage":20,"enemies":"3 Sentries","floor":12,"turns":9},{"damage":3,"enemies":"Large Slime","floor":13,"turns":6},{"damage":12,"enemies":"2 Fungi Beasts","floor":14,"turns":4},{"damage":17,"enemies":"Hexaghost","floor":16,"turns":9},{"damage":7,"enemies":"2 Thieves","floor":18,"turns":4},{"damage":45,"enemies":"3 Byrds","floor":19,"turns":10},{"damage":44,"enemies":"Shelled Parasite and Fungi","floor":20,"turns":3}],"seed_played":"-1129389492290274569","potions_obtained":[{"floor":2,"key":"SmokeBomb"},{"floor":7,"key":"FearPotion"},{"floor":12,"key":"Fire Potion"},{"floor":13,"key":"Explosive Potion"},{"floor":19,"key":"EssenceOfSteel"}],"is_trial":false,"path_per_floor":["M","M","?","$","M","R","M","R","T","?","M","E","M","M","R","B",null,"M","M","M"],"character_chosen":"IRONCLAD","items_purchased":["Uppercut","True Grit"],"campfire_rested":1,"item_purchase_floors":[4,4],"current_hp_per_floor":[68,62,62,62,63,63,41,41,48,48,48,34,37,31,57,46,77,76,37,0],"gold":332,"neow_bonus":"THREE_RARE_CARDS","is_prod":false,"is_daily":false,"chose_seed":false,"campfire_upgraded":2,"win_rate":0,"timestamp":1557606361,"path_taken":["M","?","?","$","M","R","M","R","T","?","M","E","M","M","R","BOSS","M","?","?"],"build_version":"2019-01-23","purchased_purges":1,"victory":false,"max_hp_per_floor":[80,80,80,80,80,80,80,80,87,87,87,87,87,87,87,87,87,87,87,87],"card_choices":[{"not_picked":["Limit Break","Immolate"],"picked":"Demon Form","floor":0},{"not_picked":["Havoc","Warcry","Infernal Blade"],"picked":"SKIP","floor":1},{"not_picked":["Sentinel","Perfected Strike"],"picked":"Shrug It Off","floor":2},{"not_picked":["Blood for Blood","Second Wind","Flex"],"picked":"SKIP","floor":5},{"not_picked":["Demon Form","Perfected Strike"],"picked":"Body Slam","floor":7},{"not_picked":["Spot Weakness","Thunderclap"],"picked":"Entrench","floor":11},{"not_picked":["Inflame","Clothesline"],"picked":"Ghostly Armor","floor":12},{"not_picked":["Clothesline","Seeing Red"],"picked":"Heavy Blade","floor":13},{"not_picked":["Pommel Strike","Clothesline"],"picked":"Armaments","floor":14},{"not_picked":["Immolate","Fiend Fire"],"picked":"Impervious","floor":16},{"not_picked":["Armaments","Perfected Strike"],"picked":"Battle Trance+1","floor":18},{"not_picked":["Thunderclap","Rupture"],"picked":"Warcry+1","floor":19}],"player_experience":366461,"relics_obtained":[{"floor":9,"key":"Strawberry"},{"floor":12,"key":"Boot"}],"event_choices":[{"damage_healed":0,"gold_gain":175,"player_choice":"AGREE","damage_taken":0,"max_hp_gain":0,"max_hp_loss":0,"event_name":"Liars Game","floor":3,"gold_loss":0,"cards_obtained":["Doubt"]},{"damage_healed":0,"gold_gain":100,"player_choice":"Pray","damage_taken":0,"max_hp_gain":0,"max_hp_loss":0,"event_name":"Golden Shrine","floor":10,"gold_loss":0}],"is_beta":false,"boss_relics":[{"not_picked":["Orrery","Calling Bell"],"picked":"Philosopher\u0027s Stone"}],"items_purged_floors":[4],"is_endless":false,"potions_floor_spawned":[2,7,12,13,19],"killed_by":"Shelled Parasite and Fungi","ascension_level":12}