{"gold_per_floor":[115,115,115,115,126,156,156,191,191,191,0,0,0,0,0,96,96,109,125,144,144,156,156],"floor_reached":23,"playtime":1536,"items_purged":[],"score":286,"play_id":"22bf2ce6-445e-4710-a636-6ea6f875f5f8","local_time":"20190505035306","is_ascension_mode":true,"campfire_choices":[{"floor":7,"key":"REST"},{"floor":10,"key":"REST"},{"floor":12,"key":"REST"},{"data":"Ball Lightning","floor":15,"key":"SMITH"}],"neow_cost":"NONE","seed_source_timestamp":271463638319423,"circlet_count":0,"master_deck":["Strike_B","Strike_B","Strike_B","Defend_B","Defend_B","Defend_B","Defend_B+1","Zap","BootSequence","Bash","Conserve Battery","Machine Learning","Ball Lightning+1","Juggernaut","Rebound+1","Compile Driver","Redo","Ball Lightning+1"],"relics":["aspiration:Nostalgia","Sizzling Blood","hubris:TinFlute","Iron Core","ReplayTheSpireMod:TigerMarble","aspiration:HiddenCompartment","Bottled Flame","Medical Kit","aspiration:Stellarator"],"potions_floor_usage":[20,23],"damage_taken":[{"damage":8,"enemies":"2 Louse","floor":1,"turns":2},{"damage":7,"enemies":"Jaw Worm","floor":5,"turns":3},{"damage":27,"enemies":"Gremlin Nob","floor":6,"turns":5},{"damage":30,"enemies":"Lagavulin","floor":8,"turns":8},{"damage":33,"enemies":"Slime Boss","floor":16,"turns":8},{"damage":23,"enemies":"Spheric Guardian","floor":18,"turns":5},{"damage":17,"enemies":"Chosen","floor":19,"turns":5},{"damage":14,"enemies":"3 Cultists","floor":20,"turns":5},{"damage":7,"enemies":"Cultist and Chosen","floor":22,"turns":5},{"damage":54,"enemies":"Book of Stabbing","floor":23,"turns":5}],"seed_played":"-8308294412775780431","potions_obtained":[{"floor":16,"key":"Strength Potion"},{"floor":18,"key":"Block Potion"},{"floor":19,"key":"SkillPotion"}],"is_trial":false,"path_per_floor":["M","?","?","?","M","E","R","E","T","R","$","R","?","$","R","B",null,"M","M","M","?","M","E"],"character_chosen":"DEFECT","items_purchased":["Medical Kit"],"campfire_rested":3,"item_purchase_floors":[11],"current_hp_per_floor":[68,68,61,61,58,35,58,32,32,55,55,78,78,78,78,49,72,53,40,51,51,48,0],"gold":156,"neow_bonus":"NOSTALGIA","is_prod":false,"is_daily":false,"chose_seed":false,"campfire_upgraded":1,"win_rate":0,"timestamp":1557017586,"path_taken":["M","?","?","?","M","E","R","E","T","R","?","R","?","$","R","BOSS","M","M","M","?","M","E"],"build_version":"2019-01-23","purchased_purges":0,"victory":false,"max_hp_per_floor":[79,79,79,79,79,79,79,79,79,79,79,79,79,79,79,79,79,79,79,79,79,79,79],"card_choices":[{"not_picked":["Redo","Stack"],"picked":"BootSequence","floor":1},{"not_picked":["Genetic Algorithm","Barrage"],"picked":"Conserve Battery","floor":5},{"not_picked":["ReplayTheSpireMod:Muscle Training","Self Repair"],"picked":"Machine Learning","floor":6},{"not_picked":["ReplayRNGCard","Heavy Blade"],"picked":"Ball Lightning","floor":8},{"not_picked":["hubris:SpecializedCircuitry","Limit Break"],"picked":"Juggernaut","floor":16},{"not_picked":["Time Bomb+1","Hologram"],"picked":"Rebound+1","floor":18},{"not_picked":["Hologram","Time Bomb"],"picked":"Compile Driver","floor":19},{"not_picked":["ReplayTheSpireMod:Repulse","Streamline+1"],"picked":"Redo","floor":20},{"not_picked":["Leap+1","ReplayGash"],"picked":"Ball Lightning+1","floor":22}],"player_experience":471368,"relics_obtained":[{"floor":6,"key":"ReplayTheSpireMod:TigerMarble"},{"floor":8,"key":"aspiration:HiddenCompartment"},{"floor":9,"key":"Bottled Flame"}],"event_choices":[{"damage_healed":0,"gold_gain":0,"player_choice":"Box","damage_taken":0,"relics_obtained":["hubris:TinFlute"],"max_hp_gain":0,"max_hp_loss":0,"event_name":"Big Fish","floor":2,"gold_loss":0,"cards_obtained":["Regret"]},{"cards_removed":["Regret"],"damage_healed":0,"gold_gain":0,"player_choice":"Card Removal","damage_taken":7,"max_hp_gain":0,"max_hp_loss":0,"event_name":"Golden Wing","floor":3,"gold_loss":0},{"cards_removed":["Strike_B"],"damage_healed":0,"gold_gain":0,"player_choice":"Purged","damage_taken":0,"max_hp_gain":0,"max_hp_loss":0,"event_name":"Purifier","floor":21,"gold_loss":0}],"is_beta":false,"boss_relics":[{"not_picked":["hubris:VirtuousBlindfold","Orrery"],"picked":"aspiration:Stellarator"}],"items_purged_floors":[],"is_endless":false,"potions_floor_spawned":[16,18,19],"killed_by":"Book of Stabbing","ascension_level":9}