{"gold_per_floor":[109,124,124,142,160,195,195,209,235,268,285,285,295,295,295,399,399,417,406,406,426,445,479,479,495,495,526,526,12,12,25,25,123,123,142,142,161,161,175,233,233,253,253,253,272,303,89,105,105,105],"floor_reached":51,"playtime":4911,"items_purged":[],"score":813,"play_id":"9eab98aa-6037-4400-bca9-d00caf65c7ca","local_time":"20181027153746","is_ascension_mode":false,"campfire_choices":[{"data":"Doom and Gloom","floor":7,"key":"SMITH"},{"data":"Genetic Algorithm","floor":12,"key":"SMITH"},{"data":"Zap","floor":15,"key":"SMITH"},{"floor":24,"key":"REST"},{"floor":30,"key":"REST"},{"data":"Scrape","floor":32,"key":"SMITH"},{"data":"White Noise","floor":41,"key":"SMITH"},{"data":"Thunder Strike","floor":44,"key":"SMITH"},{"data":"Beam Cell","floor":49,"key":"SMITH"}],"neow_cost":"NONE","seed_source_timestamp":0,"circlet_count":0,"master_deck":["Strike_B+1","Strike_B+1","Strike_B","Strike_B","Defend_B","Defend_B+1","Defend_B","Defend_B","Zap+1","Dualcast+1","Defragment","Doom and Gloom+1","Go for the Eyes","Conserve Battery+1","Go for the Eyes","Scrape+1","Go for the Eyes","Genetic Algorithm+1","Coolheaded","Thunder Strike+1","Go for the Eyes+1","Double Energy+1","Beam Cell+1","Undo","FTL","White Noise+1","Ball Lightning","Quick Slash","Violence+1","White Noise+1","Master of Strategy+1","Madness+1","Mind Blast+1","Zap+1","Havoc+1","Shrug It Off+1","Outmaneuver+1","Phantasmal Killer+1","Cloak And Dagger+1","Steam+1","Reboot+1","Trip+1","Warcry+1"],"special_seed":0,"relics":["Cracked Core","Whetstone","Anchor","Omamori","PreservedInsect","Boot","Black Star","Art of War","War Paint","Bottled Flame","Bird Faced Urn","Thread and Needle","Nilry\u0027s Codex","PrismaticShard","Toxic Egg 2","Sozu","Tiny Chest","Strawberry","Potion Belt","Vajra","Bronze Scales"],"potions_floor_usage":[8,16,19,23,23,25,31,33,33,39],"damage_taken":[{"damage":0.0,"enemies":"2 Louse","floor":1.0,"turns":2.0},{"damage":9,"enemies":"Jaw Worm","floor":2,"turns":4},{"damage":5,"enemies":"Small Slimes","floor":4,"turns":3},{"damage":4,"enemies":"Exordium Wildlife","floor":5,"turns":5},{"damage":21,"enemies":"Lagavulin","floor":6,"turns":6},{"damage":4,"enemies":"Exordium Thugs","floor":8,"turns":4},{"damage":13,"enemies":"3 Sentries","floor":10,"turns":5},{"damage":0,"enemies":"Looter","floor":11,"turns":3},{"damage":0,"enemies":"3 Louse","floor":13,"turns":2},{"damage":31,"enemies":"The Guardian","floor":16,"turns":14},{"damage":3,"enemies":"Shell Parasite","floor":18,"turns":5},{"damage":5,"enemies":"2 Thieves","floor":19,"turns":4},{"damage":12,"enemies":"Centurion and Healer","floor":21,"turns":8},{"damage":28,"enemies":"Shelled Parasite and Fungi","floor":22,"turns":7},{"damage":0,"enemies":"Slavers","floor":23,"turns":4},{"damage":7,"enemies":"3 Cultists","floor":25,"turns":4},{"damage":8,"enemies":"Book of Stabbing","floor":27,"turns":5},{"damage":0,"enemies":"Cultist and Chosen","floor":31,"turns":6},{"damage":39,"enemies":"Collector","floor":33,"turns":7},{"damage":0,"enemies":"Orb Walker","floor":35,"turns":3},{"damage":0,"enemies":"3 Shapes","floor":37,"turns":3},{"damage":2,"enemies":"Spire Growth","floor":39,"turns":4},{"damage":0,"enemies":"Nemesis","floor":40,"turns":4},{"damage":12,"enemies":"Jaw Worm Horde","floor":42,"turns":4},{"damage":6,"enemies":"Writhing Mass","floor":45,"turns":5},{"damage":3,"enemies":"Giant Head","floor":46,"turns":6},{"damage":0,"enemies":"4 Shapes","floor":48,"turns":3},{"damage":77,"enemies":"Awakened One","floor":50,"turns":10}],"seed_played":"-1887200152442566989","potions_obtained":[{"floor":1,"key":"GamblersBrew"},{"floor":2,"key":"GamblersBrew"},{"floor":5,"key":"Dexterity Potion"},{"floor":6,"key":"Explosive Potion"},{"floor":11,"key":"Regen Potion"},{"floor":21,"key":"Poison Potion"},{"floor":23,"key":"AttackPotion"},{"floor":25,"key":"Poison Potion"},{"floor":27,"key":"Ancient Potion"},{"floor":31,"key":"Poison Potion"}],"is_trial":false,"path_per_floor":["M","M","?","M","M","E","R","M","T","E","M","R","M","T","R","B",null,"M","M","?","M","M","E","R","M","T","E","?","$","R","M","R","B",null,"M","?","M","?","M","E","R","M","T","R","M","E","$","M","R","B"],"character_chosen":"DEFECT","items_purchased":["PowerPotion","PrismaticShard","Toxic Egg 2","Steam+1","Reboot+1","Trip+1"],"campfire_rested":2,"item_purchase_floors":[29,29,29,47,47,47],"current_hp_per_floor":[75,66,75,70,66,45,45,41,41,28,28,28,28,28,28,12,75,72,67,67,55,27,27,49,42,42,34,18,18,40,42,42,15,75,75,65,67,67,67,82,82,72,72,72,74,77,77,82,82,9],"gold":105,"neow_bonus":"RANDOM_COMMON_RELIC","is_prod":false,"is_daily":false,"chose_seed":false,"campfire_upgraded":7,"win_rate":0,"timestamp":1540679866,"path_taken":["M","M","?","M","M","E","R","M","T","E","M","R","M","?","R","BOSS","M","M","?","M","M","E","R","M","T","E","?","$","R","M","R","BOSS","M","?","M","?","M","E","R","M","T","R","M","E","?","M","R","BOSS"],"build_version":"2018-10-25v2","purchased_purges":0,"victory":true,"max_hp_per_floor":[75,75,75,75,75,75,75,75,75,75,75,75,75,75,75,75,75,75,75,75,75,75,75,75,75,75,75,75,75,75,75,75,75,75,75,75,75,75,75,82,82,82,82,82,82,82,82,82,82,82],"card_choices":[{"not_picked":["Double Energy","Beam Cell"],"picked":"Defragment","floor":1},{"not_picked":["Leap","Stack"],"picked":"Doom and Gloom","floor":2},{"not_picked":["Rebound","BootSequence"],"picked":"Go for the Eyes","floor":4},{"not_picked":["Aggregate","Lockon"],"picked":"Conserve Battery","floor":5},{"not_picked":["Amplify","Compile Driver"],"picked":"Go for the Eyes","floor":6},{"not_picked":["Double Energy","Cold Snap"],"picked":"Scrape","floor":8},{"not_picked":["Meteor Strike","Hologram"],"picked":"Go for the Eyes","floor":10},{"not_picked":["Sweeping Beam","Recycle"],"picked":"Genetic Algorithm","floor":11},{"not_picked":["Consume","Conserve Battery"],"picked":"Coolheaded","floor":13},{"not_picked":["Buffer","Creative AI"],"picked":"Thunder Strike","floor":16},{"not_picked":["Beam Cell","Rip and Tear"],"picked":"Go for the Eyes+1","floor":18},{"not_picked":["Barrage","Loop"],"picked":"Double Energy+1","floor":19},{"not_picked":["Auto Shields+1","Stack"],"picked":"Beam Cell","floor":21},{"not_picked":["Leap","Sweeping Beam"],"picked":"Undo","floor":22},{"not_picked":["Beam Cell","Doom and Gloom+1"],"picked":"FTL","floor":23},{"not_picked":["Chill","Stack"],"picked":"White Noise","floor":25},{"not_picked":["Skim+1","Buffer"],"picked":"Ball Lightning","floor":27},{"not_picked":["Ball Lightning","Underhanded Strike"],"picked":"Quick Slash","floor":31},{"not_picked":["Limit Break+1","Offering+1"],"picked":"Violence+1","floor":33},{"not_picked":["Melter+1","Hologram+1"],"picked":"White Noise+1","floor":35},{"not_picked":["Chrysalis+1","Jack Of All Trades+1"],"picked":"Master of Strategy+1","floor":36},{"not_picked":["Finesse+1","Forethought+1"],"picked":"Madness+1","floor":36},{"not_picked":["Tactician+1","Underhanded Strike"],"picked":"Mind Blast+1","floor":37},{"not_picked":["Gash","Compile Driver"],"picked":"Havoc+1","floor":39},{"not_picked":["Evolve","Clash"],"picked":"Shrug It Off+1","floor":40},{"not_picked":["Quick Slash","Blade Dance+1"],"picked":"Outmaneuver+1","floor":42},{"not_picked":["Quick Slash","Pummel+1"],"picked":"Phantasmal Killer+1","floor":45},{"not_picked":["Forethought+1","Gash"],"picked":"Cloak And Dagger+1","floor":46},{"not_picked":["Evolve+1","Calculated Gamble+1"],"picked":"Warcry+1","floor":48}],"player_experience":116279,"relics_obtained":[{"floor":6,"key":"Anchor"},{"floor":9,"key":"Omamori"},{"floor":10,"key":"PreservedInsect"},{"floor":14,"key":"Boot"},{"floor":23,"key":"Art of War"},{"floor":23,"key":"War Paint"},{"floor":26,"key":"Bottled Flame"},{"floor":27,"key":"Bird Faced Urn"},{"floor":27,"key":"Thread and Needle"},{"floor":28,"key":"Nilry\u0027s Codex"},{"floor":40,"key":"Tiny Chest"},{"floor":40,"key":"Strawberry"},{"floor":43,"key":"Potion Belt"},{"floor":46,"key":"Vajra"},{"floor":46,"key":"Bronze Scales"}],"event_choices":[{"damage_healed":25,"gold_gain":0,"player_choice":"Banana","damage_taken":0,"max_hp_gain":0,"max_hp_loss":0,"event_name":"Big Fish","floor":3,"gold_loss":0},{"damage_healed":0,"gold_gain":0,"player_choice":"Forge","damage_taken":0,"max_hp_gain":0,"max_hp_loss":0,"event_name":"Accursed Blacksmith","floor":20,"gold_loss":0,"cards_upgraded":["Dualcast"]},{"damage_healed":0,"gold_gain":0,"player_choice":"Obtained Book","damage_taken":16,"max_hp_gain":0,"max_hp_loss":0,"event_name":"Cursed Tome","floor":28,"gold_loss":0},{"damage_healed":0,"gold_gain":0,"player_choice":"Memory 3","damage_taken":10,"max_hp_gain":0,"max_hp_loss":0,"event_name":"SensoryStone","floor":36,"gold_loss":0},{"damage_healed":0,"gold_gain":0,"player_choice":"1 cards matched","damage_taken":0,"max_hp_gain":0,"max_hp_loss":0,"event_name":"Match and Keep!","floor":38,"gold_loss":0,"cards_obtained":["Zap"]}],"is_beta":false,"boss_relics":[{"not_picked":["Busted Crown","Fusion Hammer"],"picked":"Black Star"},{"not_picked":["Inserter","Tiny House"],"picked":"Sozu"}],"items_purged_floors":[],"is_endless":false,"potions_floor_spawned":[1,2,5,6,11,21,23,25,27,31,37,45,48],"ascension_level":0}