{"gold_per_floor":[118,118,118,83,99,99,127,144,169,16,16,32,42,62,62,62],"floor_reached":16,"playtime":423,"items_purged":[],"score":117,"play_id":"75bf6728-150b-41c6-b4dd-e5a47fc95b98","local_time":"20181223203532","is_ascension_mode":true,"campfire_choices":[{"data":"Inflame","floor":6,"key":"SMITH"},{"data":"Armaments","floor":15,"key":"SMITH"}],"neow_cost":"NONE","seed_source_timestamp":24620056084600,"circlet_count":0,"master_deck":["Strike_R","Strike_R","Strike_R","Strike_R","Defend_R","Defend_R","Defend_R","Defend_R","Bash","Clothesline","Inflame","Inflame+1","Spot Weakness","Armaments+1","Corruption","Dual Wield","Thunderclap","Perfected Strike","Body Slam"],"relics":["Burning Blood","Peace Pipe","Letter Opener","Dream Catcher","Potion Belt"],"potions_floor_usage":[12,13],"damage_taken":[{"damage":7,"enemies":"2 Louse","floor":1,"turns":4},{"damage":7,"enemies":"Jaw Worm","floor":5,"turns":3},{"damage":18,"enemies":"Gremlin Nob","floor":7,"turns":4},{"damage":3,"enemies":"Cultist","floor":8,"turns":4},{"damage":18,"enemies":"Exordium Thugs","floor":12,"turns":4},{"damage":14,"enemies":"Red Slaver","floor":13,"turns":3},{"damage":0,"enemies":"3 Louse","floor":14,"turns":3},{"damage":53,"enemies":"Hexaghost","floor":16,"turns":10}],"seed_played":"7505041713516952311","potions_obtained":[{"floor":8,"key":"Fire Potion"},{"floor":12,"key":"Energy Potion"}],"is_trial":false,"path_per_floor":["M","?","T","$","M","R","E","M","T","$","?","M","M","M","R","B"],"character_chosen":"IRONCLAD","items_purchased":["Inflame","Corruption","Dual Wield"],"campfire_rested":0,"item_purchase_floors":[4,10,10],"current_hp_per_floor":[87,75,75,75,74,74,62,65,65,65,65,53,45,51,51,0],"gold":62,"neow_bonus":"TEN_PERCENT_HP_BONUS","is_prod":false,"is_daily":false,"chose_seed":false,"campfire_upgraded":2,"win_rate":0,"timestamp":1545593732,"path_taken":["M","?","?","$","M","R","E","M","T","$","?","M","M","M","R","BOSS"],"build_version":"2018-12-20","purchased_purges":0,"victory":false,"max_hp_per_floor":[88,88,88,88,88,88,88,88,88,88,88,88,88,88,88,88],"card_choices":[{"not_picked":["Pommel Strike","Body Slam"],"picked":"Clothesline","floor":1},{"not_picked":["Entrench","Flex"],"picked":"Inflame","floor":5},{"not_picked":["Pommel Strike","Impervious"],"picked":"Spot Weakness","floor":7},{"not_picked":["Clothesline","Cleave"],"picked":"Armaments","floor":8},{"not_picked":["Body Slam","Feel No Pain"],"picked":"Thunderclap","floor":12},{"not_picked":["Bludgeon","Iron Wave"],"picked":"Perfected Strike","floor":13},{"not_picked":["Sword Boomerang","Flex"],"picked":"Body Slam","floor":14}],"player_experience":290173,"relics_obtained":[{"floor":3,"key":"Letter Opener"},{"floor":7,"key":"Dream Catcher"},{"floor":9,"key":"Potion Belt"}],"event_choices":[{"damage_healed":0,"gold_gain":0,"player_choice":"Success","damage_taken":12,"relics_obtained":["Peace Pipe"],"max_hp_gain":0,"max_hp_loss":0,"event_name":"Scrap Ooze","floor":2,"gold_loss":0},{"cards_removed":["Strike_R"],"damage_healed":0,"gold_gain":0,"player_choice":"Purged","damage_taken":0,"max_hp_gain":0,"max_hp_loss":0,"event_name":"Purifier","floor":11,"gold_loss":0}],"is_beta":false,"boss_relics":[],"items_purged_floors":[],"is_endless":false,"potions_floor_spawned":[8,12],"killed_by":"Hexaghost","ascension_level":3}