{"gold_per_floor":[111,386,401,87,102,102,129,129,129,160,160,177,188,188,188,188],"floor_reached":16,"playtime":752,"items_purged":["Regret"],"score":220,"play_id":"1fe02890-f72d-4978-aac1-a898de677e45","local_time":"20190524193052","is_ascension_mode":true,"campfire_choices":[{"data":"Neutralize","floor":6.0,"key":"SMITH"},{"floor":8.0,"key":"REST"},{"data":"Dash","floor":11.0,"key":"SMITH"},{"data":"Dash","floor":15.0,"key":"SMITH"}],"neow_cost":"NONE","seed_source_timestamp":22715227551800,"circlet_count":0,"master_deck":["AscendersBane","Defend_G","Defend_G","Defend_G","Defend_G","Defend_G","Strike_G","Strike_G","Strike_G","Strike_G","Strike_G","Survivor","Neutralize+1","Backflip","Backflip","Dash+1","Flying Knee","Backstab","Dash+1","PiercingWail"],"special_seed":0,"relics":["Ring of the Snake","NeowsBlessing","Singing Bowl","Frozen Egg 2","Matryoshka"],"potions_floor_usage":[16,16],"damage_taken":[{"damage":0.0,"enemies":"Cultist","floor":1.0,"turns":1.0},{"damage":0.0,"enemies":"2 Louse","floor":3.0,"turns":1.0},{"damage":0.0,"enemies":"Small Slimes","floor":5.0,"turns":1.0},{"damage":56.0,"enemies":"Lagavulin","floor":7.0,"turns":9.0},{"damage":8.0,"enemies":"Gremlin Nob","floor":10.0,"turns":5.0},{"damage":0.0,"enemies":"2 Fungi Beasts","floor":12.0,"turns":3.0},{"damage":0.0,"enemies":"Large Slime","floor":13.0,"turns":5.0},{"damage":28,"enemies":"The Guardian","floor":16,"turns":12}],"seed_played":"-6595423486657566465","potions_obtained":[{"floor":10.0,"key":"Poison Potion"},{"floor":12.0,"key":"Swift Potion"},{"floor":14.0,"key":"FearPotion"}],"is_trial":false,"path_per_floor":["M","?","M","$","M","R","E","R","T","E","R","M","M","?","R","B"],"character_chosen":"THE_SILENT","items_purchased":["Dash","Flying Knee","Ancient Potion","Poison Potion"],"campfire_rested":1,"item_purchase_floors":[4,4,4,4],"current_hp_per_floor":[59,59,59,59,59,59,3,22,22,16,16,16,18,18,18,0],"gold":188,"neow_bonus":"THREE_ENEMY_KILL","is_prod":false,"is_daily":false,"chose_seed":false,"campfire_upgraded":3,"win_rate":0,"timestamp":1558751452,"path_taken":["M","?","M","$","?","R","E","R","T","E","R","?","M","?","R","BOSS"],"build_version":"2019-01-23","purchased_purges":1,"victory":false,"max_hp_per_floor":[66,66,66,66,66,66,66,66,66,68,68,68,70,70,70,70],"card_choices":[{"not_picked":["Dodge and Roll","Slice"],"picked":"Backflip","floor":1.0},{"not_picked":["Dodge and Roll","Acrobatics"],"picked":"Backflip","floor":3.0},{"not_picked":["All Out Attack","Flying Knee"],"picked":"Backstab","floor":5.0},{"not_picked":["Unload","Underhanded Strike"],"picked":"Dash","floor":7.0},{"not_picked":["Calculated Gamble","Dash","Flying Knee"],"picked":"Singing Bowl","floor":10.0},{"not_picked":["Dash","Backflip"],"picked":"PiercingWail","floor":12.0},{"not_picked":["Flying Knee","Acrobatics","Accuracy+1"],"picked":"Singing Bowl","floor":13.0}],"player_experience":1440679,"relics_obtained":[{"floor":7.0,"key":"Singing Bowl"},{"floor":9.0,"key":"Frozen Egg 2"},{"floor":10.0,"key":"Matryoshka"}],"event_choices":[{"damage_healed":0.0,"max_hp_gain":0.0,"max_hp_loss":0.0,"gold_gain":275.0,"event_name":"Golden Shrine","player_choice":"Desecrate","floor":2.0,"gold_loss":0.0,"damage_taken":0.0,"cards_obtained":["Regret"]},{"damage_healed":0.0,"max_hp_gain":0.0,"max_hp_loss":0.0,"gold_gain":0.0,"event_name":"Lab","player_choice":"Got Potions","floor":14.0,"gold_loss":0.0,"damage_taken":0.0}],"is_beta":false,"boss_relics":[],"items_purged_floors":[4],"is_endless":false,"potions_floor_spawned":[10,12],"killed_by":"The Guardian","ascension_level":20}