{"gold_per_floor":[115,40,50,50,74,74,107,107,107,122,143,143,182,207,207,298,298,316,316,335,0,13,52,52,83,83,83,96,11,29,48,48,48],"floor_reached":33,"playtime":5075,"items_purged":[],"score":598,"play_id":"ebaaaa40-73c6-4a06-a07c-a868bb71ae60","local_time":"20190521183029","is_ascension_mode":true,"campfire_choices":[{"data":"Slice","floor":6.0,"key":"SMITH"},{"floor":8.0,"key":"REST"},{"floor":15.0,"key":"REST"},{"data":"Well Laid Plans","floor":24.0,"key":"SMITH"},{"data":"Crippling Poison","floor":32.0,"key":"SMITH"}],"neow_cost":"TEN_PERCENT_HP_LOSS","seed_source_timestamp":0,"circlet_count":0,"master_deck":["AscendersBane","Defend_G","Defend_G","Defend_G","Defend_G","Defend_G","Strike_G","Strike_G","Strike_G","Strike_G","Strike_G","Survivor","Neutralize","Leg Sweep","Noxious Fumes","Quick Slash","Slice+1","Backflip","Well Laid Plans+1","Quick Slash","Riddle With Holes","Caltrops","Die Die Die","Dagger Throw","A Thousand Cuts","Backstab","Prepared+1","PiercingWail","Adrenaline","Crippling Poison+1","PiercingWail"],"special_seed":0,"relics":["Ring of the Snake","Pocketwatch","Golden Idol","Dream Catcher","Ornamental Fan","Vajra","Cursed Key","Meat on the Bone","Strawberry","Singing Bowl","Centennial Puzzle"],"potions_floor_usage":[33,33],"damage_taken":[{"damage":2.0,"enemies":"2 Louse","floor":1.0,"turns":3.0},{"damage":5.0,"enemies":"Jaw Worm","floor":3.0,"turns":4.0},{"damage":4.0,"enemies":"Small Slimes","floor":5.0,"turns":4.0},{"damage":34.0,"enemies":"Gremlin Nob","floor":7.0,"turns":5.0},{"damage":8.0,"enemies":"Exordium Wildlife","floor":10.0,"turns":4.0},{"damage":2.0,"enemies":"Large Slime","floor":11.0,"turns":6.0},{"damage":6.0,"enemies":"3 Sentries","floor":13.0,"turns":7.0},{"damage":0.0,"enemies":"2 Fungi Beasts","floor":14.0,"turns":2.0},{"damage":14.0,"enemies":"Slime Boss","floor":16.0,"turns":8.0},{"damage":1.0,"enemies":"3 Byrds","floor":18.0,"turns":4.0},{"damage":3.0,"enemies":"2 Thieves","floor":20.0,"turns":4.0},{"damage":12.0,"enemies":"Snake Plant","floor":22.0,"turns":4.0},{"damage":8.0,"enemies":"Gremlin Leader","floor":23.0,"turns":6.0},{"damage":3.0,"enemies":"Slavers","floor":25.0,"turns":3.0},{"damage":18.0,"enemies":"Cultist and Chosen","floor":28.0,"turns":7.0},{"damage":7.0,"enemies":"3 Cultists","floor":30.0,"turns":4.0},{"damage":8.0,"enemies":"Snecko","floor":31.0,"turns":6.0},{"damage":55,"enemies":"Automaton","floor":33,"turns":10}],"seed_played":"-2768134483806277313","potions_obtained":[{"floor":7.0,"key":"Energy Potion"},{"floor":13.0,"key":"GamblersBrew"},{"floor":14.0,"key":"PowerPotion"},{"floor":16.0,"key":"SteroidPotion"},{"floor":23.0,"key":"LiquidBronze"},{"floor":28.0,"key":"Energy Potion"},{"floor":31.0,"key":"Explosive Potion"}],"is_trial":false,"path_per_floor":["M","$","M","?","M","R","E","R","T","M","M","?","E","M","R","B",null,"M","?","M","$","M","E","R","E","T","?","M","?","M","M","R","B"],"character_chosen":"THE_SILENT","items_purchased":["Noxious Fumes","Meat on the Bone","PowerPotion"],"campfire_rested":2,"item_purchase_floors":[2,21,21],"current_hp_per_floor":[57,57,52,52,48,48,14,30,30,22,20,20,14,14,30,16,45,44,44,41,41,29,40,40,39,39,39,35,35,40,44,44,0],"gold":48,"neow_bonus":"ONE_RARE_RELIC","is_prod":false,"is_daily":false,"chose_seed":false,"campfire_upgraded":3,"win_rate":0,"timestamp":1558488629,"path_taken":["M","$","M","?","M","R","E","R","T","M","M","?","E","M","R","BOSS","M","?","M","$","M","E","R","E","T","?","?","?","M","M","R","BOSS"],"build_version":"2019-01-23","purchased_purges":0,"victory":false,"max_hp_per_floor":[60,60,60,54,54,54,54,54,54,54,54,54,54,54,54,54,54,54,54,54,54,54,61,61,63,63,63,65,65,65,65,65,65],"card_choices":[{"not_picked":["Dodge and Roll","Deflect"],"picked":"Leg Sweep","floor":1.0},{"not_picked":["Cloak And Dagger","Finisher"],"picked":"Quick Slash","floor":3.0},{"not_picked":["Leg Sweep","Backflip"],"picked":"Slice","floor":5.0},{"not_picked":["Slice","Catalyst"],"picked":"Backflip","floor":7.0},{"not_picked":["Leg Sweep","Noxious Fumes"],"picked":"Well Laid Plans","floor":8.0},{"not_picked":["Poisoned Stab","Bane"],"picked":"Quick Slash","floor":10.0},{"not_picked":["Accuracy","Caltrops"],"picked":"Riddle With Holes","floor":11.0},{"not_picked":["Blur","Slice"],"picked":"Caltrops","floor":13.0},{"not_picked":["Well Laid Plans","Sucker Punch"],"picked":"Die Die Die","floor":14.0},{"not_picked":["Dagger Spray","Quick Slash"],"picked":"Dagger Throw","floor":15.0},{"not_picked":["Envenom","Venomology"],"picked":"A Thousand Cuts","floor":16.0},{"not_picked":["Leg Sweep","Underhanded Strike","Outmaneuver"],"picked":"SKIP","floor":18.0},{"not_picked":["Flying Knee","Underhanded Strike"],"picked":"Prepared+1","floor":20.0},{"not_picked":["Blade Dance","Backstab"],"picked":"PiercingWail","floor":22.0},{"not_picked":["Flying Knee","Sucker Punch"],"picked":"Adrenaline","floor":23.0},{"not_picked":["Envenom","Backstab","Heel Hook"],"picked":"Singing Bowl","floor":25.0},{"not_picked":["All Out Attack","Backflip","Quick Slash"],"picked":"Singing Bowl","floor":28.0},{"not_picked":["Cloak And Dagger","Setup"],"picked":"Crippling Poison","floor":30.0},{"not_picked":["Tactician","Terror"],"picked":"PiercingWail","floor":31.0}],"player_experience":1415633,"relics_obtained":[{"floor":7.0,"key":"Dream Catcher"},{"floor":9.0,"key":"Ornamental Fan"},{"floor":13.0,"key":"Vajra"},{"floor":23.0,"key":"Strawberry"},{"floor":25.0,"key":"Singing Bowl"}],"event_choices":[{"damage_healed":0.0,"max_hp_gain":0.0,"max_hp_loss":6.0,"gold_gain":0.0,"event_name":"Golden Idol","player_choice":"Lose Max HP","floor":4.0,"gold_loss":0.0,"damage_taken":0.0,"relics_obtained":["Golden Idol"]},{"damage_healed":0.0,"max_hp_gain":0.0,"max_hp_loss":0.0,"gold_gain":0.0,"event_name":"Shining Light","player_choice":"Ignored","floor":12.0,"gold_loss":0.0,"damage_taken":0.0},{"damage_healed":0.0,"max_hp_gain":0.0,"max_hp_loss":0.0,"gold_gain":0.0,"event_name":"The Library","player_choice":"Read","floor":19.0,"gold_loss":0.0,"damage_taken":0.0,"cards_obtained":["Backstab"]},{"damage_healed":0.0,"max_hp_gain":0.0,"max_hp_loss":0.0,"gold_gain":0.0,"event_name":"N\u0027loth","player_choice":"Ignored","floor":27.0,"gold_loss":0.0,"damage_taken":0.0},{"damage_healed":0.0,"max_hp_gain":0.0,"max_hp_loss":0.0,"gold_gain":0.0,"event_name":"Addict","player_choice":"Obtained Relic","floor":29.0,"gold_loss":85.0,"damage_taken":0.0,"relics_obtained":["Centennial Puzzle"]}],"is_beta":false,"boss_relics":[{"not_picked":["Eternal Feather","Ectoplasm"],"picked":"Cursed Key"}],"items_purged_floors":[],"is_endless":false,"potions_floor_spawned":[7,13,14,16,23,28,31],"killed_by":"Automaton","ascension_level":20}