{"gold_per_floor":[214,225,245,66,66,66,66,77,77,95,114,148,148,163,163,260,260,274,288,288,288],"floor_reached":21,"playtime":907,"items_purged":[],"score":218,"play_id":"adac4a94-8da8-41d5-827e-b26f0e132bd3","local_time":"20180924220507","is_ascension_mode":true,"campfire_choices":[{"data":"Apotheosis","floor":6,"key":"SMITH"},{"floor":13,"key":"REST"},{"data":"Noxious Fumes","floor":15,"key":"SMITH"}],"neow_cost":"NONE","seed_source_timestamp":10150632432600,"circlet_count":0,"master_deck":["Defend_G","Defend_G","Defend_G","Defend_G","Defend_G","Strike_G","Strike_G+1","Strike_G","Strike_G","Strike_G","Survivor","Neutralize","Backflip+1","Poisoned Stab","Dagger Spray","Apotheosis+1","Well Laid Plans","Noxious Fumes+1","Cloak And Dagger","Caltrops","Blade Dance","Envenom","Terror","Poisoned Stab","Decay"],"relics":["Ring of the Snake","CultistMask","Blood Vial","Ornamental Fan","Eternal Feather"],"potions_floor_usage":[8,11,16,18,19],"damage_taken":[{"damage":0,"enemies":"Cultist","floor":1,"turns":4},{"damage":1,"enemies":"Jaw Worm","floor":2,"turns":6},{"damage":0,"enemies":"Small Slimes","floor":3,"turns":4},{"damage":2,"enemies":"Looter","floor":8,"turns":3},{"damage":6,"enemies":"Exordium Thugs","floor":10,"turns":4},{"damage":12,"enemies":"Lots of Slimes","floor":11,"turns":3},{"damage":0,"enemies":"3 Sentries","floor":12,"turns":6},{"damage":7,"enemies":"Gremlin Gang","floor":14,"turns":3},{"damage":14,"enemies":"The Guardian","floor":16,"turns":9},{"damage":33,"enemies":"Spheric Guardian","floor":18,"turns":6},{"damage":23,"enemies":"Chosen","floor":19,"turns":5},{"damage":22,"enemies":"Snecko","floor":21,"turns":3}],"seed_played":"2768636820995636337","potions_obtained":[{"floor":1,"key":"Regen Potion"},{"floor":10,"key":"SkillPotion"},{"floor":12,"key":"EssenceOfSteel"},{"floor":16,"key":"LiquidBronze"},{"floor":18,"key":"Strength Potion"}],"is_trial":false,"path_per_floor":["M","M","M","$","?","R","?","M","T","M","M","E","R","M","R","B",null,"M","M","?"],"character_chosen":"THE_SILENT","items_purchased":["Apotheosis"],"campfire_rested":1,"item_purchase_floors":[4],"current_hp_per_floor":[70,69,69,69,55,55,55,58,58,54,44,46,67,62,62,50,70,37,16,16,0],"gold":288,"neow_bonus":"HUNDRED_GOLD","is_prod":false,"is_daily":false,"chose_seed":false,"campfire_upgraded":2,"win_rate":0,"timestamp":1537819507,"path_taken":["M","?","M","$","?","R","?","?","T","?","M","E","R","M","R","BOSS","M","M","?","M"],"build_version":"2018-09-20","purchased_purges":0,"victory":false,"max_hp_per_floor":[70,70,70,70,70,70,70,70,70,70,70,70,70,70,70,70,70,70,70,70,70],"card_choices":[{"not_picked":["Leg Sweep","Deadly Poison"],"picked":"Backflip","floor":1},{"not_picked":["Underhanded Strike","Quick Slash"],"picked":"Poisoned Stab","floor":2},{"not_picked":["Bane","Deadly Poison"],"picked":"Dagger Spray","floor":3},{"not_picked":["Prepared","Blade Dance"],"picked":"Well Laid Plans","floor":8},{"not_picked":["Deflect","Catalyst"],"picked":"Noxious Fumes","floor":10},{"not_picked":["Bane","Well Laid Plans"],"picked":"Cloak And Dagger","floor":11},{"not_picked":["Dodge and Roll","Night Terror"],"picked":"Caltrops","floor":12},{"not_picked":["Deadly Poison","Dagger Spray"],"picked":"Blade Dance","floor":14},{"not_picked":["Glass Knife","Doppelganger"],"picked":"Envenom","floor":16},{"not_picked":["Backflip","Dagger Spray"],"picked":"Terror","floor":18},{"not_picked":["Endless Agony","Blade Dance"],"picked":"Poisoned Stab","floor":19}],"player_experience":229057,"relics_obtained":[{"floor":9,"key":"Blood Vial"},{"floor":12,"key":"Ornamental Fan"}],"event_choices":[{"event_name":"Shining Light","player_choice":"Entered Light","floor":5,"damage_taken":0},{"event_name":"FaceTrader","player_choice":"Trade","floor":7,"damage_taken":0},{"event_name":"Forgotten Altar","player_choice":"Smashed Altar","floor":20,"damage_taken":0}],"is_beta":false,"boss_relics":[{"not_picked":["White Beast Statue","Snecko Eye"],"picked":"Eternal Feather"}],"items_purged_floors":[],"is_endless":false,"potions_floor_spawned":[1,10,12,16,18],"killed_by":"Snecko","ascension_level":1}