{"gold_per_floor":[111,111,123,198,211,236,236,267,267,292,32,32,49,84,84,186,186,199,199,214,214,224,257,257,290,290,324,27,27,45,63,63,158,158,173,173,173,173,173,206,206,226,251,280,293,293],"floor_reached":46,"playtime":3796,"items_purged":[],"score":818,"play_id":"0e5cf239-0e53-4f6d-8262-db20e5125e50","local_time":"20181106185752","is_ascension_mode":true,"campfire_choices":[{"floor":7.0,"key":"REST"},{"floor":12.0,"key":"REST"},{"floor":15.0,"key":"REST"},{"floor":24.0,"key":"REST"},{"floor":29.0,"key":"REST"},{"data":"Infinite Blades","floor":32,"key":"SMITH"},{"floor":41,"key":"REST"}],"neow_cost":"NONE","seed_source_timestamp":0,"circlet_count":0,"master_deck":["Defend_G+1","Defend_G+1","Defend_G+1","Defend_G+1","Defend_G+1","Strike_G+1","Strike_G+1","Strike_G+1","Strike_G+1","Strike_G+1","Neutralize","Dash+1","Dash","Dagger Throw","Dagger Spray","Noxious Fumes","Dagger Throw","Reflex","Infinite Blades+1","Dagger Throw","Corpse Explosion","Leg Sweep","Dash","Quick Slash","Underhanded Strike+1","Infinite Blades","Underhanded Strike+1","Die Die Die+1","Infinite Blades","Bullet Time","Impatience","Backflip+1","Adrenaline","Quick Slash+1"],"special_seed":0,"relics":["HoveringKite","Letter Opener","Shuriken","Darkstone Periapt","Happy Flower","Omamori","Orichalcum","Eternal Feather","Molten Egg 2","Snake Skull","Singing Bowl","Centennial Puzzle","Strawberry","Blood Vial","WristBlade","Anchor","Bag of Marbles","Question Card"],"potions_floor_usage":[33,33,44,45,45],"damage_taken":[{"damage":8.0,"enemies":"Small Slimes","floor":1.0,"turns":6.0},{"damage":0.0,"enemies":"Cultist","floor":3.0,"turns":4.0},{"damage":0.0,"enemies":"2 Louse","floor":5.0,"turns":2.0},{"damage":2.0,"enemies":"Gremlin Nob","floor":6.0,"turns":4.0},{"damage":29.0,"enemies":"Lagavulin","floor":8.0,"turns":7.0},{"damage":2.0,"enemies":"3 Sentries","floor":10.0,"turns":6.0},{"damage":10.0,"enemies":"Exordium Wildlife","floor":13.0,"turns":3.0},{"damage":26.0,"enemies":"Lagavulin","floor":14.0,"turns":6.0},{"damage":29.0,"enemies":"The Guardian","floor":16.0,"turns":10.0},{"damage":10.0,"enemies":"Chosen","floor":18.0,"turns":6.0},{"damage":6.0,"enemies":"2 Thieves","floor":20.0,"turns":3.0},{"damage":16.0,"enemies":"Shelled Parasite and Fungi","floor":22.0,"turns":6.0},{"damage":16.0,"enemies":"Slavers","floor":23.0,"turns":4.0},{"damage":33.0,"enemies":"Book of Stabbing","floor":25.0,"turns":7.0},{"damage":21.0,"enemies":"Slavers","floor":27.0,"turns":4.0},{"damage":0.0,"enemies":"3 Cultists","floor":30.0,"turns":2.0},{"damage":0.0,"enemies":"Snecko","floor":31.0,"turns":5.0},{"damage":29,"enemies":"Collector","floor":33,"turns":8},{"damage":1,"enemies":"Orb Walker","floor":35,"turns":3},{"damage":62,"enemies":"Giant Head","floor":40,"turns":8},{"damage":19,"enemies":"3 Shapes","floor":42,"turns":5},{"damage":16,"enemies":"Reptomancer","floor":44,"turns":5},{"damage":11,"enemies":"Maw","floor":45,"turns":6},{"damage":22,"enemies":"Jaw Worm Horde","floor":46,"turns":2}],"seed_played":"8268732094524031968","potions_obtained":[{"floor":3.0,"key":"Weak Potion"},{"floor":5.0,"key":"Explosive Potion"},{"floor":10.0,"key":"Energy Potion"},{"floor":16.0,"key":"Energy Potion"},{"floor":22.0,"key":"Regen Potion"},{"floor":27.0,"key":"Regen Potion"},{"floor":30.0,"key":"SteroidPotion"},{"floor":31.0,"key":"GhostInAJar"},{"floor":40,"key":"Explosive Potion"},{"floor":42,"key":"SteroidPotion"},{"floor":44,"key":"GhostInAJar"}],"is_trial":false,"path_per_floor":["M","?","M","?","M","E","R","E","T","E","$","R","M","E","R","B",null,"M","?","M","?","M","E","R","E","T","E","$","R","M","M","R","B",null,"M","?","$","?","$","E","R","M","T","E","M","M"],"character_chosen":"THE_SILENT","items_purchased":["Omamori","GhostInAJar","Reflex","Strawberry","Blood Vial"],"campfire_rested":6,"item_purchase_floors":[11,11,11,28,28],"current_hp_per_floor":[55,55,55,44,44,42,63,34,34,32,32,53,43,17,38,9,55,45,45,39,39,23,19,55,22,22,3,10,48,52,66,81,52,74,75,75,75,75,75,15,57,42,42,28,19,0],"gold":293,"neow_bonus":"BOSS_RELIC","is_prod":false,"is_daily":false,"chose_seed":false,"campfire_upgraded":1,"win_rate":0,"timestamp":1541523472,"path_taken":["M","?","?","?","M","E","R","E","T","E","$","R","M","E","R","BOSS","M","?","M","?","?","E","R","E","T","E","$","R","M","M","R","BOSS","M","?","?","?","$","E","R","?","T","E","M","M"],"build_version":"2018-11-05","purchased_purges":0,"victory":false,"max_hp_per_floor":[70,70,70,70,70,70,70,70,70,70,70,70,70,70,70,70,70,70,70,70,70,70,70,70,70,70,72,79,79,81,81,81,81,81,81,81,81,81,81,81,81,83,83,83,83,83],"card_choices":[{"not_picked":["Cloak And Dagger","Crippling Poison"],"picked":"Dash","floor":1.0},{"not_picked":["PiercingWail","Deflect"],"picked":"Dash","floor":3.0},{"not_picked":["Acrobatics","Escape Plan"],"picked":"Dagger Throw","floor":5.0},{"not_picked":["Flying Knee","Masterful Stab"],"picked":"Dagger Spray","floor":6.0},{"not_picked":["Flechettes","Outmaneuver"],"picked":"Noxious Fumes","floor":8.0},{"not_picked":["Well Laid Plans","Storm of Steel"],"picked":"Dagger Throw","floor":10.0},{"not_picked":["Bane","Escape Plan"],"picked":"Infinite Blades","floor":13.0},{"not_picked":["Deadly Poison","Prepared"],"picked":"Dagger Throw","floor":14.0},{"not_picked":["Tools of the Trade","Die Die Die"],"picked":"Corpse Explosion","floor":16.0},{"not_picked":["Deadly Poison","Prepared"],"picked":"Leg Sweep","floor":18.0},{"not_picked":["Catalyst","Quick Slash"],"picked":"Dash","floor":20.0},{"not_picked":["Footwork","Underhanded Strike"],"picked":"Quick Slash","floor":22.0},{"not_picked":["Deflect","Dodge and Roll+1"],"picked":"Underhanded Strike","floor":23.0},{"not_picked":["Dodge and Roll+1","Acrobatics"],"picked":"Infinite Blades","floor":25.0},{"not_picked":["Backflip","Deflect","Dodge and Roll"],"picked":"Singing Bowl","floor":27.0},{"not_picked":["Venomology","Setup+1","Backstab+1"],"picked":"Singing Bowl","floor":30.0},{"not_picked":["Calculated Gamble+1","Tactician"],"picked":"Underhanded Strike+1","floor":31.0},{"not_picked":["Grand Finale+1","Malaise"],"picked":"Die Die Die+1","floor":33},{"not_picked":["Expertise+1","Slice+1"],"picked":"Infinite Blades","floor":35},{"not_picked":["Blur+1","Sucker Punch+1"],"picked":"Backflip+1","floor":40},{"not_picked":["Deflect","Cloak And Dagger+1","Prepared+1"],"picked":"Singing Bowl","floor":42},{"not_picked":["Deflect","Dash+1"],"picked":"Adrenaline","floor":44},{"not_picked":["Slice+1","Acrobatics","Outmaneuver"],"picked":"Quick Slash+1","floor":45}],"player_experience":267979,"relics_obtained":[{"floor":6.0,"key":"Letter Opener"},{"floor":8.0,"key":"Shuriken"},{"floor":9.0,"key":"Darkstone Periapt"},{"floor":10.0,"key":"Happy Flower"},{"floor":14.0,"key":"Orichalcum"},{"floor":23.0,"key":"Molten Egg 2"},{"floor":25.0,"key":"Snake Skull"},{"floor":26.0,"key":"Singing Bowl"},{"floor":27.0,"key":"Centennial Puzzle"},{"floor":40,"key":"Anchor"},{"floor":43,"key":"Bag of Marbles"},{"floor":44,"key":"Question Card"}],"event_choices":[{"damage_healed":0.0,"max_hp_gain":0.0,"max_hp_loss":0.0,"gold_gain":0.0,"event_name":"Upgrade Shrine","player_choice":"Upgraded","floor":2.0,"gold_loss":0.0,"damage_taken":0.0,"cards_upgraded":["Dash"]},{"damage_healed":0.0,"max_hp_gain":0.0,"max_hp_loss":0.0,"gold_gain":75.0,"event_name":"World of Goop","player_choice":"Gather Gold","floor":4.0,"gold_loss":0.0,"damage_taken":11.0},{"damage_healed":0.0,"max_hp_gain":0.0,"max_hp_loss":0.0,"gold_gain":0.0,"event_name":"Beggar","player_choice":"Ignored","floor":19.0,"gold_loss":0.0,"damage_taken":0.0},{"damage_healed":0.0,"max_hp_gain":0.0,"max_hp_loss":0.0,"gold_gain":0.0,"event_name":"Back to Basics","player_choice":"Simplicity","floor":21.0,"gold_loss":0.0,"damage_taken":0.0,"cards_upgraded":["Defend_G","Defend_G","Defend_G","Defend_G","Defend_G","Strike_G","Strike_G","Strike_G","Strike_G","Strike_G"]},{"cards_removed":["Survivor"],"damage_healed":0,"gold_gain":0,"player_choice":"Purged","damage_taken":0,"max_hp_gain":0,"max_hp_loss":0,"event_name":"Purifier","floor":36,"gold_loss":0},{"damage_healed":0,"gold_gain":0,"player_choice":"2 cards matched","damage_taken":0,"max_hp_gain":0,"max_hp_loss":0,"event_name":"Match and Keep!","floor":38,"gold_loss":0,"cards_obtained":["Bullet Time","Impatience"]}],"is_beta":true,"boss_relics":[{"not_picked":["Fusion Hammer","Philosopher\u0027s Stone"],"picked":"Eternal Feather"},{"not_picked":["Cursed Key","Lizard Tail"],"picked":"WristBlade"}],"items_purged_floors":[],"is_endless":false,"potions_floor_spawned":[3,5,10,16,22,27,30,31,40,42,44],"killed_by":"Jaw Worm Horde","ascension_level":9}