{"gold_per_floor":[115,34,34,48,48,48,81,93,93,93,106,106,120,120,120,199,199,213,49,81,1,13,13],"floor_reached":23,"playtime":5073,"items_purged":[],"score":478,"play_id":"e75b36b4-1b5b-419a-976f-74dd03dd0b3e","local_time":"20190525195750","is_ascension_mode":true,"campfire_choices":[{"data":"Neutralize","floor":6.0,"key":"SMITH"},{"floor":10.0,"key":"REST"},{"data":"Backflip","floor":12.0,"key":"SMITH"},{"data":"Survivor","floor":15.0,"key":"SMITH"}],"neow_cost":"NONE","seed_source_timestamp":34677102331000,"circlet_count":0,"master_deck":["AscendersBane","Defend_G","Defend_G+1","Defend_G+1","Defend_G","Defend_G","Strike_G","Strike_G","Strike_G","Strike_G","Survivor+1","Neutralize+1","Deadly Poison","Infinite Blades","Masterful Stab","Masterful Stab","Underhanded Strike","Well Laid Plans+1","Backflip+1","Backflip","Corpse Explosion","Dash+1","Flying Knee","Dodge and Roll"],"special_seed":0,"relics":["Philosopher\u0027s Stone","Ginger","FossilizedHelix","Runic Pyramid","Blood Vial","Red Mask"],"potions_floor_usage":[23],"damage_taken":[{"damage":3.0,"enemies":"2 Louse","floor":1.0,"turns":2.0},{"damage":0.0,"enemies":"Cultist","floor":4.0,"turns":4.0},{"damage":19.0,"enemies":"3 Sentries","floor":7.0,"turns":8.0},{"damage":3.0,"enemies":"Small Slimes","floor":8.0,"turns":3.0},{"damage":0.0,"enemies":"Blue Slaver","floor":11.0,"turns":3.0},{"damage":0.0,"enemies":"Looter","floor":13.0,"turns":3.0},{"damage":0.0,"enemies":"Slime Boss","floor":16.0,"turns":9.0},{"damage":27.0,"enemies":"3 Byrds","floor":18.0,"turns":4.0},{"damage":7.0,"enemies":"Masked Bandits","floor":20.0,"turns":2.0},{"damage":0.0,"enemies":"Chosen","floor":22.0,"turns":5.0},{"damage":54,"enemies":"Gremlin Leader","floor":23,"turns":5}],"seed_played":"-5564654311929768063","potions_obtained":[{"floor":1.0,"key":"PowerPotion"},{"floor":7.0,"key":"Energy Potion"},{"floor":8.0,"key":"Explosive Potion"},{"floor":18.0,"key":"Explosive Potion"},{"floor":22.0,"key":"FearPotion"}],"is_trial":false,"path_per_floor":["M","$","?","M","?","R","E","M","T","R","M","R","M","?","R","B",null,"M","$","?","$","M","E"],"character_chosen":"THE_SILENT","items_purchased":["Infinite Blades","Blood Vial","Regen Potion"],"campfire_rested":1,"item_purchase_floors":[2,19,21],"current_hp_per_floor":[56,56,36,36,36,36,17,14,14,33,33,33,33,33,33,33,58,31,31,26,26,42,0],"gold":13,"neow_bonus":"BOSS_RELIC","is_prod":false,"is_daily":false,"chose_seed":false,"campfire_upgraded":3,"win_rate":0,"timestamp":1558839470,"path_taken":["M","$","?","M","?","R","E","M","T","R","M","R","?","?","R","BOSS","M","$","?","$","M","E"],"build_version":"2019-01-23","purchased_purges":0,"victory":false,"max_hp_per_floor":[66,66,66,66,66,66,66,66,66,66,66,66,66,66,66,66,66,66,66,66,66,66,66],"card_choices":[{"not_picked":["Expertise","Dodge and Roll"],"picked":"Deadly Poison","floor":1.0},{"not_picked":["Endless Agony","Prepared"],"picked":"Masterful Stab","floor":4.0},{"not_picked":["Cloak And Dagger","Setup"],"picked":"Underhanded Strike","floor":7.0},{"not_picked":["Backflip","Sucker Punch"],"picked":"Well Laid Plans","floor":8.0},{"not_picked":["Eviscerate","Catalyst"],"picked":"Backflip","floor":11.0},{"not_picked":["Heel Hook","Outmaneuver"],"picked":"Backflip","floor":13.0},{"not_picked":["Tools of the Trade","Doppelganger"],"picked":"Corpse Explosion","floor":16.0},{"not_picked":["Backflip","Deflect"],"picked":"Dash+1","floor":18.0},{"not_picked":["Sucker Punch","Heel Hook"],"picked":"Flying Knee","floor":20.0},{"not_picked":["Accuracy+1","Blade Dance"],"picked":"Dodge and Roll","floor":22.0}],"player_experience":1472745,"relics_obtained":[{"floor":7.0,"key":"Ginger"},{"floor":9.0,"key":"FossilizedHelix"},{"floor":20.0,"key":"Red Mask"}],"event_choices":[{"damage_healed":0.0,"max_hp_gain":0.0,"max_hp_loss":0.0,"gold_gain":0.0,"event_name":"Shining Light","player_choice":"Entered Light","floor":3.0,"gold_loss":0.0,"damage_taken":20.0,"cards_upgraded":["Defend_G","Defend_G"]},{"damage_healed":0.0,"max_hp_gain":0.0,"max_hp_loss":0.0,"gold_gain":0.0,"cards_transformed":["Strike_G"],"event_name":"Transmorgrifier","player_choice":"Transformed","floor":5.0,"gold_loss":0.0,"damage_taken":0.0,"cards_obtained":["Masterful Stab"]},{"damage_healed":0.0,"max_hp_gain":0.0,"max_hp_loss":0.0,"gold_gain":0.0,"event_name":"Living Wall","player_choice":"Grow","floor":14.0,"gold_loss":0.0,"damage_taken":0.0,"cards_upgraded":["Well Laid Plans"]},{"damage_healed":0.0,"max_hp_gain":0.0,"max_hp_loss":0.0,"gold_gain":0.0,"event_name":"Masked Bandits","player_choice":"Fought Bandits","floor":20.0,"gold_loss":0.0,"damage_taken":0.0}],"is_beta":false,"boss_relics":[{"not_picked":["Ectoplasm","Coffee Dripper"],"picked":"Runic Pyramid"}],"items_purged_floors":[],"is_endless":false,"potions_floor_spawned":[1,7,8,18,22],"killed_by":"Gremlin Leader","ascension_level":20}