{"gold_per_floor":[12,12,24,42,55,89,89,120,143,153,183,183,199,179,179,256,256,256,181,181,181,181,181,181,181,181,181,181,181,181,181,181,181,181,181,36,36,36,36,36,36,36,36,36,36,36,36,36,36,36],"floor_reached":51,"playtime":4325,"items_purged":[],"score":1161,"play_id":"0a04f363-fa48-4240-a6ab-e9751dceed63","local_time":"20190525141919","is_ascension_mode":true,"campfire_choices":[{"data":"Bash","floor":7,"key":"SMITH"},{"floor":12,"key":"REST"},{"data":"Flame Barrier","floor":15,"key":"SMITH"},{"data":"Flame Barrier","floor":23,"key":"SMITH"},{"data":"Body Slam","floor":25,"key":"SMITH"},{"data":"Juggernaut","floor":30,"key":"SMITH"},{"data":"Entrench","floor":32,"key":"SMITH"},{"data":"Demon Form","floor":42,"key":"SMITH"},{"floor":49,"key":"REST"}],"neow_cost":"NO_GOLD","seed_source_timestamp":505125585845705,"circlet_count":0,"master_deck":["AscendersBane","Strike_R","Strike_R","Strike_R","Strike_R","Strike_R","Defend_R","Defend_R","Defend_R","Defend_R+1","Bash+1","Armaments+1","Shockwave","Entrench+1","Disarm","Flame Barrier+1","Shockwave","Feel No Pain","Metallicize","Juggernaut+1","Flame Barrier+1","Shrug It Off","Body Slam+1","True Grit+1","Shockwave+1","Demon Form+1","Shrug It Off+1","Battle Trance+1","Warcry+1","Headbutt","Sentinel+1","Pommel Strike","Shrug It Off+1","Havoc+1"],"relics":["Burning Blood","War Paint","Orichalcum","Vajra","Bag of Preparation","Singing Bowl","Ectoplasm","Toxic Egg 2","MutagenicStrength","Bronze Scales","Mark of Pain","PreservedInsect","Peace Pipe","Lantern"],"potions_floor_usage":[6,8,16,20,31,40,45,50],"damage_taken":[{"damage":9,"enemies":"2 Louse","floor":1,"turns":3},{"damage":13,"enemies":"Jaw Worm","floor":3,"turns":5},{"damage":1,"enemies":"Cultist","floor":4,"turns":4},{"damage":8,"enemies":"Looter","floor":5,"turns":5},{"damage":19,"enemies":"3 Sentries","floor":6,"turns":15},{"damage":32,"enemies":"Gremlin Nob","floor":8,"turns":6},{"damage":0,"enemies":"Exordium Wildlife","floor":10,"turns":5},{"damage":20,"enemies":"Lagavulin","floor":11,"turns":7},{"damage":6,"enemies":"Gremlin Gang","floor":13,"turns":8},{"damage":8,"enemies":"Hexaghost","floor":16,"turns":16},{"damage":1,"enemies":"Shell Parasite","floor":18,"turns":7},{"damage":15,"enemies":"2 Thieves","floor":19,"turns":5},{"damage":5,"enemies":"3 Cultists","floor":20,"turns":8},{"damage":9,"enemies":"Snake Plant","floor":21,"turns":5},{"damage":0,"enemies":"Snecko","floor":22,"turns":6},{"damage":15,"enemies":"Chosen and Byrds","floor":24,"turns":5},{"damage":4,"enemies":"Cultist and Chosen","floor":27,"turns":7},{"damage":23,"enemies":"Slavers","floor":29,"turns":7},{"damage":10,"enemies":"Sentry and Sphere","floor":31,"turns":7},{"damage":40,"enemies":"Champ","floor":33,"turns":13},{"damage":13,"enemies":"3 Darklings","floor":35,"turns":6},{"damage":0,"enemies":"3 Shapes","floor":37,"turns":4},{"damage":0,"enemies":"Writhing Mass","floor":39,"turns":7},{"damage":6,"enemies":"3 Darklings","floor":40,"turns":5},{"damage":10,"enemies":"Transient","floor":41,"turns":5},{"damage":0,"enemies":"Maw","floor":44,"turns":6},{"damage":22,"enemies":"Writhing Mass","floor":45,"turns":7},{"damage":47,"enemies":"2 Orb Walkers","floor":46,"turns":6},{"damage":11,"enemies":"Jaw Worm Horde","floor":47,"turns":6},{"damage":56,"enemies":"Awakened One","floor":50,"turns":12}],"seed_played":"-5265963220749755500","potions_obtained":[{"floor":3,"key":"PowerPotion"},{"floor":5,"key":"Block Potion"},{"floor":11,"key":"Swift Potion"},{"floor":14,"key":"GamblersBrew"},{"floor":19,"key":"FairyPotion"},{"floor":21,"key":"SteroidPotion"},{"floor":22,"key":"FearPotion"},{"floor":31,"key":"SteroidPotion"},{"floor":35,"key":"Swift Potion"},{"floor":44,"key":"BloodPotion"},{"floor":47,"key":"LiquidBronze"}],"is_trial":false,"path_per_floor":["M","?","M","M","M","E","R","E","T","M","E","R","M","?","R","B",null,"M","M","M","M","M","R","M","R","T","M","?","E","R","M","R","B",null,"M","$","M","?","M","M","M","R","T","M","M","?","M","?","R","B",null],"character_chosen":"IRONCLAD","items_purchased":["Battle Trance+1","Warcry+1","Headbutt"],"campfire_rested":2,"item_purchase_floors":[36,36,36],"current_hp_per_floor":[79,68,61,66,64,51,51,25,25,31,17,43,43,43,43,41,77,84,77,78,75,81,81,74,74,74,76,76,61,61,57,57,23,79,72,72,80,80,86,88,84,84,84,90,86,47,42,42,73,23],"gold":36,"neow_bonus":"TWENTY_PERCENT_HP_BONUS","is_prod":false,"is_daily":false,"chose_seed":false,"campfire_upgraded":7,"win_rate":0,"timestamp":1558819159,"path_taken":["M","?","M","M","M","E","R","E","T","M","E","R","M","?","R","BOSS","M","M","M","M","M","R","M","R","T","?","?","E","R","M","R","BOSS","M","$","M","?","?","M","M","R","T","M","M","?","M","?","R","BOSS"],"build_version":"2019-01-23","purchased_purges":0,"victory":true,"max_hp_per_floor":[89,89,89,89,89,89,89,89,89,89,89,89,89,89,89,89,89,91,93,93,93,93,93,95,95,95,95,95,97,97,97,97,97,97,97,97,99,99,99,101,101,101,101,101,103,105,105,105,105,105],"card_choices":[{"not_picked":["Entrench","Flex"],"picked":"Armaments","floor":1},{"not_picked":["Armaments","Warcry"],"picked":"Shockwave","floor":3},{"not_picked":["Flex","Wild Strike"],"picked":"Entrench","floor":4},{"not_picked":["Carnage","Inflame"],"picked":"Disarm","floor":5},{"not_picked":["Anger","Bloodletting","Rupture"],"picked":"SKIP","floor":6},{"not_picked":["Hemokinesis","Wild Strike"],"picked":"Flame Barrier","floor":8},{"not_picked":["Bloodletting","Entrench"],"picked":"Shockwave","floor":10},{"not_picked":["Intimidate","Entrench"],"picked":"Feel No Pain","floor":11},{"not_picked":["Anger","Perfected Strike"],"picked":"Metallicize","floor":13},{"not_picked":["Bludgeon","Exhume"],"picked":"Juggernaut","floor":16},{"not_picked":["Cleave","Thunderclap","Wild Strike"],"picked":"Singing Bowl","floor":18},{"not_picked":["Rupture","Wild Strike","Second Wind"],"picked":"Singing Bowl","floor":19},{"not_picked":["Whirlwind","Clothesline"],"picked":"Flame Barrier","floor":20},{"not_picked":["Warcry","Wild Strike"],"picked":"Shrug It Off","floor":21},{"not_picked":["Iron Wave","Combust+1"],"picked":"Body Slam","floor":22},{"not_picked":["Clash","Inflame","Cleave"],"picked":"Singing Bowl","floor":24},{"not_picked":["Bloodletting+1","Seeing Red+1"],"picked":"True Grit+1","floor":27},{"not_picked":["Body Slam","Armaments+1","Double Tap+1"],"picked":"Singing Bowl","floor":29},{"not_picked":["Body Slam","Twin Strike"],"picked":"Shockwave+1","floor":31},{"not_picked":["Brutality","Reaper"],"picked":"Demon Form","floor":33},{"not_picked":["Perfected Strike","Evolve"],"picked":"Shrug It Off+1","floor":35},{"not_picked":["Reckless Charge","Sword Boomerang+1","Iron Wave"],"picked":"Singing Bowl","floor":37},{"not_picked":["Rampage+1","Clash"],"picked":"Sentinel+1","floor":39},{"not_picked":["Anger","Body Slam","Pummel"],"picked":"Singing Bowl","floor":40},{"not_picked":["Double Tap+1","Headbutt"],"picked":"Pommel Strike","floor":41},{"not_picked":["Havoc+1","Inflame+1"],"picked":"Shrug It Off+1","floor":44},{"not_picked":["Searing Blow+1","Headbutt","Clash"],"picked":"Singing Bowl","floor":45},{"not_picked":["Warcry+1","Flex+1","Iron Wave"],"picked":"Singing Bowl","floor":46},{"not_picked":["Fire Breathing","Perfected Strike"],"picked":"Havoc+1","floor":47}],"player_experience":408576,"relics_obtained":[{"floor":6,"key":"Orichalcum"},{"floor":8,"key":"Vajra"},{"floor":9,"key":"Bag of Preparation"},{"floor":11,"key":"Singing Bowl"},{"floor":26,"key":"Toxic Egg 2"},{"floor":29,"key":"Bronze Scales"},{"floor":43,"key":"PreservedInsect"},{"floor":46,"key":"Peace Pipe"},{"floor":48,"key":"Lantern"}],"event_choices":[{"damage_healed":0,"gold_gain":0,"player_choice":"Success","damage_taken":11,"relics_obtained":["War Paint"],"max_hp_gain":0,"max_hp_loss":0,"event_name":"Scrap Ooze","floor":2,"gold_loss":0},{"damage_healed":0,"gold_gain":0,"player_choice":"Bought 1 Potion","damage_taken":0,"max_hp_gain":0,"max_hp_loss":0,"event_name":"The Woman in Blue","floor":14,"gold_loss":0},{"damage_healed":0,"gold_gain":0,"player_choice":"Inject Mutagens","damage_taken":0,"relics_obtained":["MutagenicStrength"],"max_hp_gain":0,"max_hp_loss":0,"event_name":"Drug Dealer","floor":28,"gold_loss":0},{"damage_healed":0,"gold_gain":0,"player_choice":"0 cards matched","damage_taken":0,"max_hp_gain":0,"max_hp_loss":0,"event_name":"Match and Keep!","floor":38,"gold_loss":0,"cards_obtained":[]},{"damage_healed":0,"gold_gain":0,"player_choice":"Fight","damage_taken":0,"max_hp_gain":0,"max_hp_loss":0,"event_name":"Mysterious Sphere","floor":46,"gold_loss":0},{"damage_healed":0,"gold_gain":0,"player_choice":"Relic","damage_taken":0,"max_hp_gain":0,"max_hp_loss":0,"event_name":"Wheel of Change","floor":48,"gold_loss":0}],"is_beta":false,"boss_relics":[{"not_picked":["Runic Dome","Busted Crown"],"picked":"Ectoplasm"},{"not_picked":["Eternal Feather","Orrery"],"picked":"Mark of Pain"}],"items_purged_floors":[],"is_endless":false,"potions_floor_spawned":[3,5,11,19,21,22,27,29,31,35,39,44,47],"ascension_level":15}