{"gold_per_floor":[110,130,130,144,26,26,53,53],"floor_reached":8,"playtime":313,"items_purged":[],"score":64,"play_id":"390d657e-d05f-4513-91e0-faa54b5c530d","local_time":"20190522200142","is_ascension_mode":true,"campfire_choices":[{"data":"Noxious Fumes","floor":6,"key":"SMITH"}],"neow_cost":"NONE","seed_source_timestamp":6025863059400,"circlet_count":0,"master_deck":["Defend_G","Defend_G","Defend_G","Defend_G","Defend_G","Strike_G","Strike_G","Strike_G","Strike_G","Survivor","Neutralize","Blade Dance","Cloak And Dagger","Storm of Steel","Distraction","Noxious Fumes+1","PiercingWail","Catalyst"],"relics":["Ring of the Snake","NeowsBlessing","Regal Pillow"],"potions_floor_usage":[7,8],"damage_taken":[{"damage":0,"enemies":"Cultist","floor":1,"turns":1},{"damage":0,"enemies":"2 Louse","floor":2,"turns":1},{"damage":0,"enemies":"Small Slimes","floor":4,"turns":1},{"damage":48,"enemies":"Gremlin Nob","floor":7,"turns":5},{"damage":22,"enemies":"Exordium Wildlife","floor":8,"turns":3}],"seed_played":"-1064480192034413275","potions_obtained":[{"floor":1,"key":"FearPotion"},{"floor":2,"key":"SneckoOil"}],"is_trial":false,"path_per_floor":["M","M","?","M","$","R","E","M"],"character_chosen":"THE_SILENT","items_purchased":["Noxious Fumes","PiercingWail"],"campfire_rested":0,"item_purchase_floors":[5,5],"current_hp_per_floor":[70,70,70,70,70,70,22,0],"gold":53,"neow_bonus":"THREE_ENEMY_KILL","is_prod":false,"is_daily":false,"chose_seed":false,"campfire_upgraded":1,"win_rate":0,"timestamp":1558548102,"path_taken":["M","?","?","M","$","R","E","M"],"build_version":"2019-01-23","purchased_purges":0,"victory":false,"max_hp_per_floor":[70,70,70,70,70,70,70,70],"card_choices":[{"not_picked":["Riddle With Holes","Bane"],"picked":"Blade Dance","floor":1},{"not_picked":["Distraction","Dagger Spray"],"picked":"Cloak And Dagger","floor":2},{"not_picked":["Dagger Spray","Deadly Poison"],"picked":"Distraction","floor":4},{"not_picked":["Poisoned Stab","Underhanded Strike"],"picked":"Catalyst","floor":7}],"player_experience":334378,"relics_obtained":[{"floor":7,"key":"Regal Pillow"}],"event_choices":[{"damage_healed":0,"gold_gain":0,"cards_transformed":["Strike_G"],"player_choice":"Transformed","damage_taken":0,"max_hp_gain":0,"max_hp_loss":0,"event_name":"Transmorgrifier","floor":3,"gold_loss":0,"cards_obtained":["Storm of Steel"]}],"is_beta":false,"boss_relics":[],"items_purged_floors":[],"is_endless":false,"potions_floor_spawned":[1,2],"killed_by":"Exordium Wildlife","ascension_level":3}