{"path_per_floor":["M","M","M","?","?","E","R","E","T","R","E","M","E","M","R","B",null,"M","?","M","?","$"],"character_chosen":"IRONCLAD","items_purchased":["Ginger","Strawberry"],"gold_per_floor":[117,135,147,147,147,174,174,206,236,236,265,283,309,324,324,426,426,436,436,451,451,16,16],"floor_reached":23,"campfire_rested":3,"playtime":1299,"current_hp_per_floor":[80,80,76,76,80,49,73,49,49,73,35,31,29,19,58,22,80,62,62,36,36,43,0],"items_purged":[],"gold":16,"score":252,"play_id":"dd4ddd09-410f-4ce4-a951-a8a3d1ec14d1","local_time":"20180405023758","is_prod":false,"is_daily":false,"is_ascension_mode":true,"campfire_upgraded":0,"timestamp":1522885078,"path_taken":["M","M","M","?","?","E","R","E","T","R","E","M","E","M","R","BOSS","M","?","M","?","$","E"],"build_version":"2018-04-03","purchased_purges":0,"victory":false,"master_deck":["Strike_R","Strike_R","Strike_R","Strike_R","Strike_R","Defend_R","Defend_R","Defend_R","Defend_R","Bash","Seeing Red","Evolve","Battle Trance","Jack Of All Trades","Double Tap","Inflame","Sword Boomerang","Inflame","Shrug It Off","Carnage","Wild Strike","Cleave+1","Carnage","Wild Strike"],"max_hp_per_floor":[80,80,80,80,80,80,80,80,80,80,80,80,80,80,80,80,80,80,80,80,80,87,87],"relics":["Black Blood","Bottled Tornado","Tiny Chest","Regal Pillow","Prayer Wheel","Nloth\u0027s Gift","Ginger","Strawberry"],"card_choices":[{"not_picked":["Thunderclap","Juggernaut"],"picked":"Seeing Red","floor":1},{"not_picked":["Heavy Blade","Havoc"],"picked":"Evolve","floor":2},{"not_picked":["Sword Boomerang","Perfected Strike"],"picked":"Battle Trance","floor":3},{"not_picked":["Flex","Anger"],"picked":"Inflame","floor":6},{"not_picked":["Clothesline","Headbutt"],"picked":"Sword Boomerang","floor":8},{"not_picked":["Juggernaut","Clash"],"picked":"Inflame","floor":11},{"not_picked":["Heavy Blade","Sentinel"],"picked":"Shrug It Off","floor":12},{"not_picked":["Havoc","Dropkick"],"picked":"Carnage","floor":13},{"not_picked":["Entrench","True Grit"],"picked":"Wild Strike","floor":14},{"not_picked":["Sword Boomerang","Clothesline"],"picked":"Cleave","floor":18},{"not_picked":["Pommel Strike","Cleave"],"picked":"Wild Strike","floor":20}],"player_experience":183410,"potions_floor_usage":[6,6,6,12,16,20,23],"damage_taken":[{"damage":1,"enemies":"Cultist","floor":1,"turns":3},{"damage":0,"enemies":"Small Slimes","floor":2,"turns":3},{"damage":10,"enemies":"2 Louse","floor":3,"turns":3},{"damage":43,"enemies":"Lagavulin","floor":6,"turns":9},{"damage":30,"enemies":"3 Sentries","floor":8,"turns":9},{"damage":44,"enemies":"Lagavulin","floor":11,"turns":7},{"damage":10,"enemies":"Gremlin Gang","floor":12,"turns":3},{"damage":8,"enemies":"Gremlin Nob","floor":13,"turns":3},{"damage":16,"enemies":"Large Slime","floor":14,"turns":5},{"damage":42,"enemies":"The Guardian","floor":16,"turns":7},{"damage":28,"enemies":"2 Thieves","floor":18,"turns":3},{"damage":48,"enemies":"Shell Parasite","floor":20,"turns":6},{"damage":49,"enemies":"Slavers","floor":23,"turns":3}],"event_choices":[{"event_name":"Match and Keep!","player_choice":"2 cards matched","floor":4,"damage_taken":0},{"event_name":"Wheel of Change","player_choice":"Full Heal","floor":5,"damage_taken":0},{"event_name":"Duplicator","player_choice":"One dupe","floor":19,"damage_taken":0},{"event_name":"N\u0027loth","player_choice":"Traded a Dodecahedron","floor":21,"damage_taken":0}],"boss_relics":[{"not_picked":["Orrery","Velvet Choker"],"picked":"Black Blood"}],"potions_floor_spawned":[1,3,11,12,16,18],"seed_played":"-4270272480559812441","killed_by":"Slavers","ascension_level":3,"is_trial":false}