{"path_per_floor":["M","M","M","M","?","M","?","R","T","E","$","?","R","M","R","B",null,"M","$","M","M","?","R","M","R","T","M"],"character_chosen":"THE_SILENT","items_purchased":["Molten Egg 2","Infinite Blades","Flying Knee+1","Slice+1","Deadly Poison"],"gold_per_floor":[110,128,143,161,236,253,253,253,253,287,12,12,12,29,29,127,127,143,16,33,48,48,48,67,67,90,109,109],"floor_reached":28,"campfire_rested":4,"playtime":2849,"item_purchase_floors":[11,11,19,19,19],"current_hp_per_floor":[69,66,66,60,49,46,34,55,55,39,39,56,70,70,70,34,70,29,29,6,15,15,36,17,38,38,13,0],"items_purged":[],"gold":109,"score":222,"play_id":"a58cbd87-f655-4f23-8ed9-d41bc8cd6665","local_time":"20180603033816","is_prod":false,"is_daily":false,"chose_seed":false,"is_ascension_mode":false,"campfire_upgraded":1,"win_rate":0.0,"timestamp":1527989896,"campfire_choices":[{"floor":8,"key":"REST"},{"floor":13,"key":"REST"},{"data":"Infinite Blades","floor":15,"key":"SMITH"},{"floor":23,"key":"REST"},{"floor":25,"key":"REST"}],"path_taken":["M","?","M","M","?","M","?","R","T","E","$","?","R","?","R","BOSS","M","$","?","M","?","R","M","R","T","M","M"],"build_version":"2018-05-31","seed_source_timestamp":41407074396374,"purchased_purges":0,"victory":false,"master_deck":["Defend_G","Defend_G","Defend_G","Defend_G","Defend_G","Strike_G","Strike_G","Strike_G","Strike_G","Strike_G","Survivor","Neutralize","Deadly Poison","Bane","Terror","Backstab","PiercingWail","Venomology","Infinite Blades+1","Parasite","Leg Sweep","Corpse Explosion+1","All Out Attack+1","Flying Knee+1","Slice+1","Deadly Poison","Quick Slash+1","Well Laid Plans","Deflect","Flying Knee+1"],"max_hp_per_floor":[70,70,70,70,70,70,70,70,70,70,70,70,70,70,70,70,70,70,70,70,70,70,70,70,70,70,70,70],"relics":["Ring of the Snake","Dodecahedron","Mummified Hand","Bottled Flame","Molten Egg 2","Lizard Tail","Pen Nib"],"card_choices":[{"not_picked":["Prepared","Reflex"],"picked":"Deadly Poison","floor":1},{"not_picked":["Poisoned Stab","Deflect"],"picked":"Bane","floor":2},{"not_picked":["Tactician","Choke"],"picked":"Terror","floor":3},{"not_picked":["Escape Plan","Infinite Blades"],"picked":"Backstab","floor":4},{"not_picked":["Reflex","Underhanded Strike"],"picked":"PiercingWail","floor":6},{"not_picked":["Prepared","Skewer"],"picked":"Venomology","floor":10},{"not_picked":["Blade Dance","Prepared"],"picked":"Leg Sweep","floor":14},{"not_picked":["Unload+1","Burst"],"picked":"Corpse Explosion+1","floor":16},{"not_picked":["Outmaneuver","Dodge and Roll"],"picked":"All Out Attack+1","floor":18},{"not_picked":["Infinite Blades+1","Caltrops+1"],"picked":"Quick Slash+1","floor":20},{"not_picked":["Endless Agony+1","Quick Slash+1"],"picked":"Well Laid Plans","floor":21},{"not_picked":["Escape Plan","Deadly Poison+1"],"picked":"Deflect","floor":24},{"not_picked":["Reflex","Acrobatics"],"picked":"Flying Knee+1","floor":27}],"player_experience":36590,"potions_floor_usage":[10,10,14,16,16,16,16,18,20,21,21,24,27,27,28],"damage_taken":[{"damage":1,"enemies":"Cultist","floor":1,"turns":4},{"damage":3,"enemies":"Small Slimes","floor":2,"turns":3},{"damage":0,"enemies":"2 Louse","floor":3,"turns":3},{"damage":6,"enemies":"Blue Slaver","floor":4,"turns":4},{"damage":3,"enemies":"2 Fungi Beasts","floor":6,"turns":4},{"damage":16,"enemies":"Lagavulin","floor":10,"turns":7},{"damage":0,"enemies":"Large Slime","floor":14,"turns":6},{"damage":45,"enemies":"Slime Boss","floor":16,"turns":17},{"damage":41,"enemies":"Spheric Guardian","floor":18,"turns":6},{"damage":23,"enemies":"Chosen","floor":20,"turns":5},{"damage":30,"enemies":"Slaver and Parasite","floor":21,"turns":9},{"damage":19,"enemies":"Chosen and Byrds","floor":24,"turns":6},{"damage":25,"enemies":"Centurion and Healer","floor":27,"turns":8},{"damage":16,"enemies":"Slaver and Parasite","floor":28,"turns":2}],"relics_obtained":[{"floor":9,"key":"Mummified Hand"},{"floor":10,"key":"Bottled Flame"},{"floor":26,"key":"Pen Nib"}],"event_choices":[{"event_name":"World of Goop","player_choice":"Gather Gold","floor":5,"damage_taken":0},{"event_name":"Scrap Ooze","player_choice":"success","floor":7,"damage_taken":12},{"event_name":"Mushrooms","player_choice":"Healed and dodged fight","floor":12,"damage_taken":0},{"event_name":"Drug Dealer","player_choice":"Ignored","floor":22,"damage_taken":0}],"boss_relics":[{"not_picked":["Tiny House","Philosopher\u0027s Stone"],"picked":"Lizard Tail"}],"items_purged_floors":[],"potions_floor_spawned":[2,4,10,14,20,24,27],"seed_played":"-4454909629976404440","killed_by":"Slaver and Parasite","ascension_level":0,"potions_obtained":[{"floor":4,"key":"Ancient Potion"},{"floor":10,"key":"Block Potion"},{"floor":14,"key":"FearPotion"},{"floor":20,"key":"Swift Potion"},{"floor":24,"key":"GhostInAJar"},{"floor":27,"key":"FearPotion"}],"is_trial":false}