{"gold_per_floor":[118,118,137,90,110,139,139,139,186,219,219,230,230,240,240,343,343,357,272,8,8,25,52,52,83,109,109],"floor_reached":27,"playtime":1161,"items_purged":[],"score":272,"play_id":"4ec57cea-e6c8-471d-8058-4ee99698d743","local_time":"20180818030628","is_ascension_mode":true,"campfire_choices":[{"floor":7,"key":"REST"},{"floor":11,"key":"REST"},{"floor":13,"key":"REST"},{"data":"Genetic Algorithm","floor":15,"key":"SMITH"},{"floor":24,"key":"REST"}],"neow_cost":"PERCENT_DAMAGE","seed_source_timestamp":22457835808041,"circlet_count":0,"master_deck":["Strike_B","Strike_B","Strike_B","Strike_B","Defend_B","Defend_B","Defend_B","Defend_B","Zap","Go for the Eyes","Capacitor","Beam Cell","Sweeping Beam","Auto Shields","Hologram","Go for the Eyes","Genetic Algorithm+1","Seek","Self Repair","Panache","Glacier","Rebound","Barrage","Gash","BootSequence"],"relics":["Cracked Core","Oddly Smooth Stone","Vajra","Pantograph","Sozu","Regal Pillow","Singing Bowl","Juzu Bracelet","Art of War"],"potions_floor_usage":[6,10,10,16,16,16,18],"damage_taken":[{"damage":6,"enemies":"Jaw Worm","floor":1,"turns":3},{"damage":1,"enemies":"Cultist","floor":3,"turns":3},{"damage":12,"enemies":"2 Louse","floor":5,"turns":3},{"damage":39,"enemies":"3 Sentries","floor":6,"turns":6},{"damage":10,"enemies":"Gremlin Nob","floor":10,"turns":4},{"damage":7,"enemies":"Exordium Thugs","floor":12,"turns":3},{"damage":1,"enemies":"Lots of Slimes","floor":14,"turns":4},{"damage":22,"enemies":"Slime Boss","floor":16,"turns":7},{"damage":11,"enemies":"Spheric Guardian","floor":18,"turns":4},{"damage":16,"enemies":"Chosen","floor":22,"turns":7},{"damage":57,"enemies":"Slavers","floor":23,"turns":7},{"damage":35,"enemies":"Gremlin Leader","floor":25,"turns":6},{"damage":39,"enemies":"Slavers","floor":27,"turns":4}],"seed_played":"2726396062329135092","potions_obtained":[{"floor":1,"key":"Ancient Potion"},{"floor":8,"key":"LiquidBronze"},{"floor":8,"key":"Swift Potion"},{"floor":8,"key":"Poison Potion"},{"floor":12,"key":"AttackPotion"},{"floor":14,"key":"Regen Potion"},{"floor":16,"key":"Weak Potion"}],"is_trial":false,"path_per_floor":["M","?","M","$","M","E","R","?","T","E","R","M","R","M","R","B",null,"M","?","$","?","M","E","R","E","T"],"character_chosen":"DEFECT","items_purchased":["Beam Cell","Panache","Glacier"],"campfire_rested":4,"item_purchase_floors":[4,20,20],"current_hp_per_floor":[59,59,58,58,46,7,33,33,33,23,49,42,68,67,67,79,89,78,78,78,78,69,19,60,32,32,0],"gold":109,"neow_bonus":"TWENTY_PERCENT_HP_BONUS","is_prod":false,"is_daily":false,"chose_seed":false,"campfire_upgraded":1,"win_rate":0,"timestamp":1534554388,"path_taken":["M","?","?","?","M","E","R","?","T","E","R","M","R","M","R","BOSS","M","?","$","?","M","E","R","E","T","E"],"build_version":"2018-08-16","purchased_purges":0,"victory":false,"max_hp_per_floor":[89,89,89,89,89,89,89,89,89,89,89,89,89,89,89,89,89,89,89,89,89,89,89,89,89,89,89],"card_choices":[{"not_picked":["Reinforced Body","Doom and Gloom"],"picked":"Go for the Eyes","floor":1},{"not_picked":["Storm","Sweeping Beam"],"picked":"Capacitor","floor":3},{"not_picked":["Stack","Cold Snap"],"picked":"Sweeping Beam","floor":5},{"not_picked":["Consume","Force Field"],"picked":"Auto Shields","floor":6},{"not_picked":["Hello World","Steam"],"picked":"Hologram","floor":10},{"not_picked":["Beam Cell","Steam"],"picked":"Go for the Eyes","floor":12},{"not_picked":["Streamline","Heatsinks"],"picked":"Genetic Algorithm","floor":14},{"not_picked":["Thunder Strike","Creative AI"],"picked":"Seek","floor":16},{"not_picked":["Barrage","Genetic Algorithm"],"picked":"Self Repair","floor":18},{"not_picked":["Sweeping Beam","Compile Driver"],"picked":"Barrage","floor":22},{"not_picked":["Rebound","Seek"],"picked":"Gash","floor":23},{"not_picked":["Lockon+1","Tempest"],"picked":"BootSequence","floor":25}],"player_experience":154510,"relics_obtained":[{"floor":6,"key":"Oddly Smooth Stone"},{"floor":9,"key":"Vajra"},{"floor":10,"key":"Pantograph"},{"floor":23,"key":"Singing Bowl"},{"floor":25,"key":"Juzu Bracelet"},{"floor":26,"key":"Art of War"}],"event_choices":[{"event_name":"Bonfire Elementals","player_choice":"BASIC","floor":2,"damage_taken":0},{"event_name":"The Lab","player_choice":"Got Potions","floor":8,"damage_taken":0},{"event_name":"Addict","player_choice":"Obtained Relic","floor":19,"damage_taken":0},{"event_name":"Match and Keep!","player_choice":"1 cards matched","floor":21,"damage_taken":0}],"is_beta":false,"boss_relics":[{"not_picked":["White Beast Statue","Cursed Key"],"picked":"Sozu"}],"items_purged_floors":[],"is_endless":false,"potions_floor_spawned":[1,12,14,16,23,25],"killed_by":"Slavers","ascension_level":1}