{"gold_per_floor":[109,109,129,144,157,183,183,208,234,248,278,288,315,335,335,438,438,449,464,496,0,15,49,49,80,107,136,146,146,26,37,37,141,141,156,156,3,23,23,23,36,36,36,36,36,61,72,72,72,72],"floor_reached":51,"playtime":3111,"items_purged":[],"score":855,"play_id":"3995d50e-65a0-469e-b217-2a33e89fa951","local_time":"20180702194428","is_ascension_mode":true,"campfire_choices":[{"data":"Uppercut","floor":7,"key":"SMITH"},{"data":"Armaments","floor":15,"key":"SMITH"},{"data":"Limit Break","floor":24,"key":"SMITH"},{"data":"Spot Weakness","floor":32,"key":"SMITH"},{"data":"Armaments","floor":40,"key":"SMITH"},{"floor":45,"key":"REST"},{"data":"Armaments","floor":49,"key":"SMITH"}],"neow_cost":"CURSE","seed_source_timestamp":3547727472841,"circlet_count":0,"master_deck":["Strike_R","Strike_R","Strike_R","Strike_R","Defend_R","Defend_R+1","Defend_R+1","Defend_R","Bash","Pommel Strike","Sword Boomerang","Thunderclap","Shrug It Off","Uppercut+1","Armaments+1","Whirlwind","Rampage","Sword Boomerang","Uppercut","Inflame","Limit Break+1","True Grit","Havoc+1","Spot Weakness+1","Armaments+1","Rage","Limit Break+1","Rage","Blood for Blood+1","Armaments+1","Pommel Strike","Barricade+1","Fire Breathing+1","Pummel+1","Infernal Blade","Madness","Madness","Sentinel+1","Ghostly Armor+1"],"relics":["Burning Blood","Thread and Needle","Sundial","Happy Flower","Orichalcum","Lantern","Blood Vial","Velvet Choker","Red Mask","Shuriken","Kunai","Mango","Ginger","War Paint","Bag of Marbles","Runic Pyramid","Boot","Torii","Pen Nib"],"potions_floor_usage":[8,8,11,16,16,18,23,33,33,33,41,46,50],"damage_taken":[{"damage":0,"enemies":"Cultist","floor":1,"turns":3},{"damage":0,"enemies":"Small Slimes","floor":3,"turns":4},{"damage":0,"enemies":"2 Louse","floor":4,"turns":3},{"damage":7,"enemies":"2 Fungi Beasts","floor":5,"turns":3},{"damage":12,"enemies":"3 Sentries","floor":6,"turns":9},{"damage":19,"enemies":"Lagavulin","floor":8,"turns":7},{"damage":2,"enemies":"Red Slaver","floor":10,"turns":3},{"damage":0,"enemies":"3 Sentries","floor":11,"turns":5},{"damage":0,"enemies":"3 Louse","floor":12,"turns":2},{"damage":5,"enemies":"Lagavulin","floor":13,"turns":5},{"damage":0,"enemies":"2 Fungi Beasts","floor":14,"turns":2},{"damage":30,"enemies":"The Guardian","floor":16,"turns":8},{"damage":0,"enemies":"3 Byrds","floor":18,"turns":3},{"damage":0,"enemies":"Shell Parasite","floor":19,"turns":2},{"damage":0,"floor":20,"turns":2},{"damage":4,"enemies":"Centurion and Healer","floor":22,"turns":3},{"damage":5,"enemies":"Slavers","floor":23,"turns":5},{"damage":6,"enemies":"Gremlin Leader","floor":25,"turns":6},{"damage":0,"enemies":"Book of Stabbing","floor":27,"turns":4},{"damage":10,"enemies":"Cultist and Chosen","floor":28,"turns":4},{"damage":4,"enemies":"3 Cultists","floor":31,"turns":5},{"damage":22,"enemies":"Collector","floor":33,"turns":7},{"damage":3,"enemies":"3 Darklings","floor":35,"turns":4},{"damage":18,"enemies":"3 Shapes","floor":38,"turns":1},{"damage":13,"enemies":"Sphere and 2 Shapes","floor":41,"turns":4},{"damage":9,"enemies":"Nemesis","floor":46,"turns":4},{"damage":0,"enemies":"3 Darklings","floor":47,"turns":5},{"damage":93,"enemies":"Donu and Deca","floor":50,"turns":9}],"seed_played":"6857196891858370917","potions_obtained":[{"floor":1,"key":"Poison Potion"},{"floor":6,"key":"PowerPotion"},{"floor":8,"key":"AttackPotion"},{"floor":12,"key":"Explosive Potion"},{"floor":13,"key":"LiquidBronze"},{"floor":14,"key":"Poison Potion"},{"floor":19,"key":"EssenceOfSteel"},{"floor":22,"key":"BloodPotion"},{"floor":28,"key":"SpeedPotion"},{"floor":31,"key":"Regen Potion"},{"floor":33,"key":"Ancient Potion"},{"floor":41,"key":"SkillPotion"},{"floor":46,"key":"Ancient Potion"}],"is_trial":false,"path_per_floor":["M","?","M","M","M","E","R","E","T","M","E","M","E","M","R","B",null,"M","M","?","$","M","E","R","E","T","E","M","?","$","M","R","B",null,"M","?","$","M","?","R","M","?","T","?","R","E","M","$","R","B"],"character_chosen":"IRONCLAD","items_purchased":["Shuriken","Kunai","Armaments","Ancient Potion","Boot"],"campfire_rested":1,"item_purchase_floors":[21,21,30,30,37],"current_hp_per_floor":[80,73,79,80,79,73,73,60,60,64,70,76,77,80,80,56,80,80,80,80,80,80,94,94,94,94,94,90,90,90,94,94,90,94,94,94,94,82,82,82,77,77,77,65,93,91,94,94,94,7],"gold":72,"neow_bonus":"ONE_RARE_RELIC","is_prod":false,"is_daily":false,"chose_seed":false,"campfire_upgraded":6,"win_rate":0,"timestamp":1530553468,"path_taken":["M","?","?","M","M","E","R","E","T","M","E","M","E","M","R","BOSS","M","M","?","$","?","E","R","E","T","E","?","?","$","M","R","BOSS","M","?","$","M","?","R","M","?","T","?","R","E","?","$","R","BOSS"],"build_version":"2018-06-28","purchased_purges":0,"victory":true,"max_hp_per_floor":[80,80,80,80,80,80,80,80,80,80,80,80,80,80,80,80,80,80,80,80,80,80,94,94,94,94,94,94,94,94,94,94,94,94,94,94,94,94,94,94,94,94,94,94,94,94,94,94,94,94],"card_choices":[{"not_picked":["Clash","Intimidate"],"picked":"Pommel Strike","floor":1},{"not_picked":["Combust","Carnage"],"picked":"Sword Boomerang","floor":3},{"not_picked":["Blood for Blood","Searing Blow"],"picked":"Thunderclap","floor":4},{"not_picked":["Havoc","Thunderclap"],"picked":"Shrug It Off","floor":5},{"not_picked":["Anger","Flex"],"picked":"Uppercut","floor":6},{"not_picked":["Rage","Pommel Strike"],"picked":"Armaments","floor":8},{"not_picked":["Anger","Heavy Blade"],"picked":"Whirlwind","floor":10},{"not_picked":["Evolve","Twin Strike"],"picked":"Rampage","floor":11},{"not_picked":["Havoc","Twin Strike"],"picked":"Sword Boomerang","floor":12},{"not_picked":["Pummel","Berserk"],"picked":"Uppercut","floor":13},{"not_picked":["Shrug It Off","Dual Wield"],"picked":"Inflame","floor":14},{"not_picked":["Juggernaut","Offering"],"picked":"Limit Break","floor":16},{"not_picked":["Body Slam","Heavy Blade"],"picked":"True Grit","floor":18},{"not_picked":["Perfected Strike","Clash"],"picked":"Havoc+1","floor":19},{"not_picked":["Heavy Blade","Anger"],"picked":"Spot Weakness","floor":20},{"not_picked":["Heavy Blade","Flex"],"picked":"Armaments","floor":22},{"not_picked":["Sword Boomerang","Iron Wave"],"picked":"Rage","floor":23},{"not_picked":["Entrench","Disarm+1"],"picked":"Limit Break","floor":25},{"not_picked":["Warcry","Intimidate"],"picked":"Rage","floor":27},{"not_picked":["Intimidate+1","Twin Strike"],"picked":"Blood for Blood+1","floor":28},{"not_picked":["True Grit","Cleave"],"picked":"Pommel Strike","floor":31},{"not_picked":["Exhume","Feed"],"picked":"Barricade","floor":33},{"not_picked":["Twin Strike+1","Clash+1"],"picked":"Fire Breathing+1","floor":35},{"not_picked":["Inflame","Body Slam+1"],"picked":"Pummel+1","floor":38},{"not_picked":["Perfected Strike+1","Inflame"],"picked":"Infernal Blade","floor":41},{"not_picked":["Anger","Clash+1"],"picked":"Sentinel+1","floor":46},{"not_picked":["Flame Barrier+1","Anger"],"picked":"Ghostly Armor+1","floor":47}],"player_experience":134673,"relics_obtained":[{"floor":6,"key":"Sundial"},{"floor":8,"key":"Happy Flower"},{"floor":9,"key":"Orichalcum"},{"floor":11,"key":"Lantern"},{"floor":13,"key":"Blood Vial"},{"floor":20,"key":"Red Mask"},{"floor":23,"key":"Mango"},{"floor":25,"key":"Ginger"},{"floor":26,"key":"War Paint"},{"floor":27,"key":"Bag of Marbles"},{"floor":43,"key":"Torii"},{"floor":46,"key":"Pen Nib"}],"event_choices":[{"event_name":"Golden Wing","player_choice":"Card Removal","floor":2,"damage_taken":0},{"event_name":"Masked Bandits","player_choice":"Fought over 464 gold","floor":20,"damage_taken":0},{"event_name":"Accursed Blacksmith","player_choice":"Forge","floor":29,"damage_taken":0},{"event_name":"Upgrade Shrine","player_choice":"Upgraded","floor":36,"damage_taken":0},{"event_name":"Purifier","player_choice":"One Purge","floor":39,"damage_taken":0},{"event_name":"Tomb of Lord Red Mask","player_choice":"Ignored","floor":42,"damage_taken":0},{"event_name":"Winding Halls","player_choice":"Embrace Madness","floor":44,"damage_taken":0}],"boss_relics":[{"not_picked":["Empty Cage","Fusion Hammer"],"picked":"Velvet Choker"},{"not_picked":["Snecko Eye","Black Blood"],"picked":"Runic Pyramid"}],"items_purged_floors":[],"is_endless":false,"potions_floor_spawned":[1,6,8,12,13,14,19,22,28,31,33,41,46],"ascension_level":1}