{"path_per_floor":["M","?","$","?","M","E","M","R","T","E","M","E","?","T","R","B",null,"M","$","?","?","M","E","R","?","T","E","M","$","?"],"character_chosen":"DEFECT","items_purchased":["Tiny Chest","Omamori","Blue Candle","Bandage Up","Hello World"],"gold_per_floor":[213,213,93,93,114,158,178,178,201,237,260,298,298,298,298,422,422,443,48,48,48,64,99,99,99,99,130,143,6,6,6],"floor_reached":31,"campfire_rested":3,"playtime":1506,"current_hp_per_floor":[75,72,72,54,53,21,14,36,36,14,14,11,29,29,51,17,75,53,53,53,53,52,24,47,47,47,45,20,20,20,0],"items_purged":[],"gold":6,"score":303,"play_id":"d7684451-58c4-4cc8-aabd-737aec6e8e50","local_time":"20180503045333","is_prod":false,"is_daily":false,"chose_seed":false,"is_ascension_mode":true,"campfire_upgraded":0,"timestamp":1525312413,"path_taken":["M","?","$","?","?","E","M","R","T","E","?","E","?","?","R","BOSS","M","$","?","?","M","E","R","?","T","E","?","$","?","M"],"build_version":"2018-05-01v2","seed_source_timestamp":130242923897086,"purchased_purges":0,"victory":false,"master_deck":["Strike_B","Strike_B","Strike_B","Strike_B","Defend_B","Defend_B","Defend_B","Defend_B","Zap","Dualcast","Impulse","Defragment","Sweeping Beam","Defragment","Ball Lightning","Storm","Parasite","Creative AI+1","Ball Lightning","Chaos+1","Bandage Up","Hello World+1"],"max_hp_per_floor":[75,75,75,75,75,75,75,75,75,75,75,75,75,75,75,75,75,75,75,75,75,75,77,77,77,77,79,81,81,81,81],"relics":["Cracked Core","Lantern","Tiny Chest","Bloody Idol","Mummified Hand","Bag of Marbles","Singing Bowl","Ginger","Frozen Egg 2","Lizard Tail","Omamori","Blue Candle","Girya","Molten Egg 2","Letter Opener","Bag of Preparation"],"card_choices":[{"not_picked":["Hologram","Darkness"],"picked":"Impulse","floor":1},{"not_picked":["Machine Learning","Axe Kick"],"picked":"Defragment","floor":6},{"not_picked":["Turbo","Stack"],"picked":"Sweeping Beam","floor":7},{"not_picked":["Beam Cell","Cold Snap"],"picked":"Defragment","floor":10},{"not_picked":["Capacitor","Gash"],"picked":"Ball Lightning","floor":11},{"not_picked":["Hologram","Echo Form"],"picked":"Storm","floor":12},{"not_picked":["Seek","Machine Learning"],"picked":"Creative AI","floor":16},{"not_picked":["Stack","Impulse"],"picked":"Ball Lightning","floor":18},{"not_picked":["Stack","Axe Kick"],"picked":"Chaos","floor":22}],"player_experience":207000,"potions_floor_usage":[10,12,16,27,27],"damage_taken":[{"damage":0,"enemies":"Small Slimes","floor":1,"turns":2},{"damage":1,"enemies":"Jaw Worm","floor":5,"turns":3},{"damage":32,"enemies":"Lagavulin","floor":6,"turns":8},{"damage":7,"enemies":"2 Louse","floor":7,"turns":2},{"damage":22,"enemies":"3 Sentries","floor":10,"turns":6},{"damage":0,"enemies":"Looter","floor":11,"turns":2},{"damage":3,"enemies":"Gremlin Nob","floor":12,"turns":3},{"damage":49,"enemies":"Hexaghost","floor":16,"turns":8},{"damage":22,"enemies":"Spheric Guardian","floor":18,"turns":4},{"damage":1,"enemies":"Chosen","floor":22,"turns":3},{"damage":30,"enemies":"Gremlin Leader","floor":23,"turns":6},{"damage":52,"enemies":"Book of Stabbing","floor":27,"turns":5},{"damage":32,"enemies":"Snake Plant","floor":28,"turns":3},{"damage":27,"enemies":"Chosen and Byrds","floor":31,"turns":3}],"event_choices":[{"event_name":"Scrap Ooze","player_choice":"success","floor":2,"damage_taken":3},{"event_name":"Golden Idol","player_choice":"Take Damage","floor":4,"damage_taken":0},{"event_name":"Mushrooms","player_choice":"Healed and dodged fight","floor":13,"damage_taken":0},{"event_name":"Drug Dealer","player_choice":"Ignored","floor":20,"damage_taken":0},{"event_name":"Ghosts","player_choice":"Ignored","floor":21,"damage_taken":0},{"event_name":"Forgotten Altar","player_choice":"Gave Idol","floor":25,"damage_taken":0},{"event_name":"The Mausoleum","player_choice":"Yes","floor":30,"damage_taken":0}],"boss_relics":[{"not_picked":["Eternal Feather","Astrolabe"],"picked":"Lizard Tail"}],"potions_floor_spawned":[5,7,12,22,23],"seed_played":"1202235545484338326","killed_by":"Chosen and Byrds","ascension_level":1,"is_trial":false}