{"path_per_floor":["M","?","?","$","?","R","E","R","T","E","$","?","M","?","R","B",null,"M","T","?","M","$","E","R","M","T","$","?","E","R","M","R","B",null,"M","$","M","M","M","E","R","E","T","$","M","M","?","E","R","B"],"character_chosen":"THE_SILENT","items_purchased":["Regal Pillow","Pen Nib","Letter Opener","Mango"],"gold_per_floor":[110,285,285,210,210,210,238,238,238,267,167,188,202,202,202,306,306,322,322,322,339,189,219,219,231,231,81,116,150,150,166,166,263,563,577,190,203,222,239,264,264,299,299,1,15,25,25,53,53,53],"floor_reached":51,"campfire_rested":4,"playtime":3831,"current_hp_per_floor":[70,70,70,70,70,70,51,51,51,47,47,47,47,47,70,70,75,61,61,45,45,45,37,75,70,70,70,70,70,70,70,70,4,59,38,38,38,47,47,41,77,81,81,95,95,95,95,35,80,9],"items_purged":["Regret","Doubt","Decay"],"gold":53,"score":1130,"play_id":"c85f17c2-d4c7-4237-864a-0c4c69966614","local_time":"20180414133020","is_prod":false,"is_daily":false,"chose_seed":false,"is_ascension_mode":true,"campfire_upgraded":4,"timestamp":1523701820,"path_taken":["M","?","?","$","?","R","E","R","T","E","$","?","M","?","R","BOSS","M","?","?","M","$","E","R","M","T","$","?","E","R","?","R","BOSS","M","$","M","M","M","E","R","E","T","$","M","M","?","E","R","BOSS"],"build_version":"2018-04-13","seed_source_timestamp":188853826496952,"purchased_purges":8,"victory":true,"master_deck":["Defend_G","Defend_G","Defend_G","Defend_G","Defend_G","Strike_G","Strike_G+1","Strike_G","Strike_G","Survivor","Neutralize+1","Caltrops+1","Unload+1","Dash+1","Slice","Sucker Punch","Phantasmal Killer+1","Quick Slash","Dagger Throw","PiercingWail+1","Phantasmal Killer+1","Writhe","Injury","Backflip+1","Distraction+1","Wraith Form v2","PiercingWail+1","Skewer+1","Flying Knee+1","Footwork","Flying Knee+1"],"max_hp_per_floor":[70,70,70,70,77,77,77,77,77,77,77,77,77,77,77,77,77,77,77,77,77,77,77,77,77,77,77,77,77,77,77,77,77,77,77,77,77,77,77,77,77,87,87,101,101,101,101,101,101,101],"relics":["Velvet Choker","Gremlin Horn","Strawberry","Gambling Chip","Ornamental Fan","Thread and Needle","Odd Mushroom","Black Star","Oddly Smooth Stone","Nilry\u0027s Codex","Regal Pillow","Ancient Tea Set","Whetstone","Anchor","Pen Nib","Red Mask","Molten Egg 2","Bottled Lightning","Calling Bell","Old Coin","Lantern","Happy Flower","Letter Opener","Matryoshka","Kunai","Pear","Mercury Hourglass","Bag of Marbles","Tough Bandages","Mango","Vajra","Omamori"],"card_choices":[{"not_picked":["Leg Sweep","Deadly Poison"],"picked":"Caltrops","floor":1},{"not_picked":["Finisher","Quick Slash"],"picked":"Unload","floor":7},{"not_picked":["Acrobatics","Dodge and Roll"],"picked":"Dash","floor":10},{"not_picked":["Deadly Poison","Bane"],"picked":"Slice","floor":12},{"not_picked":["Setup","Endless Agony"],"picked":"Sucker Punch","floor":13},{"not_picked":["Grand Finale","Bullet Time"],"picked":"Phantasmal Killer","floor":16},{"not_picked":["Deadly Poison","Acrobatics"],"picked":"Quick Slash","floor":25},{"not_picked":["Poisoned Stab","Eviscerate"],"picked":"Dagger Throw","floor":28},{"not_picked":["Noxious Fumes","Backflip"],"picked":"PiercingWail","floor":29},{"not_picked":["Doppelganger","Grand Finale"],"picked":"Phantasmal Killer","floor":33},{"not_picked":["Prepared","Riddle With Holes"],"picked":"Backflip","floor":35},{"not_picked":["Dodge and Roll","Expertise"],"picked":"Distraction","floor":37},{"not_picked":["Prepared","Cloak And Dagger"],"picked":"Wraith Form v2","floor":38},{"not_picked":["Well Laid Plans","Flying Knee"],"picked":"PiercingWail","floor":39},{"not_picked":["Bullet Time","Catalyst"],"picked":"Skewer","floor":40},{"not_picked":["Finisher","Acrobatics"],"picked":"Flying Knee","floor":42},{"not_picked":["Deadly Poison","Acrobatics"],"picked":"Footwork","floor":46},{"not_picked":["PiercingWail","Escape Plan"],"picked":"Flying Knee","floor":48}],"player_experience":189991,"potions_floor_usage":[7,23,25,38,50,50,50,50],"damage_taken":[{"damage":0,"enemies":"2 Louse","floor":1,"turns":3},{"damage":19,"enemies":"Lagavulin","floor":7,"turns":8},{"damage":4,"enemies":"Gremlin Nob","floor":10,"turns":4},{"damage":0,"enemies":"The Mushroom Lair","floor":12,"turns":3},{"damage":0,"enemies":"Small Slimes","floor":13,"turns":2},{"damage":0,"enemies":"Hexaghost","floor":16,"turns":9},{"damage":14,"enemies":"Spheric Guardian","floor":18,"turns":5},{"damage":0,"enemies":"3 Byrds","floor":21,"turns":4},{"damage":8,"enemies":"Slavers","floor":23,"turns":7},{"damage":5,"enemies":"Snecko","floor":25,"turns":5},{"damage":0,"enemies":"Masked Bandits","floor":28,"turns":2},{"damage":0,"enemies":"Book of Stabbing","floor":29,"turns":4},{"damage":0,"enemies":"3 Cultists","floor":31,"turns":4},{"damage":66,"enemies":"Automaton","floor":33,"turns":10},{"damage":21,"enemies":"3 Darklings","floor":35,"turns":6},{"damage":0,"enemies":"3 Shapes","floor":37,"turns":3},{"damage":0,"enemies":"3 Darklings","floor":38,"turns":4},{"damage":0,"enemies":"Spire Growth","floor":39,"turns":6},{"damage":6,"enemies":"Nemesis","floor":40,"turns":7},{"damage":6,"enemies":"2 Orb Walkers","floor":42,"turns":4},{"damage":0,"enemies":"Flame Bruiser 2 Orb","floor":45,"turns":4},{"damage":0,"enemies":"Sphere and 2 Shapes","floor":46,"turns":3},{"damage":60,"enemies":"Giant Head","floor":48,"turns":9},{"damage":86,"enemies":"Time Eater","floor":50,"turns":12}],"event_choices":[{"event_name":"Liars Game","player_choice":"agreed","floor":2,"damage_taken":0},{"event_name":"Big Fish","player_choice":"Box","floor":3,"damage_taken":0},{"event_name":"Scrap Ooze","player_choice":"success","floor":5,"damage_taken":7},{"event_name":"Mushrooms","player_choice":"Fought Mushrooms","floor":12,"damage_taken":0},{"event_name":"Purifier","player_choice":"One Purge","floor":14,"damage_taken":0},{"event_name":"Cursed Tome","player_choice":"Obtained Book","floor":20,"damage_taken":0},{"event_name":"Masked Bandits","player_choice":"Fought over 81 gold","floor":28,"damage_taken":0},{"event_name":"Upgrade Shrine","player_choice":"Upgraded","floor":47,"damage_taken":0}],"boss_relics":[{"not_picked":["Runic Dome","Philosopher\u0027s Stone"],"picked":"Black Star"},{"not_picked":["Cursed Key","White Beast Statue"],"picked":"Calling Bell"}],"potions_floor_spawned":[1,10,13,21,25,37,40,45,46],"seed_played":"6550588838014057891","ascension_level":5,"is_trial":false}