{"gold_per_floor":[19,39,39,14,26,59,69,103,103,103,179,212,257,275,275,349,349,362,362,3,13,33,33,51,51,125,155,3,18,51,51,51,51],"floor_reached":33,"playtime":4575,"items_purged":["Strike_G"],"score":610,"play_id":"a705847a-ffc1-4c46-96f0-dd75f41f99d3","local_time":"20190519122437","is_ascension_mode":true,"campfire_choices":[{"data":"Bouncing Flask","floor":15.0,"key":"SMITH"},{"floor":23.0,"key":"REST"},{"floor":25.0,"key":"REST"},{"floor":32.0,"key":"REST"}],"neow_cost":"NO_GOLD","seed_source_timestamp":4615067608300,"circlet_count":0,"master_deck":["AscendersBane","Defend_G","Defend_G","Defend_G","Defend_G","Defend_G","Strike_G","Survivor","Neutralize","Crippling Poison","Well Laid Plans","Poisoned Stab","Backflip","Reflex","Sucker Punch","Dagger Spray","Unload","Terror","Blur","Bouncing Flask+1","Dagger Throw","Adrenaline","Acrobatics","Deadly Poison","PiercingWail","Backstab","PiercingWail","Backflip","Neutralize","A Thousand Cuts"],"special_seed":0,"relics":["Ring of the Snake","Bird Faced Urn","Sundial","The Courier","Gremlin Horn","Centennial Puzzle","Fusion Hammer","Mercury Hourglass","Snake Skull","Mummified Hand","Tough Bandages","Ornamental Fan"],"potions_floor_usage":[],"damage_taken":[{"damage":0.0,"enemies":"Small Slimes","floor":1.0,"turns":4.0},{"damage":0.0,"enemies":"Cultist","floor":2.0,"turns":4.0},{"damage":0.0,"enemies":"2 Louse","floor":5.0,"turns":4.0},{"damage":18.0,"enemies":"3 Sentries","floor":6.0,"turns":9.0},{"damage":0.0,"enemies":"2 Fungi Beasts","floor":7.0,"turns":2.0},{"damage":10.0,"enemies":"Lagavulin","floor":8.0,"turns":5.0},{"damage":21.0,"enemies":"3 Sentries","floor":12.0,"turns":11.0},{"damage":2.0,"enemies":"Blue Slaver","floor":14.0,"turns":3.0},{"damage":10.0,"enemies":"The Guardian","floor":16.0,"turns":9.0},{"damage":5.0,"enemies":"2 Thieves","floor":18.0,"turns":4.0},{"damage":16.0,"enemies":"Spheric Guardian","floor":21.0,"turns":4.0},{"damage":15.0,"enemies":"Snecko","floor":22.0,"turns":5.0},{"damage":17.0,"enemies":"Shelled Parasite and Fungi","floor":24.0,"turns":4.0},{"damage":33.0,"enemies":"Slavers","floor":27.0,"turns":4.0},{"damage":0.0,"enemies":"Snake Plant","floor":29.0,"turns":2.0},{"damage":5.0,"enemies":"Book of Stabbing","floor":30.0,"turns":6.0},{"damage":59,"enemies":"Champ","floor":33,"turns":11}],"seed_played":"-2640935381201746243","potions_obtained":[{"floor":5.0,"key":"Explosive Potion"},{"floor":6.0,"key":"Fire Potion"},{"floor":7.0,"key":"Poison Potion"},{"floor":14.0,"key":"SpeedPotion"},{"floor":16.0,"key":"PowerPotion"},{"floor":21.0,"key":"Strength Potion"},{"floor":27.0,"key":"Regen Potion"},{"floor":30.0,"key":"SteroidPotion"}],"is_trial":false,"path_per_floor":["M","M","?","$","M","E","M","E","T","?","?","E","T","M","R","B",null,"M","?","$","M","M","R","M","R","T","E","$","M","E","?","R","B"],"character_chosen":"THE_SILENT","items_purchased":["Sucker Punch","Mercury Hourglass","Snake Skull","PiercingWail","Backflip"],"campfire_rested":3,"item_purchase_floors":[4,20,20,28,28],"current_hp_per_floor":[59,59,59,59,59,41,43,35,35,57,57,38,38,38,38,30,57,56,56,56,42,29,48,33,52,52,21,21,23,35,35,54,0],"gold":51,"neow_bonus":"TRANSFORM_TWO_CARDS","is_prod":false,"is_daily":false,"chose_seed":false,"campfire_upgraded":1,"win_rate":0,"timestamp":1558293877,"path_taken":["M","M","?","$","?","E","M","E","T","?","?","E","?","M","R","BOSS","M","?","?","?","?","R","M","R","T","E","?","M","E","?","R","BOSS"],"build_version":"2019-01-23","purchased_purges":1,"victory":false,"max_hp_per_floor":[66,66,66,66,66,66,66,66,66,66,66,66,66,66,66,66,66,66,66,66,66,66,66,66,66,66,66,66,66,66,66,66,66],"card_choices":[{"not_picked":["Cloak And Dagger","Endless Agony"],"picked":"Poisoned Stab","floor":1.0},{"not_picked":["Dodge and Roll","Crippling Poison"],"picked":"Backflip","floor":2.0},{"not_picked":["Backflip","Accuracy"],"picked":"Dagger Spray","floor":5.0},{"not_picked":["Blur","Quick Slash"],"picked":"Unload","floor":6.0},{"not_picked":["Underhanded Strike","Cloak And Dagger"],"picked":"Terror","floor":7.0},{"not_picked":["Slice","Terror"],"picked":"Blur","floor":8.0},{"not_picked":["Skewer","Slice"],"picked":"Bouncing Flask","floor":12.0},{"not_picked":["Quick Slash","Deflect"],"picked":"Dagger Throw","floor":14.0},{"not_picked":["A Thousand Cuts","Venomology"],"picked":"Adrenaline","floor":16.0},{"not_picked":["Underhanded Strike","Slice"],"picked":"Acrobatics","floor":18.0},{"not_picked":["Backstab","Prepared"],"picked":"PiercingWail","floor":21.0},{"not_picked":["Setup","Blade Dance"],"picked":"Backstab","floor":22.0},{"not_picked":["Tools of the Trade","Dodge and Roll","Sucker Punch"],"picked":"SKIP","floor":24.0},{"not_picked":["Blade Dance+1","Dash","Reflex"],"picked":"SKIP","floor":27.0},{"not_picked":["Dodge and Roll","Dagger Spray","Crippling Poison"],"picked":"SKIP","floor":29.0},{"not_picked":["Bullet Time","Endless Agony","Dagger Throw"],"picked":"SKIP","floor":30.0}],"player_experience":1390261,"relics_obtained":[{"floor":6.0,"key":"Bird Faced Urn"},{"floor":8.0,"key":"Sundial"},{"floor":9.0,"key":"The Courier"},{"floor":12.0,"key":"Gremlin Horn"},{"floor":13.0,"key":"Centennial Puzzle"},{"floor":26.0,"key":"Mummified Hand"},{"floor":27.0,"key":"Tough Bandages"},{"floor":30.0,"key":"Ornamental Fan"}],"event_choices":[{"damage_healed":0.0,"max_hp_gain":0.0,"max_hp_loss":0.0,"gold_gain":0.0,"cards_transformed":["Strike_G"],"event_name":"Transmorgrifier","player_choice":"Transformed","floor":3.0,"gold_loss":0.0,"damage_taken":0.0,"cards_obtained":["Reflex"]},{"damage_healed":22.0,"max_hp_gain":0.0,"max_hp_loss":0.0,"gold_gain":0.0,"event_name":"Big Fish","player_choice":"Banana","floor":10.0,"gold_loss":0.0,"damage_taken":0.0},{"damage_healed":0.0,"max_hp_gain":0.0,"max_hp_loss":0.0,"gold_gain":76.0,"event_name":"Golden Wing","player_choice":"Gained Gold","floor":11.0,"gold_loss":0.0,"damage_taken":0.0},{"damage_healed":0.0,"max_hp_gain":0.0,"max_hp_loss":0.0,"gold_gain":0.0,"event_name":"Match and Keep!","player_choice":"1 cards matched","floor":19.0,"gold_loss":0.0,"damage_taken":0.0,"cards_obtained":["Deadly Poison"]},{"damage_healed":0.0,"max_hp_gain":0.0,"max_hp_loss":0.0,"gold_gain":0.0,"event_name":"Match and Keep!","player_choice":"2 cards matched","floor":31.0,"gold_loss":0.0,"damage_taken":0.0,"cards_obtained":["Neutralize","A Thousand Cuts"]}],"is_beta":false,"boss_relics":[{"not_picked":["Black Star","Ring of the Serpent"],"picked":"Fusion Hammer"}],"items_purged_floors":[28],"is_endless":false,"potions_floor_spawned":[5,6,7,14,16,21,27,30],"killed_by":"Champ","ascension_level":20}