{"gold_per_floor":[118,118,118,129,147,147,167,167,179,206,15,15,28,10,10,110,110,126,145,145,145,160,160,179,11,34,54,74,74,91,111,111,111],"floor_reached":33,"playtime":1304,"items_purged":[],"score":389,"play_id":"10d5b12a-f010-4c6d-806e-2adeb1849b73","local_time":"20190511094336","is_ascension_mode":true,"campfire_choices":[{"floor":6,"key":"DIG"},{"floor":8,"key":"DIG"},{"floor":12,"key":"REST"},{"floor":15,"key":"REST"},{"floor":23,"key":"DIG"},{"floor":32,"key":"REST"}],"neow_cost":"NONE","seed_source_timestamp":1181749577147946,"circlet_count":0,"master_deck":["AscendersBane","Strike_B","Strike_B","Strike_B","Defend_B","Defend_B","Defend_B","Defend_B","Zap","Dualcast","Seek","Hologram","Double Energy","White Noise","Leap","Capacitor","Skim","Self Repair","Ball Lightning","Electrodynamics","BootSequence","Capacitor","Cold Snap","Seek","Tempest","Cold Snap","Fission","Defragment"],"relics":["Cracked Core","Shovel","Vajra","MawBank","The Courier","DataDisk","Sozu","Emotion Chip","Pen Nib"],"potions_floor_usage":[13,22],"damage_taken":[{"damage":7,"enemies":"Jaw Worm","floor":1,"turns":3},{"damage":6,"enemies":"2 Louse","floor":4,"turns":2},{"damage":0,"enemies":"Cultist","floor":5,"turns":3},{"damage":13,"enemies":"Looter","floor":7,"turns":4},{"damage":8,"enemies":"Blue Slaver","floor":10,"turns":3},{"damage":12,"enemies":"Red Slaver","floor":13,"turns":7},{"damage":47,"enemies":"Hexaghost","floor":16,"turns":9},{"damage":4,"enemies":"3 Byrds","floor":18,"turns":3},{"damage":9,"enemies":"Spheric Guardian","floor":19,"turns":4},{"damage":5,"enemies":"Snake Plant","floor":22,"turns":3},{"damage":0,"enemies":"3 Cultists","floor":24,"turns":3},{"damage":32,"enemies":"Snecko","floor":27,"turns":4},{"damage":9,"enemies":"Snake Plant","floor":28,"turns":3},{"damage":19,"enemies":"Cultist and Chosen","floor":30,"turns":5},{"damage":10,"enemies":"Sentry and Sphere","floor":31,"turns":5},{"damage":46,"enemies":"Automaton","floor":33,"turns":6}],"seed_played":"-1995996440092751949","potions_obtained":[{"floor":10,"key":"GamblersBrew"},{"floor":13,"key":"SteroidPotion"},{"floor":16,"key":"Explosive Potion"}],"is_trial":false,"path_per_floor":["M","?","?","M","M","R","M","R","T","M","$","R","M","$","R","B",null,"M","M","?","?","M","R","M","$","T","M","M","?","M","M","R","B"],"character_chosen":"DEFECT","items_purchased":["DataDisk","Capacitor","Skim","Ball Lightning","Seek","Tempest"],"campfire_rested":3,"item_purchase_floors":[11,11,11,14,25,25],"current_hp_per_floor":[61,54,54,48,48,48,35,35,35,27,27,49,37,37,59,19,61,64,62,62,62,64,64,64,64,64,39,37,37,18,15,37,0],"gold":111,"neow_bonus":"ONE_RANDOM_RARE_CARD","is_prod":false,"is_daily":false,"chose_seed":false,"campfire_upgraded":0,"win_rate":0,"timestamp":1557593016,"path_taken":["M","?","?","M","M","R","M","R","T","M","?","R","M","$","R","BOSS","M","?","?","?","?","R","M","?","T","M","M","?","M","M","R","BOSS"],"build_version":"2019-01-23","purchased_purges":0,"victory":false,"max_hp_per_floor":[75,75,75,75,75,75,75,75,75,75,75,75,75,75,75,75,75,75,75,75,75,75,75,75,75,75,75,75,75,75,75,75,75],"card_choices":[{"not_picked":["Beam Cell","Steam"],"picked":"Hologram","floor":1},{"not_picked":["Rebound","Skim"],"picked":"Double Energy","floor":4},{"not_picked":["Redo","Rebound"],"picked":"White Noise","floor":5},{"not_picked":["Auto Shields","Compile Driver"],"picked":"Leap","floor":7},{"not_picked":["Steam Power","Darkness","Force Field"],"picked":"SKIP","floor":10},{"not_picked":["Barrage","Stack"],"picked":"Self Repair","floor":13},{"not_picked":["Multi-Cast","Meteor Strike"],"picked":"Electrodynamics","floor":16},{"not_picked":["Capacitor","Tempest"],"picked":"BootSequence","floor":18},{"not_picked":["Go for the Eyes","Steam"],"picked":"Capacitor","floor":19},{"not_picked":["Beam Cell+1","BootSequence","Streamline"],"picked":"SKIP","floor":22},{"not_picked":["Leap","Loop"],"picked":"Cold Snap","floor":24},{"not_picked":["Go for the Eyes","Force Field"],"picked":"Cold Snap","floor":27},{"not_picked":["Steam Power","Barrage","Chaos"],"picked":"SKIP","floor":28},{"not_picked":["Hologram","Auto Shields+1"],"picked":"Fission","floor":30},{"not_picked":["Lockon","Turbo"],"picked":"Defragment","floor":31}],"player_experience":361569,"relics_obtained":[{"floor":6,"key":"Vajra"},{"floor":8,"key":"MawBank"},{"floor":9,"key":"The Courier"},{"floor":23,"key":"Emotion Chip"},{"floor":26,"key":"Pen Nib"}],"event_choices":[{"damage_healed":0,"gold_gain":0,"player_choice":"Success","damage_taken":7,"relics_obtained":["Shovel"],"max_hp_gain":0,"max_hp_loss":0,"event_name":"Scrap Ooze","floor":2,"gold_loss":0},{"damage_healed":0,"gold_gain":0,"player_choice":"Ignored","damage_taken":0,"max_hp_gain":0,"max_hp_loss":0,"event_name":"Liars Game","floor":3,"gold_loss":0},{"damage_healed":0,"gold_gain":0,"player_choice":"Ignored","damage_taken":0,"max_hp_gain":0,"max_hp_loss":0,"event_name":"Vampires","floor":20,"gold_loss":0},{"cards_removed":["Strike_B"],"damage_healed":0,"gold_gain":0,"player_choice":"Offered Basic","damage_taken":0,"max_hp_gain":0,"max_hp_loss":0,"event_name":"Bonfire Elementals","floor":21,"gold_loss":0}],"is_beta":false,"boss_relics":[{"not_picked":["Fusion Hammer","Busted Crown"],"picked":"Sozu"}],"items_purged_floors":[],"is_endless":false,"potions_floor_spawned":[10,13,16,18,19,24,30],"killed_by":"Automaton","ascension_level":12}