{"gold_per_floor":[111,211,211,226,239,239,251,251,275,225,243,263,274,285,285,388,388,408,420,232,232,246,246,304,304,304,314,314],"floor_reached":28,"playtime":1696,"items_purged":["Strike_B"],"score":234,"play_id":"925253ac-b72f-47c1-b990-9362433f5de0","local_time":"20181026204855","is_ascension_mode":false,"campfire_choices":[{"data":"Dualcast","floor":6,"key":"SMITH"},{"data":"Redo","floor":8,"key":"SMITH"},{"data":"Zap","floor":15,"key":"SMITH"},{"data":"Lockon","floor":25,"key":"SMITH"}],"neow_cost":"NONE","seed_source_timestamp":177487817054763,"circlet_count":0,"master_deck":["Strike_B","Strike_B","Defend_B","Defend_B","Defend_B","Defend_B","Zap+1","Dualcast+1","Barrage","Capacitor","Compile Driver","Ball Lightning","Redo+1","Glacier","Compile Driver","Compile Driver","Hologram+1","Cold Snap","Lockon+1","Aggregate+1","Fusion+1"],"relics":["Cracked Core","Art of War","Inserter","Vajra","Tiny Chest","Torii"],"potions_floor_usage":[7,22,28],"damage_taken":[{"damage":0,"enemies":"Cultist","floor":1,"turns":3},{"damage":5,"enemies":"Small Slimes","floor":4,"turns":3},{"damage":8,"enemies":"Jaw Worm","floor":5,"turns":4},{"damage":13,"enemies":"Lots of Slimes","floor":7,"turns":3},{"damage":8,"enemies":"Red Slaver","floor":11,"turns":3},{"damage":8,"enemies":"Exordium Thugs","floor":12,"turns":4},{"damage":0,"enemies":"3 Louse","floor":13,"turns":2},{"damage":0,"enemies":"Gremlin Gang","floor":14,"turns":3},{"damage":11,"enemies":"Slime Boss","floor":16,"turns":7},{"damage":4,"enemies":"Shell Parasite","floor":18,"turns":6},{"damage":11,"enemies":"Chosen","floor":19,"turns":5},{"damage":12,"enemies":"Snake Plant","floor":22,"turns":5},{"damage":54,"enemies":"Book of Stabbing","floor":24,"turns":7},{"damage":1,"enemies":"Centurion and Healer","floor":27,"turns":7},{"damage":6,"enemies":"Snecko","floor":28,"turns":4}],"seed_played":"4035978126810312661","potions_obtained":[{"floor":1,"key":"Regen Potion"},{"floor":7,"key":"Poison Potion"},{"floor":19,"key":"AttackPotion"},{"floor":24,"key":"SneckoOil"}],"is_trial":false,"path_per_floor":["M","?","?","M","M","R","M","R","T","?","M","M","M","M","R","B",null,"M","M","$","?","M","?","E","R","T","M"],"character_chosen":"DEFECT","items_purchased":["Cold Snap","Lockon"],"campfire_rested":0,"item_purchase_floors":[20,20],"current_hp_per_floor":[75,75,75,70,62,62,58,58,58,58,50,42,42,42,42,31,75,71,60,60,60,48,85,31,31,31,30,24],"gold":314,"neow_bonus":"THREE_CARDS","is_prod":false,"is_daily":false,"chose_seed":false,"campfire_upgraded":4,"win_rate":0,"timestamp":1540612135,"path_taken":["M","?","?","M","?","R","M","R","T","?","?","M","M","M","R","BOSS","M","M","$","?","M","?","E","R","T","M","?"],"build_version":"2018-10-25v2","purchased_purges":1,"victory":false,"max_hp_per_floor":[75,75,75,75,75,75,75,75,75,75,75,75,75,75,75,75,75,75,75,75,75,75,85,85,85,85,85,85],"card_choices":[{"not_picked":["Glacier","Static Discharge"],"picked":"Barrage","floor":0},{"not_picked":["Compile Driver","Doom and Gloom"],"picked":"Capacitor","floor":1},{"not_picked":["Static Discharge","Hologram"],"picked":"Compile Driver","floor":4},{"not_picked":["BootSequence","Conserve Battery"],"picked":"Ball Lightning","floor":5},{"not_picked":["Force Field","Buffer"],"picked":"Redo","floor":7},{"not_picked":["Streamline","Barrage"],"picked":"Glacier","floor":11},{"not_picked":["Turbo","Biased Cognition"],"picked":"Compile Driver","floor":12},{"not_picked":["Steam","Gash"],"picked":"Compile Driver","floor":13},{"not_picked":["Beam Cell","Fission","Rebound"],"picked":"SKIP","floor":14},{"not_picked":["Meteor Strike","Amplify"],"picked":"Multi-Cast","floor":16},{"not_picked":["Turbo","Gash","Streamline"],"picked":"SKIP","floor":18},{"not_picked":["Aggregate","Rebound+1"],"picked":"Hologram+1","floor":19},{"not_picked":["Heatsinks","FTL"],"picked":"Aggregate+1","floor":22},{"not_picked":["Multi-Cast","Coolheaded"],"picked":"Fusion+1","floor":24},{"not_picked":["Redo","Turbo","Hologram"],"picked":"SKIP","floor":27}],"player_experience":97807,"relics_obtained":[{"floor":9,"key":"Art of War"},{"floor":24,"key":"Tiny Chest"},{"floor":26,"key":"Torii"}],"event_choices":[{"damage_healed":0,"gold_gain":100,"player_choice":"Pray","damage_taken":0,"max_hp_gain":0,"max_hp_loss":0,"event_name":"Golden Shrine","floor":2,"gold_loss":0},{"damage_healed":0,"gold_gain":0,"player_choice":"Bought 0 Potions","damage_taken":0,"max_hp_gain":0,"max_hp_loss":0,"event_name":"The Woman in Blue","floor":3,"gold_loss":0},{"cards_removed":["Strike_B"],"damage_healed":0,"gold_gain":0,"player_choice":"Card Removal","damage_taken":0,"max_hp_gain":0,"max_hp_loss":0,"event_name":"The Cleric","floor":10,"gold_loss":50},{"damage_healed":0,"gold_gain":0,"player_choice":"Gave Potion","damage_taken":0,"relics_obtained":["Vajra"],"max_hp_gain":0,"max_hp_loss":0,"event_name":"WeMeetAgain","floor":21,"gold_loss":0},{"cards_removed":["Multi-Cast"],"damage_healed":27,"gold_gain":0,"player_choice":"Offered Rare","damage_taken":0,"max_hp_gain":10,"max_hp_loss":0,"event_name":"Bonfire Elementals","floor":23,"gold_loss":0}],"is_beta":false,"boss_relics":[{"not_picked":["Runic Dome","Astrolabe"],"picked":"Inserter"}],"items_purged_floors":[20],"is_endless":false,"potions_floor_spawned":[1,7,19,24],"killed_by":"Snecko","ascension_level":0}