{"gold_per_floor":[112,112,112,12,33,77,77,121,144,187,208,232,199,212,212,333,333,356,356,399,413,413,413,453,453,453,476,516,537,571,571,571,571],"floor_reached":33,"playtime":1336,"items_purged":["Injury"],"score":438,"play_id":"f2b1e983-1b15-4a6c-a632-322f2362dc17","local_time":"20181210011507","is_ascension_mode":true,"campfire_choices":[{"data":"Cold Snap","floor":7,"key":"SMITH"},{"floor":15,"key":"REST"},{"data":"Defragment","floor":23,"key":"SMITH"},{"data":"Amplify","floor":25,"key":"SMITH"},{"floor":32,"key":"REST"}],"neow_cost":"NONE","seed_source_timestamp":9291324975700,"circlet_count":0,"master_deck":["Zap+1","Dualcast","Compile Driver","Turbo","Cold Snap+1","Beam Cell","Auto Shields","Doom and Gloom","Capacitor","Coolheaded","Defragment+1","Leap","Electrodynamics","Leap","Redo","Genetic Algorithm","Ball Lightning","Stack","Turbo","Go for the Eyes","Streamline","Conserve Battery","Static Discharge","Gash+1","Amplify+1","Beam Cell+1","Barrage","Coolheaded+1","Skim"],"relics":["Cracked Core","NeowsBlessing","Golden Idol","Vajra","DataDisk","Lantern","Pen Nib","Pandora\u0027s Box","Red Mask","MutagenicStrength","Frozen Egg 2","Ice Cream","Bag of Preparation","Dodecahedron"],"potions_floor_usage":[12,16,16,18,28,29,29,33],"damage_taken":[{"damage":0,"enemies":"Small Slimes","floor":1,"turns":1},{"damage":0,"enemies":"2 Louse","floor":5,"turns":1},{"damage":0,"enemies":"Lagavulin","floor":6,"turns":1},{"damage":16,"enemies":"3 Sentries","floor":8,"turns":7},{"damage":10,"enemies":"Lagavulin","floor":10,"turns":4},{"damage":0,"enemies":"Cultist","floor":11,"turns":2},{"damage":0,"enemies":"Gremlin Gang","floor":12,"turns":3},{"damage":5,"enemies":"Red Slaver","floor":14,"turns":3},{"damage":0,"enemies":"Slime Boss","floor":16,"turns":7},{"damage":0,"enemies":"3 Byrds","floor":18,"turns":1},{"damage":5,"enemies":"Masked Bandits","floor":20,"turns":2},{"damage":1,"enemies":"Spheric Guardian","floor":21,"turns":4},{"damage":11,"enemies":"Book of Stabbing","floor":24,"turns":5},{"damage":0,"enemies":"3 Cultists","floor":27,"turns":5},{"damage":22,"enemies":"Gremlin Leader","floor":28,"turns":4},{"damage":0,"enemies":"Centurion and Healer","floor":29,"turns":3},{"damage":26,"enemies":"Book of Stabbing","floor":30,"turns":5},{"damage":49,"enemies":"Automaton","floor":33,"turns":6}],"seed_played":"-1191180749884433843","potions_obtained":[{"floor":5,"key":"GamblersBrew"},{"floor":6,"key":"SpeedPotion"},{"floor":11,"key":"SkillPotion"},{"floor":14,"key":"SkillPotion"},{"floor":16,"key":"Explosive Potion"},{"floor":18,"key":"SteroidPotion"},{"floor":21,"key":"Fire Potion"},{"floor":28,"key":"EssenceOfSteel"}],"is_trial":false,"path_per_floor":["M","?","?","$","M","E","R","E","T","E","M","M","$","M","R","B",null,"M","$","?","M","?","R","E","R","T","M","E","M","E","?","R","B"],"character_chosen":"DEFECT","items_purchased":["Turbo","Defragment"],"campfire_rested":2,"item_purchase_floors":[4,13],"current_hp_per_floor":[75,75,75,75,75,75,75,59,59,49,49,49,49,44,66,66,75,75,75,70,69,69,69,58,58,58,58,36,36,10,10,32,0],"gold":571,"neow_bonus":"THREE_ENEMY_KILL","is_prod":false,"is_daily":false,"chose_seed":false,"campfire_upgraded":3,"win_rate":0,"timestamp":1544400907,"path_taken":["M","?","?","$","M","E","R","E","T","E","M","M","$","M","R","BOSS","M","$","?","M","?","R","E","R","T","M","E","M","E","?","R","BOSS"],"build_version":"2018-12-06","purchased_purges":1,"victory":false,"max_hp_per_floor":[75,75,75,75,75,75,75,75,75,75,75,75,75,75,75,75,75,75,75,75,75,75,75,75,75,75,75,75,75,75,75,75,75],"card_choices":[{"not_picked":["Tempest","Barrage"],"picked":"Compile Driver","floor":1},{"not_picked":["Sunder","Stack"],"picked":"Cold Snap","floor":5},{"not_picked":["Meteor Strike","Compile Driver"],"picked":"Beam Cell","floor":6},{"not_picked":["Compile Driver","Force Field"],"picked":"Auto Shields","floor":8},{"not_picked":["Rebound","Reinforced Body"],"picked":"Doom and Gloom","floor":10},{"not_picked":["Conserve Battery","Reinforced Body"],"picked":"Capacitor","floor":11},{"not_picked":["Steam","Streamline"],"picked":"Coolheaded","floor":12},{"not_picked":["Rebound","BootSequence"],"picked":"Leap","floor":14},{"not_picked":["Fission","Core Surge"],"picked":"Electrodynamics","floor":16},{"not_picked":["Go for the Eyes","Reinforced Body+1"],"picked":"Conserve Battery","floor":18},{"not_picked":["Go for the Eyes+1","Genetic Algorithm+1"],"picked":"Static Discharge","floor":20},{"not_picked":["Compile Driver","Darkness"],"picked":"Gash+1","floor":21},{"not_picked":["Undo","Tempest"],"picked":"Amplify","floor":24},{"not_picked":["Go for the Eyes+1","Recycle"],"picked":"Beam Cell+1","floor":27},{"not_picked":["Streamline+1","Turbo"],"picked":"Barrage","floor":28},{"not_picked":["Chaos+1","Leap"],"picked":"Coolheaded+1","floor":29},{"not_picked":["Redo","Streamline"],"picked":"Skim","floor":30}],"player_experience":275949,"relics_obtained":[{"floor":6,"key":"Vajra"},{"floor":8,"key":"DataDisk"},{"floor":9,"key":"Lantern"},{"floor":10,"key":"Pen Nib"},{"floor":20,"key":"Red Mask"},{"floor":24,"key":"Frozen Egg 2"},{"floor":26,"key":"Ice Cream"},{"floor":28,"key":"Bag of Preparation"},{"floor":30,"key":"Dodecahedron"}],"event_choices":[{"damage_healed":0,"gold_gain":0,"player_choice":"Grow","damage_taken":0,"max_hp_gain":0,"max_hp_loss":0,"event_name":"Living Wall","floor":2,"gold_loss":0,"cards_upgraded":["Zap"]},{"damage_healed":0,"gold_gain":0,"player_choice":"Take Wound","damage_taken":0,"relics_obtained":["Golden Idol"],"max_hp_gain":0,"max_hp_loss":0,"event_name":"Golden Idol","floor":3,"gold_loss":0,"cards_obtained":["Injury"]},{"damage_healed":0,"gold_gain":0,"player_choice":"Fought Bandits","damage_taken":0,"max_hp_gain":0,"max_hp_loss":0,"event_name":"Masked Bandits","floor":20,"gold_loss":0},{"damage_healed":0,"gold_gain":0,"player_choice":"Inject Mutagens","damage_taken":0,"relics_obtained":["MutagenicStrength"],"max_hp_gain":0,"max_hp_loss":0,"event_name":"Drug Dealer","floor":22,"gold_loss":0},{"damage_healed":0,"gold_gain":0,"player_choice":"0 cards matched","damage_taken":0,"max_hp_gain":0,"max_hp_loss":0,"event_name":"Match and Keep!","floor":31,"gold_loss":0,"cards_obtained":[]}],"is_beta":false,"boss_relics":[{"not_picked":["Coffee Dripper","Philosopher\u0027s Stone"],"picked":"Pandora\u0027s Box"}],"items_purged_floors":[4],"is_endless":false,"potions_floor_spawned":[5,6,11,14,16,18,21,24,28],"killed_by":"Automaton","ascension_level":2}