{"gold_per_floor":[364,111,126,126,139,198,225,235,235,235,215,229,259,259,259,259],"floor_reached":16,"playtime":536,"items_purged":["Decay"],"score":149,"play_id":"f0159fdf-935b-4afd-b0a9-b6ffdb05e6b6","local_time":"20190406233054","is_ascension_mode":true,"campfire_choices":[{"data":"True Grit","floor":10,"key":"SMITH"},{"data":"Armaments","floor":15,"key":"SMITH"}],"neow_cost":"CURSE","seed_source_timestamp":1304593885692868,"circlet_count":0,"master_deck":["Strike_R","Strike_R","Strike_R","Strike_R","Strike_R","Defend_R","Defend_R","Defend_R","Defend_R","Bash","Uppercut","Armaments+1","Shrug It Off","Feel No Pain","True Grit+1","Shrug It Off","Pommel Strike"],"relics":["Burning Blood","Oddly Smooth Stone","Omamori","Mercury Hourglass","Centennial Puzzle","Singing Bowl","Mummified Hand"],"potions_floor_usage":[7,13,13,13,16],"damage_taken":[{"damage":16,"enemies":"Jaw Worm","floor":1,"turns":5},{"damage":0,"enemies":"2 Louse","floor":3,"turns":2},{"damage":1,"enemies":"Cultist","floor":5,"turns":4},{"damage":22,"enemies":"Gremlin Nob","floor":7,"turns":5},{"damage":7,"enemies":"Blue Slaver","floor":8,"turns":3},{"damage":0,"enemies":"Exordium Wildlife","floor":12,"turns":4},{"damage":5,"enemies":"Lagavulin","floor":13,"turns":6},{"damage":48,"enemies":"Slime Boss","floor":16,"turns":8}],"seed_played":"6722748566858641982","potions_obtained":[{"floor":3,"key":"Block Potion"},{"floor":8,"key":"Energy Potion"},{"floor":11,"key":"Energy Potion"},{"floor":12,"key":"BloodPotion"},{"floor":13,"key":"Block Potion"}],"is_trial":false,"path_per_floor":["M","$","M","?","M","?","E","M","T","R","?","M","E","?","R","B"],"character_chosen":"IRONCLAD","items_purchased":["Oddly Smooth Stone","Armaments"],"campfire_rested":0,"item_purchase_floors":[2,2],"current_hp_per_floor":[62,62,68,43,48,48,32,31,31,31,31,37,46,46,46,0],"gold":259,"neow_bonus":"TWO_FIFTY_GOLD","is_prod":false,"is_daily":false,"chose_seed":false,"campfire_upgraded":2,"win_rate":0,"timestamp":1554618654,"path_taken":["M","$","M","?","M","?","E","M","T","R","?","?","E","?","R","BOSS"],"build_version":"2019-01-23","purchased_purges":1,"victory":false,"max_hp_per_floor":[80,80,80,80,80,80,80,80,80,80,80,80,80,80,80,80],"card_choices":[{"not_picked":["Flex","Twin Strike"],"picked":"Uppercut","floor":1},{"not_picked":["Anger","Second Wind","Corruption"],"picked":"SKIP","floor":3},{"not_picked":["Havoc","Rampage"],"picked":"Shrug It Off","floor":5},{"not_picked":["Twin Strike","Cleave"],"picked":"Feel No Pain","floor":7},{"not_picked":["Hemokinesis","Rampage"],"picked":"True Grit","floor":8},{"not_picked":["Rupture","Sword Boomerang"],"picked":"Shrug It Off","floor":12},{"not_picked":["Thunderclap","Sentinel"],"picked":"Pommel Strike","floor":13}],"player_experience":289985,"relics_obtained":[{"floor":7,"key":"Mercury Hourglass"},{"floor":9,"key":"Centennial Puzzle"},{"floor":13,"key":"Singing Bowl"}],"event_choices":[{"damage_healed":0,"gold_gain":0,"player_choice":"Success","damage_taken":25,"relics_obtained":["Omamori"],"max_hp_gain":0,"max_hp_loss":0,"event_name":"Scrap Ooze","floor":4,"gold_loss":0},{"damage_healed":0,"gold_gain":59,"player_choice":"Gained Gold","damage_taken":0,"max_hp_gain":0,"max_hp_loss":0,"event_name":"Golden Wing","floor":6,"gold_loss":0},{"damage_healed":0,"gold_gain":0,"player_choice":"Bought 1 Potion","damage_taken":0,"max_hp_gain":0,"max_hp_loss":0,"event_name":"The Woman in Blue","floor":11,"gold_loss":0},{"damage_healed":0,"gold_gain":0,"player_choice":"Searched \u00271\u0027 times","damage_taken":0,"relics_obtained":["Mummified Hand"],"max_hp_gain":0,"max_hp_loss":0,"event_name":"Dead Adventurer","floor":14,"gold_loss":0}],"is_beta":false,"boss_relics":[],"items_purged_floors":[2],"is_endless":false,"potions_floor_spawned":[3,8,12,13],"killed_by":"Slime Boss","ascension_level":7}