{"path_per_floor":["M","?","M","?","M","R","E","T","T","?","R","$","E","M","R","B",null,"M","?","$","?","M","E","R","M","T","M","R","E","M","$","R"],"character_chosen":"THE_SILENT","items_purchased":["Paper Crane","Molten Egg 2","Juzu Bracelet"],"gold_per_floor":[110,110,125,300,310,310,337,388,388,388,388,128,158,168,168,265,265,282,282,36,36,54,85,85,102,174,189,189,244,255,99,99],"floor_reached":33,"campfire_rested":4,"playtime":2751,"current_hp_per_floor":[67,67,65,65,60,60,33,33,33,33,54,54,37,37,58,23,70,60,60,60,60,53,53,53,14,14,26,47,33,17,17,38],"items_purged":[],"gold":99,"score":382,"play_id":"559ad892-dd45-4eb4-aaf4-04ef4e3167c6","local_time":"20180316024847","is_prod":false,"is_daily":false,"is_ascension_mode":true,"campfire_upgraded":2,"timestamp":1521161327,"path_taken":["M","?","M","?","M","R","E","?","T","?","R","?","E","M","R","BOSS","M","?","$","?","M","E","R","M","T","M","R","E","M","$","R","BOSS"],"build_version":"2018-03-14","purchased_purges":1,"victory":false,"master_deck":["Survivor","Neutralize+1","Cloak And Dagger","Well Laid Plans","Heel Hook","Slice","Tools of the Trade","Bouncing Flask","Prepared","Catalyst+1","Poisoned Stab","Poisoned Stab","Backflip","Slice","Deflect","Backflip","Underhanded Strike","Choke","Underhanded Strike+1","Choke+1","Dagger Throw+1","Footwork","Noxious Fumes","Prepared"],"max_hp_per_floor":[70,70,70,70,70,70,70,70,70,70,70,70,70,70,70,70,70,70,70,70,70,70,70,70,70,70,70,70,70,70,70,70],"relics":["Ring of the Snake","Oddly Smooth Stone","Pen Nib","Frozen Eye","Paper Crane","Shuriken","Pandora\u0027s Box","Molten Egg 2","Omamori","Meat on the Bone","Tiny Chest","Juzu Bracelet"],"card_choices":[{"not_picked":["Dodge and Roll","Deflect"],"picked":"Prepared"},{"not_picked":["Choke","Bane"],"picked":"Cloak And Dagger"},{"not_picked":["Bouncing Flask","Deflect"],"picked":"Well Laid Plans"},{"not_picked":["Catalyst","Backstab"],"picked":"Terror"},{"not_picked":["Tactician","Poisoned Stab"],"picked":"Heel Hook"},{"not_picked":["Crippling Poison","PiercingWail"],"picked":"Slice"},{"not_picked":["Wraith Form","Die Die Die"],"picked":"Tools of the Trade"},{"not_picked":["Prepared","Calculated Gamble"],"picked":"Choke"},{"not_picked":["Dash","Heel Hook"],"picked":"Underhanded Strike"},{"not_picked":["Deflect","Finisher"],"picked":"Choke"},{"not_picked":["Dagger Spray","Dodge and Roll"],"picked":"Dagger Throw"},{"not_picked":["Underhanded Strike","Flying Knee"],"picked":"Footwork"},{"not_picked":["Tactician","Quick Slash"],"picked":"Noxious Fumes"},{"not_picked":["Deflect","All Out Attack"],"picked":"Prepared"}],"player_experience":125564,"potions_floor_usage":[7,7,16,27,27,30,33,33],"damage_taken":[{"damage":3,"enemies":"Small Slimes","floor":1,"turns":4},{"damage":2,"enemies":"Cultist","floor":3,"turns":4},{"damage":5,"enemies":"2 Louse","floor":5,"turns":4},{"damage":42,"enemies":"Lagavulin","floor":7,"turns":12},{"damage":17,"enemies":"3 Sentries","floor":13,"turns":11},{"damage":0,"enemies":"Looter","floor":14,"turns":3},{"damage":35,"enemies":"Slime Boss","floor":16,"turns":9},{"damage":10,"enemies":"Spheric Guardian","floor":18,"turns":4},{"damage":7,"enemies":"Shell Parasite","floor":22,"turns":3},{"damage":0,"enemies":"Gremlin Leader","floor":23,"turns":6},{"damage":39,"enemies":"Chosen and Byrds","floor":25,"turns":6},{"damage":0,"enemies":"Snake Plant","floor":27,"turns":2},{"damage":26,"enemies":"Slavers","floor":29,"turns":6},{"damage":28,"enemies":"Slaver and Parasite","floor":30,"turns":4},{"damage":43,"enemies":"Automaton","floor":33,"turns":6}],"event_choices":[{"event_name":"The Lab","player_choice":"Got Potions","floor":2,"damage_taken":0},{"event_name":"Liars Game","player_choice":"agreed","floor":4,"damage_taken":0},{"event_name":"Fountain of Cleansing","player_choice":"Removed Curse","floor":10,"damage_taken":0},{"event_name":"Back to Basics","player_choice":"Elegance","floor":19,"damage_taken":0},{"event_name":"Wheel of Change","player_choice":"Card Removal","floor":21,"damage_taken":0}],"boss_relics":[{"not_picked":["Runic Dome","Snecko Eye"],"picked":"Pandora\u0027s Box"}],"potions_floor_spawned":[5,7,13,14,18,23,29,30],"seed_played":"2776376797386019894","killed_by":"Automaton","ascension_level":4,"is_trial":false}