{"gold_per_floor":[117,127,140,150,150,183,183,210,233,252,266,266,295,308,308,413,413,427,50,50,70,80,80,105,105,105,105,105,105,122,149,149,249,249,267,282,302,318,338,370,370,12,12,29,43,43,62,74,74,74],"floor_reached":51,"playtime":4009,"items_purged":["Strike_B","Parasite"],"score":897,"play_id":"0fbc9b64-cf0c-436f-b0ad-69fb0ebc9498","local_time":"20181028193417","is_ascension_mode":true,"campfire_choices":[{"data":"Zap","floor":7.0,"key":"SMITH"},{"floor":12.0,"key":"REST"},{"data":"Hologram","floor":15.0,"key":"SMITH"},{"data":"Hologram","floor":23.0,"key":"SMITH"},{"floor":25.0,"key":"REST"},{"floor":27.0,"key":"REST"},{"floor":29.0,"key":"REST"},{"floor":32.0,"key":"REST"},{"floor":41,"key":"REST"},{"floor":49,"key":"REST"}],"neow_cost":"NONE","seed_source_timestamp":341841071795490,"circlet_count":0,"master_deck":["Strike_B","Strike_B","Strike_B","Defend_B","Defend_B","Defend_B","Defend_B","Zap+1","Dualcast+1","Go for the Eyes","Gash","Hologram+1","Gash","Machine Learning","Gash","Leap+1","Conserve Battery","Beam Cell","Streamline","Seek+1","Stack","Fission","Recycle+1","Hologram+1","Go for the Eyes","Double Energy+1","Stack+1","Gash+1","Go for the Eyes+1","Aggregate","All For One+1","Beam Cell+1","Rebound+1","Storm","Creative AI","Coolheaded+1","Steam Power","Redo+1","Gash+1","Double Energy+1","Steam","Hologram+1","FTL+1","Heatsinks+1"],"special_seed":0,"relics":["Cracked Core","Smiling Mask","Dream Catcher","Anchor","Bronze Scales","Black Star","Mummified Hand","Kunai","Molten Egg 2","Ancient Tea Set","The Courier","Bottled Lightning","Cursed Key","Ornamental Fan","Dodecahedron","Bottled Tornado","War Paint"],"potions_floor_usage":[50],"damage_taken":[{"damage":4.0,"enemies":"Jaw Worm","floor":1.0,"turns":3.0},{"damage":0.0,"enemies":"2 Louse","floor":2.0,"turns":2.0},{"damage":0.0,"enemies":"Cultist","floor":3.0,"turns":3.0},{"damage":6.0,"enemies":"2 Fungi Beasts","floor":4.0,"turns":3.0},{"damage":11.0,"enemies":"Gremlin Nob","floor":6.0,"turns":4.0},{"damage":18.0,"enemies":"Lagavulin","floor":8.0,"turns":6.0},{"damage":3.0,"enemies":"Blue Slaver","floor":10.0,"turns":4.0},{"damage":0.0,"enemies":"Lots of Slimes","floor":11.0,"turns":4.0},{"damage":13.0,"enemies":"Gremlin Nob","floor":13.0,"turns":4.0},{"damage":0.0,"enemies":"3 Louse","floor":14.0,"turns":3.0},{"damage":24.0,"enemies":"Hexaghost","floor":16.0,"turns":8.0},{"damage":4.0,"enemies":"Shell Parasite","floor":18.0,"turns":4.0},{"damage":0.0,"enemies":"Chosen","floor":21.0,"turns":5.0},{"damage":8.0,"enemies":"Snecko","floor":22.0,"turns":6.0},{"damage":26.0,"enemies":"Slavers","floor":24.0,"turns":6.0},{"damage":4.0,"enemies":"3 Cultists","floor":30.0,"turns":5.0},{"damage":21.0,"enemies":"Gremlin Leader","floor":31.0,"turns":5.0},{"damage":41,"enemies":"Automaton","floor":33,"turns":9},{"damage":0,"enemies":"3 Shapes","floor":35,"turns":6},{"damage":0,"enemies":"Orb Walker","floor":36,"turns":2},{"damage":0,"enemies":"Maw","floor":37,"turns":6},{"damage":2,"enemies":"Writhing Mass","floor":38,"turns":4},{"damage":0,"enemies":"Sphere and 2 Shapes","floor":39,"turns":3},{"damage":46,"enemies":"Reptomancer","floor":40,"turns":5},{"damage":1,"enemies":"Spire Growth","floor":44,"turns":3},{"damage":18,"enemies":"Maw","floor":45,"turns":5},{"damage":0,"enemies":"Jaw Worm Horde","floor":47,"turns":3},{"damage":5,"enemies":"Writhing Mass","floor":48,"turns":6},{"damage":0,"enemies":"Donu and Deca","floor":50,"turns":3}],"seed_played":"-5579307307838571731","potions_obtained":[{"floor":3.0,"key":"SkillPotion"},{"floor":4.0,"key":"AttackPotion"},{"floor":10.0,"key":"Fire Potion"},{"floor":13.0,"key":"Explosive Potion"},{"floor":14.0,"key":"Energy Potion"},{"floor":21.0,"key":"AttackPotion"},{"floor":30.0,"key":"Weak Potion"},{"floor":31.0,"key":"EssenceOfSteel"},{"floor":33,"key":"Poison Potion"},{"floor":39,"key":"EssenceOfSteel"}],"is_trial":false,"path_per_floor":["M","M","M","M","?","E","R","E","T","M","M","R","E","M","R","B",null,"M","$","?","M","M","R","E","R","T","R","?","R","M","E","R","B",null,"M","M","M","M","M","E","R","$","T","M","M","?","M","M","R","B"],"character_chosen":"DEFECT","items_purchased":["Hologram","Mummified Hand","AttackPotion","Bottled Tornado","War Paint"],"campfire_rested":7,"item_purchase_floors":[19,19,19,42,42],"current_hp_per_floor":[71,71,71,65,65,54,54,36,36,33,33,55,42,42,42,18,75,71,71,71,71,63,63,37,59,59,75,75,75,71,50,72,31,75,75,75,75,73,73,27,49,49,49,48,30,63,63,58,63,63],"gold":74,"neow_bonus":"THREE_CARDS","is_prod":false,"is_daily":false,"chose_seed":false,"campfire_upgraded":3,"win_rate":0,"timestamp":1540780457,"path_taken":["M","M","M","M","?","E","R","E","T","M","M","R","E","M","R","BOSS","M","$","?","M","M","R","E","R","T","R","?","R","M","E","R","BOSS","M","M","M","M","M","E","R","$","T","M","M","?","M","M","R","BOSS"],"build_version":"2018-10-25v2","purchased_purges":2,"victory":true,"max_hp_per_floor":[75,75,75,75,75,75,75,75,75,75,75,75,75,75,75,75,75,75,75,75,75,75,75,75,75,75,75,75,75,75,75,75,75,75,75,75,75,75,75,75,75,72,72,72,72,63,63,63,63,63],"card_choices":[{"not_picked":["Beam Cell","Turbo"],"picked":"Go for the Eyes","floor":0.0},{"not_picked":["Go for the Eyes","Beam Cell"],"picked":"Gash","floor":1.0},{"not_picked":["Go for the Eyes","Ball Lightning"],"picked":"Hologram","floor":2.0},{"not_picked":["Sweeping Beam","Streamline"],"picked":"Gash","floor":3.0},{"not_picked":["Force Field","Blizzard"],"picked":"Machine Learning","floor":4.0},{"not_picked":["Steam","Barrage"],"picked":"Gash","floor":6.0},{"not_picked":["Sweeping Beam","Sunder"],"picked":"Leap","floor":8.0},{"not_picked":["Compile Driver","Leap"],"picked":"Conserve Battery","floor":10.0},{"not_picked":["Cold Snap","Coolheaded"],"picked":"Beam Cell","floor":11.0},{"not_picked":["Storm","Ball Lightning"],"picked":"Streamline","floor":12.0},{"not_picked":["Gash","BootSequence"],"picked":"Seek","floor":13.0},{"not_picked":["Leap","Rebound"],"picked":"Stack","floor":14.0},{"not_picked":["Meteor Strike","Rainbow"],"picked":"Fission","floor":16.0},{"not_picked":["Leap","Rip and Tear"],"picked":"Recycle+1","floor":18.0},{"not_picked":["Turbo","Reprogram"],"picked":"Go for the Eyes","floor":21.0},{"not_picked":["Rebound","Redo"],"picked":"Double Energy+1","floor":22.0},{"not_picked":["Sweeping Beam","Self Repair"],"picked":"Stack+1","floor":24.0},{"not_picked":["BootSequence+1","Hologram+1"],"picked":"Gash+1","floor":25.0},{"not_picked":["Sunder+1","Blizzard+1"],"picked":"Go for the Eyes+1","floor":27.0},{"not_picked":["Force Field+1","Compile Driver+1"],"picked":"All For One+1","floor":29.0},{"not_picked":["Coolheaded","Glacier"],"picked":"Beam Cell+1","floor":30.0},{"not_picked":["Redo","Leap"],"picked":"Rebound+1","floor":31.0},{"not_picked":["Auto Shields","Cold Snap+1"],"picked":"Storm","floor":32.0},{"not_picked":["Rainbow","Buffer"],"picked":"Creative AI","floor":33},{"not_picked":["Streamline+1","Compile Driver+1","Sweeping Beam+1"],"picked":"SKIP","floor":35},{"not_picked":["Hologram","Hello World"],"picked":"Coolheaded+1","floor":36},{"not_picked":["Conserve Battery","Turbo+1"],"picked":"Steam Power","floor":37},{"not_picked":["Hello World+1","Conserve Battery"],"picked":"Redo+1","floor":38},{"not_picked":["Go for the Eyes+1","Self Repair"],"picked":"Gash+1","floor":39},{"not_picked":["Hello World+1","Genetic Algorithm"],"picked":"Double Energy+1","floor":40},{"not_picked":["Buffer","Conserve Battery"],"picked":"Steam","floor":41},{"not_picked":["Reprogram","Rip and Tear+1","Capacitor+1"],"picked":"SKIP","floor":44},{"not_picked":["Barrage+1","Blizzard+1"],"picked":"Hologram+1","floor":45},{"not_picked":["Leap","Genetic Algorithm+1"],"picked":"FTL+1","floor":47},{"not_picked":["Loop+1","Fusion+1"],"picked":"Heatsinks+1","floor":48}],"player_experience":140086,"relics_obtained":[{"floor":6.0,"key":"Smiling Mask"},{"floor":8.0,"key":"Dream Catcher"},{"floor":9.0,"key":"Anchor"},{"floor":13.0,"key":"Bronze Scales"},{"floor":24.0,"key":"Kunai"},{"floor":24.0,"key":"Molten Egg 2"},{"floor":26.0,"key":"Ancient Tea Set"},{"floor":31.0,"key":"The Courier"},{"floor":31.0,"key":"Bottled Lightning"},{"floor":40,"key":"Ornamental Fan"},{"floor":40,"key":"Dodecahedron"}],"event_choices":[{"damage_healed":0.0,"max_hp_gain":0.0,"max_hp_loss":0.0,"gold_gain":0.0,"event_name":"Liars Game","player_choice":"Ignored","floor":5.0,"gold_loss":0.0,"damage_taken":0.0},{"damage_healed":0.0,"max_hp_gain":0.0,"max_hp_loss":0.0,"gold_gain":0.0,"event_name":"Accursed Blacksmith","player_choice":"Forge","floor":20.0,"gold_loss":0.0,"damage_taken":0.0,"cards_upgraded":["Seek"]},{"damage_healed":0.0,"max_hp_gain":0.0,"max_hp_loss":0.0,"gold_gain":0.0,"event_name":"The Library","player_choice":"Read","floor":28.0,"gold_loss":0.0,"damage_taken":0.0,"cards_obtained":["Aggregate"]},{"damage_healed":63,"gold_gain":0,"player_choice":"Heal","damage_taken":0,"max_hp_gain":0,"max_hp_loss":9,"event_name":"The Moai Head","floor":46,"gold_loss":0}],"is_beta":false,"boss_relics":[{"not_picked":["Runic Dome","Velvet Choker"],"picked":"Black Star"},{"not_picked":["Empty Cage","Astrolabe"],"picked":"Cursed Key"}],"items_purged_floors":[19,42],"is_endless":false,"potions_floor_spawned":[3,4,10,13,14,21,30,31,33,35,39,45,47],"ascension_level":2}