{"gold_per_floor":[113,113,38,38,65,98,98,98,166,177,197,225,237,250,250,345,345,356,374,374,374,424,424,451,451,451,465,329,340,358,391,391,496,496,509,509,527,541,541,541,560,127,127,140,140,169,169,183,183,183],"floor_reached":51,"playtime":4222,"items_purged":["Strike_B","Strike_B"],"score":752,"play_id":"c5a16a57-c3c7-4243-ae00-1df5c9806b85","local_time":"20181024211050","is_ascension_mode":false,"campfire_choices":[{"data":"Seek","floor":7,"key":"SMITH"},{"data":"Dualcast","floor":15,"key":"SMITH"},{"data":"Chaos","floor":23,"key":"SMITH"},{"data":"Thunder Strike","floor":25,"key":"SMITH"},{"data":"Redo","floor":32,"key":"SMITH"},{"floor":40,"key":"REST"},{"data":"Tempest","floor":45,"key":"SMITH"},{"floor":49,"key":"REST"}],"neow_cost":"NONE","seed_source_timestamp":3463142629830,"circlet_count":0,"master_deck":["Defend_B","Defend_B+1","Defend_B+1","Dualcast+1","Seek+1","Ball Lightning","Cold Snap","Compile Driver","Conserve Battery","Electrodynamics","Go for the Eyes+1","Defragment+1","Defragment+1","Chaos+1","Thunder Strike+1","FTL","Capacitor","Beam Cell+1","Cold Snap+1","Redo+1","Amplify","Auto Shields+1","Blizzard+1","Reboot+1","Redo+1","Scrape+1","Coolheaded+1","Tempest+1","Storm+1","Seek+1","Redo+1","Machine Learning"],"relics":["Cracked Core","NeowsBlessing","Blue Candle","Vajra","PreservedInsect","Question Card","Ornamental Fan","Nuclear Battery","Ginger","Shuriken","Blood Vial","Astrolabe","Peace Pipe","Bottled Tornado","DollysMirror","The Courier","Smiling Mask"],"potions_floor_usage":[16,19,35,50,50,50],"damage_taken":[{"damage":0,"enemies":"Cultist","floor":1,"turns":1},{"damage":0,"enemies":"Lagavulin","floor":6,"turns":1},{"damage":0,"enemies":"Jaw Worm","floor":10,"turns":1},{"damage":0,"enemies":"Small Slimes","floor":11,"turns":3},{"damage":8,"enemies":"Gremlin Nob","floor":12,"turns":3},{"damage":6,"enemies":"2 Fungi Beasts","floor":13,"turns":3},{"damage":5,"enemies":"Exordium Thugs","floor":14,"turns":5},{"damage":13,"enemies":"Hexaghost","floor":16,"turns":11},{"damage":0,"enemies":"Chosen","floor":18,"turns":4},{"damage":0,"enemies":"Spheric Guardian","floor":19,"turns":2},{"damage":0,"enemies":"Book of Stabbing","floor":24,"turns":4},{"damage":6,"enemies":"Snake Plant","floor":27,"turns":3},{"damage":0,"enemies":"Centurion and Healer","floor":29,"turns":3},{"damage":0,"enemies":"Sentry and Sphere","floor":30,"turns":3},{"damage":2,"enemies":"Gremlin Leader","floor":31,"turns":3},{"damage":6,"enemies":"Champ","floor":33,"turns":6},{"damage":3,"enemies":"3 Darklings","floor":35,"turns":3},{"damage":6,"enemies":"Mind Bloom Boss Battle","floor":36,"turns":4},{"damage":0,"enemies":"Orb Walker","floor":37,"turns":3},{"damage":19,"enemies":"Maw","floor":38,"turns":5},{"damage":0,"enemies":"4 Shapes","floor":41,"turns":9},{"damage":12,"enemies":"3 Darklings","floor":44,"turns":3},{"damage":21,"enemies":"Reptomancer","floor":46,"turns":3},{"damage":0,"enemies":"Spire Growth","floor":48,"turns":4},{"damage":48,"enemies":"Donu and Deca","floor":50,"turns":5}],"seed_played":"-8498474079727824027","potions_obtained":[{"floor":12,"key":"SteroidPotion"},{"floor":13,"key":"PowerPotion"},{"floor":16,"key":"Energy Potion"},{"floor":19,"key":"Fruit Juice"},{"floor":24,"key":"SteroidPotion"},{"floor":29,"key":"Energy Potion"},{"floor":35,"key":"Ancient Potion"},{"floor":41,"key":"AttackPotion"}],"is_trial":false,"path_per_floor":["M","T","$","$","T","E","R","?","T","M","M","E","M","M","R","B",null,"M","M","?","?","?","R","E","R","T","M","$","M","M","E","R","B",null,"M","?","M","M","?","R","M","$","T","M","R","E","?","M","R","B"],"character_chosen":"DEFECT","items_purchased":["Capacitor","Bottled Tornado","DollysMirror"],"campfire_rested":2,"item_purchase_floors":[28,42,42],"current_hp_per_floor":[75,75,75,75,75,75,75,60,60,60,60,52,46,41,41,28,75,75,80,80,80,80,80,80,80,80,74,74,74,74,72,72,68,80,77,73,75,58,58,80,80,80,80,68,68,49,49,51,75,29],"gold":183,"neow_bonus":"THREE_ENEMY_KILL","is_prod":false,"is_daily":false,"chose_seed":false,"campfire_upgraded":6,"win_rate":0.0,"timestamp":1540440650,"path_taken":["M","?","?","$","?","E","R","?","T","?","M","E","M","M","R","BOSS","M","?","?","?","?","R","E","R","T","M","$","M","?","E","R","BOSS","M","?","?","M","?","R","M","$","T","?","R","E","?","M","R","BOSS"],"build_version":"2018-10-18","purchased_purges":2,"victory":true,"max_hp_per_floor":[75,75,75,75,75,75,75,75,75,75,75,75,75,75,75,75,75,75,80,80,80,80,80,80,80,80,80,80,80,80,80,80,80,80,80,80,80,80,80,80,80,80,80,80,80,80,80,80,80,80],"card_choices":[{"not_picked":["Cold Snap","Darkness"],"picked":"Coolheaded","floor":1},{"not_picked":["Barrage","Reprogram"],"picked":"Seek","floor":6},{"not_picked":["Reinforced Body","Barrage","Leap"],"picked":"Ball Lightning","floor":10},{"not_picked":["Hello World","Barrage","Consume"],"picked":"Cold Snap","floor":11},{"not_picked":["Stack","Biased Cognition","Capacitor"],"picked":"Compile Driver","floor":12},{"not_picked":["Coolheaded","Skim","Heatsinks"],"picked":"Conserve Battery","floor":13},{"not_picked":["Storm","Beam Cell","Glacier"],"picked":"Compile Driver","floor":14},{"not_picked":["Reboot","Amplify","Rainbow"],"picked":"Electrodynamics","floor":16},{"not_picked":["Ball Lightning","Steam","Barrage"],"picked":"Go for the Eyes+1","floor":18},{"not_picked":["Streamline","Compile Driver+1","Go for the Eyes"],"picked":"Defragment+1","floor":19},{"not_picked":["Doom and Gloom","Steam","Go for the Eyes"],"picked":"Thunder Strike","floor":24},{"not_picked":["Coolheaded","Barrage","Streamline"],"picked":"FTL","floor":27},{"not_picked":["Steam","FTL","Heatsinks"],"picked":"Beam Cell+1","floor":29},{"not_picked":["Gash","Skim","Blizzard"],"picked":"Cold Snap+1","floor":30},{"not_picked":["Reprogram+1","Doom and Gloom","Consume"],"picked":"Redo","floor":31},{"not_picked":["All For One","Biased Cognition","Fission"],"picked":"Amplify","floor":33},{"not_picked":["Double Energy","Gash+1","Go for the Eyes+1"],"picked":"Redo+1","floor":35},{"not_picked":["Self Repair","Coolheaded+1","Conserve Battery"],"picked":"Scrape+1","floor":36},{"not_picked":["Streamline","Barrage","Compile Driver+1"],"picked":"Coolheaded+1","floor":37},{"not_picked":["Hello World+1","Seek","Skim+1"],"picked":"Tempest","floor":38},{"not_picked":["Beam Cell","Sweeping Beam+1","BootSequence+1"],"picked":"Storm+1","floor":41},{"not_picked":["Chill+1","Compile Driver+1","Barrage"],"picked":"Redo+1","floor":44},{"not_picked":["Ball Lightning+1","Redo","Go for the Eyes+1","Gash+1"],"picked":"SKIP","floor":46},{"not_picked":["Sweeping Beam","Redo","Steam"],"picked":"Machine Learning","floor":48}],"player_experience":77183,"relics_obtained":[{"floor":2,"key":"Blue Candle"},{"floor":5,"key":"Vajra"},{"floor":6,"key":"PreservedInsect"},{"floor":9,"key":"Question Card"},{"floor":12,"key":"Ornamental Fan"},{"floor":24,"key":"Ginger"},{"floor":26,"key":"Shuriken"},{"floor":31,"key":"Blood Vial"},{"floor":36,"key":"Peace Pipe"},{"floor":43,"key":"The Courier"},{"floor":46,"key":"Smiling Mask"}],"event_choices":[{"damage_healed":0,"gold_gain":0,"player_choice":"Entered Light","damage_taken":15,"max_hp_gain":0,"max_hp_loss":0,"event_name":"Shining Light","floor":8,"gold_loss":0,"cards_upgraded":["Defend_B","Defend_B"]},{"damage_healed":0,"gold_gain":0,"player_choice":"Copied","damage_taken":0,"max_hp_gain":0,"max_hp_loss":0,"event_name":"Duplicator","floor":20,"gold_loss":0,"cards_obtained":["Defragment"]},{"damage_healed":0,"gold_gain":0,"cards_transformed":["Strike_B","Strike_B"],"player_choice":"Became Test Subject","damage_taken":0,"max_hp_gain":0,"max_hp_loss":0,"event_name":"Drug Dealer","floor":21,"gold_loss":0,"cards_obtained":["Static Discharge","Chaos"]},{"damage_healed":0,"gold_gain":100,"player_choice":"Bet on Murderer","damage_taken":0,"max_hp_gain":0,"max_hp_loss":0,"event_name":"The Joust","floor":22,"gold_loss":50},{"damage_healed":0,"gold_gain":0,"player_choice":"Fight","damage_taken":0,"max_hp_gain":0,"max_hp_loss":0,"event_name":"MindBloom","floor":36,"gold_loss":0},{"cards_removed":["Coolheaded"],"damage_healed":0,"gold_gain":0,"player_choice":"Card Removal","damage_taken":0,"max_hp_gain":0,"max_hp_loss":0,"event_name":"Wheel of Change","floor":39,"gold_loss":0},{"cards_removed":["Compile Driver"],"damage_healed":0,"gold_gain":0,"player_choice":"Removed Attack","damage_taken":0,"max_hp_gain":0,"max_hp_loss":0,"event_name":"Falling","floor":47,"gold_loss":0}],"is_beta":false,"boss_relics":[{"not_picked":["Busted Crown","Inserter"],"picked":"Nuclear Battery"},{"not_picked":["Velvet Choker","White Beast Statue"],"picked":"Astrolabe"}],"items_purged_floors":[3,28],"is_endless":false,"potions_floor_spawned":[12,13,16,19,24,29,33,35,41,46],"ascension_level":0}