{"gold_per_floor":[118,68,16,32,43,43,74,94,162,162,87,118,135,160,160,160],"floor_reached":16,"playtime":808,"items_purged":["Strike_R"],"score":162,"play_id":"9de23baa-b5a9-4efc-a54f-48e8b7d28996","local_time":"20190406232118","is_ascension_mode":true,"campfire_choices":[{"data":"True Grit","floor":6,"key":"SMITH"},{"data":"Armaments","floor":10,"key":"SMITH"},{"floor":15,"key":"REST"}],"neow_cost":"NONE","seed_source_timestamp":1303747008855745,"circlet_count":0,"master_deck":["Strike_R","Strike_R","Strike_R","Defend_R","Defend_R","Defend_R","Defend_R","Bash+1","True Grit+1","Whirlwind","Flame Barrier","Armaments+1","Barricade","Flame Barrier","Headbutt"],"relics":["Burning Blood","WingedGreaves","Pantograph","Vajra","Bag of Preparation"],"potions_floor_usage":[7,12,12],"damage_taken":[{"damage":0,"enemies":"Small Slimes","floor":1,"turns":4},{"damage":2,"enemies":"2 Louse","floor":4,"turns":4},{"damage":19,"enemies":"Jaw Worm","floor":5,"turns":9},{"damage":32,"enemies":"Gremlin Nob","floor":7,"turns":4},{"damage":11,"enemies":"Blue Slaver","floor":8,"turns":7},{"damage":12,"enemies":"Lagavulin","floor":12,"turns":13},{"damage":1,"enemies":"2 Fungi Beasts","floor":13,"turns":3},{"damage":27,"enemies":"Gremlin Nob","floor":14,"turns":4},{"damage":64,"enemies":"Slime Boss","floor":16,"turns":12}],"seed_played":"-7862978434289008637","potions_obtained":[{"floor":1,"key":"LiquidBronze"},{"floor":5,"key":"GamblersBrew"},{"floor":8,"key":"Energy Potion"}],"is_trial":false,"path_per_floor":["M","?","$","M","M","R","E","M","T","R","$","E","M","E","R","B"],"character_chosen":"IRONCLAD","items_purchased":["True Grit"],"campfire_rested":1,"item_purchase_floors":[3],"current_hp_per_floor":[78,78,78,80,67,67,41,36,36,36,36,30,35,14,38,0],"gold":160,"neow_bonus":"UPGRADE_CARD","is_prod":false,"is_daily":false,"chose_seed":false,"campfire_upgraded":2,"win_rate":0,"timestamp":1554618078,"path_taken":["M","?","$","M","M","R","E","M","T","R","$","E","M","E","R","BOSS"],"build_version":"2019-01-23","purchased_purges":1,"victory":false,"max_hp_per_floor":[80,80,80,80,80,80,80,80,80,80,80,80,80,80,80,80],"card_choices":[{"not_picked":["Infernal Blade","Entrench","Heavy Blade"],"picked":"SKIP","floor":1},{"not_picked":["Anger","Wild Strike","Clash"],"picked":"SKIP","floor":4},{"not_picked":["Cleave","Twin Strike"],"picked":"Whirlwind","floor":5},{"not_picked":["Whirlwind","Ghostly Armor"],"picked":"Flame Barrier","floor":7},{"not_picked":["Twin Strike","Flex"],"picked":"Armaments","floor":8},{"not_picked":["Warcry","Body Slam"],"picked":"Barricade","floor":12},{"not_picked":["Armaments","Intimidate"],"picked":"Flame Barrier","floor":13},{"not_picked":["Carnage","Fire Breathing"],"picked":"Headbutt","floor":14}],"player_experience":289177,"relics_obtained":[{"floor":7,"key":"WingedGreaves"},{"floor":9,"key":"Pantograph"},{"floor":12,"key":"Vajra"},{"floor":14,"key":"Bag of Preparation"}],"event_choices":[{"cards_removed":["Strike_R"],"damage_healed":0,"gold_gain":0,"player_choice":"Card Removal","damage_taken":0,"max_hp_gain":0,"max_hp_loss":0,"event_name":"The Cleric","floor":2,"gold_loss":50}],"is_beta":false,"boss_relics":[],"items_purged_floors":[11],"is_endless":false,"potions_floor_spawned":[1,5,8],"killed_by":"Slime Boss","ascension_level":7}