{"path_per_floor":["M","M","?","$","?","E","M","E","T","R","?","E","T","M","R","B",null,"M","?","T","M","?","R","E","R","T","M","$"],"character_chosen":"DEFECT","items_purchased":["Letter Opener","Mercury Hourglass"],"gold_per_floor":[115,126,126,51,51,76,94,129,129,129,90,119,119,134,134,236,236,251,251,251,267,182,182,517,517,544,554,46,46],"floor_reached":29,"campfire_rested":4,"playtime":1866,"current_hp_per_floor":[73,69,69,69,69,41,39,9,9,31,31,1,1,31,53,10,75,55,55,55,31,31,53,40,62,62,43,43,0],"items_purged":["Decay"],"gold":46,"score":272,"play_id":"8bbad66b-e9b3-4ece-9ea9-c27fd1c88add","local_time":"20180503003914","is_prod":false,"is_daily":false,"chose_seed":false,"is_ascension_mode":true,"campfire_upgraded":0,"timestamp":1525297154,"path_taken":["M","M","?","$","?","E","?","E","T","R","?","E","?","M","R","BOSS","M","?","?","?","?","R","E","R","T","M","$","E"],"build_version":"2018-05-01v2","seed_source_timestamp":114624443401322,"purchased_purges":1,"victory":false,"master_deck":["Strike_B","Strike_B","Strike_B","Strike_B","Defend_B","Defend_B","Defend_B","Defend_B","Zap","Dualcast","Defragment","Sweeping Beam","Creative AI","Go for the Eyes","Go for the Eyes","Heatsinks","Ball Lightning","Rainbow","Force Field","Melter","Cold Snap","Double Energy+1","Skim+1","Force Field"],"max_hp_per_floor":[75,75,75,75,75,75,75,75,75,75,75,75,75,75,75,75,75,75,75,75,75,75,75,75,75,75,75,75,75],"relics":["Lizard Tail","Prayer Wheel","Girya","Bottled Flame","Gremlin Horn","Dead Branch","Nuclear Battery","Pantograph","Molten Egg 2","Old Coin","Singing Bowl","Letter Opener","Mercury Hourglass"],"card_choices":[{"not_picked":["Sweeping Beam","Ball Lightning"],"picked":"Defragment","floor":1},{"not_picked":["Coolheaded","Capacitor"],"picked":"Sweeping Beam","floor":2},{"not_picked":["Hologram","Streamline"],"picked":"Creative AI","floor":6},{"not_picked":["Barrage","Reprieve"],"picked":"Go for the Eyes","floor":7},{"not_picked":["Streamline","Beam Cell"],"picked":"Go for the Eyes","floor":8},{"not_picked":["Axe Kick","Capacitor"],"picked":"Heatsinks","floor":12},{"not_picked":["Force Field","Blaster"],"picked":"Ball Lightning","floor":13},{"not_picked":["Fusion","Thunder Strike"],"picked":"Rainbow","floor":16},{"not_picked":["Stack","Hologram"],"picked":"Force Field","floor":18},{"not_picked":["Barrage","Ball Lightning"],"picked":"Melter","floor":20},{"not_picked":["Barrage","Go for the Eyes"],"picked":"Cold Snap","floor":21},{"not_picked":["Hologram","Fission"],"picked":"Double Energy","floor":24},{"not_picked":["Chaos","Stack"],"picked":"Skim","floor":26},{"not_picked":["Hologram","Axe Kick"],"picked":"Force Field","floor":27}],"player_experience":202834,"potions_floor_usage":[6,24,29,29,29],"damage_taken":[{"damage":2,"enemies":"2 Louse","floor":1,"turns":3},{"damage":4,"enemies":"Cultist","floor":2,"turns":4},{"damage":28,"enemies":"3 Sentries","floor":6,"turns":9},{"damage":2,"enemies":"Small Slimes","floor":7,"turns":4},{"damage":30,"enemies":"Lagavulin","floor":8,"turns":8},{"damage":30,"enemies":"Gremlin Nob","floor":12,"turns":5},{"damage":11,"enemies":"3 Louse","floor":14,"turns":2},{"damage":43,"enemies":"Hexaghost","floor":16,"turns":10},{"damage":20,"enemies":"Spheric Guardian","floor":18,"turns":5},{"damage":24,"enemies":"Chosen","floor":21,"turns":7},{"damage":13,"enemies":"Gremlin Leader","floor":24,"turns":8},{"damage":26,"enemies":"Centurion and Healer","floor":27,"turns":9},{"damage":45,"enemies":"Slavers","floor":29,"turns":4}],"event_choices":[{"event_name":"Wheel of Change","player_choice":"Curse","floor":3,"damage_taken":0},{"event_name":"The Cleric","player_choice":"Leave","floor":5,"damage_taken":0},{"event_name":"World of Goop","player_choice":"Left","floor":11,"damage_taken":0},{"event_name":"The Lab","player_choice":"Got Potions","floor":19,"damage_taken":0},{"event_name":"Addict","player_choice":"Obtained Relic","floor":22,"damage_taken":0}],"boss_relics":[{"not_picked":["Snecko Eye","Inserter"],"picked":"Nuclear Battery"}],"potions_floor_spawned":[1,14,16,21,24,27],"seed_played":"3335468397684148883","killed_by":"Slavers","ascension_level":1,"is_trial":false}