{"gold_per_floor":[109,128,128,142,165,201,201,246,246,246,346,365,401,421,421,421],"floor_reached":16,"playtime":816,"items_purged":[],"score":162,"play_id":"8fdafe15-f103-4736-8c46-1145e23fdfdf","local_time":"20190504082723","is_ascension_mode":true,"campfire_choices":[{"floor":7,"key":"REST"},{"data":"Warcry","floor":10,"key":"SMITH"},{"floor":15,"key":"REST"}],"neow_cost":"PERCENT_DAMAGE","seed_source_timestamp":572870040656208,"circlet_count":0,"master_deck":["Strike_R","Strike_R","Strike_R","Strike_R","Strike_R","Defend_R","Defend_R","Defend_R","Defend_R","Bash","Shockwave","Uppercut","Warcry+1","Demon Form","Pommel Strike"],"relics":["Burning Blood","Champion Belt","Golden Idol","Dodecahedron","Red Skull","Singing Bowl","Smiling Mask"],"potions_floor_usage":[5,6],"damage_taken":[{"damage":0,"enemies":"Small Slimes","floor":1,"turns":3},{"damage":4,"enemies":"Jaw Worm","floor":2,"turns":5},{"damage":1,"enemies":"2 Louse","floor":4,"turns":4},{"damage":13,"enemies":"Gremlin Gang","floor":5,"turns":3},{"damage":56,"enemies":"Lagavulin","floor":6,"turns":10},{"damage":6,"enemies":"Looter","floor":12,"turns":3},{"damage":29,"enemies":"3 Sentries","floor":13,"turns":7},{"damage":4,"enemies":"2 Fungi Beasts","floor":14,"turns":3},{"damage":35,"enemies":"Hexaghost","floor":16,"turns":9}],"seed_played":"5368299789909574939","potions_obtained":[{"floor":1,"key":"SkillPotion"},{"floor":2,"key":"Explosive Potion"},{"floor":13,"key":"Ancient Potion"}],"is_trial":false,"path_per_floor":["M","M","?","M","M","E","R","T","T","R","?","M","E","M","R","B"],"character_chosen":"IRONCLAD","items_purchased":[],"campfire_rested":2,"item_purchase_floors":[],"current_hp_per_floor":[57,59,59,64,57,7,29,29,29,29,29,31,8,12,35,0],"gold":421,"neow_bonus":"ONE_RARE_RELIC","is_prod":false,"is_daily":false,"chose_seed":false,"campfire_upgraded":1,"win_rate":0,"timestamp":1556983643,"path_taken":["M","M","?","M","M","E","R","?","T","R","?","M","E","?","R","BOSS"],"build_version":"2019-01-23","purchased_purges":0,"victory":false,"max_hp_per_floor":[80,80,74,74,74,74,74,74,74,74,74,76,76,78,78,78],"card_choices":[{"not_picked":["Armaments","Flame Barrier"],"picked":"Shockwave","floor":1},{"not_picked":["Flex","Clothesline","Havoc"],"picked":"SKIP","floor":2},{"not_picked":["Flex","Combust"],"picked":"Uppercut","floor":4},{"not_picked":["Clothesline","Clash"],"picked":"Warcry","floor":5},{"not_picked":["Inflame","Heavy Blade"],"picked":"Demon Form","floor":6},{"not_picked":["Rupture","Disarm","Warcry"],"picked":"Singing Bowl","floor":12},{"not_picked":["Heavy Blade","Searing Blow"],"picked":"Pommel Strike","floor":13},{"not_picked":["Heavy Blade","Clothesline","Twin Strike"],"picked":"Singing Bowl","floor":14}],"player_experience":316693,"relics_obtained":[{"floor":6,"key":"Dodecahedron"},{"floor":8,"key":"Red Skull"},{"floor":9,"key":"Singing Bowl"},{"floor":13,"key":"Smiling Mask"}],"event_choices":[{"damage_healed":0,"gold_gain":0,"player_choice":"Lose Max HP","damage_taken":0,"relics_obtained":["Golden Idol"],"max_hp_gain":0,"max_hp_loss":6,"event_name":"Golden Idol","floor":3,"gold_loss":0},{"damage_healed":0,"gold_gain":100,"player_choice":"Pray","damage_taken":0,"max_hp_gain":0,"max_hp_loss":0,"event_name":"Golden Shrine","floor":11,"gold_loss":0}],"is_beta":false,"boss_relics":[],"items_purged_floors":[],"is_endless":false,"potions_floor_spawned":[1,2,13],"killed_by":"Hexaghost","ascension_level":9}