{"gold_per_floor":[116,126,138,149,149,181,256,256,256,270,280,311,325,357,357,453,453,470,470,560,572,572],"floor_reached":22,"playtime":1696,"items_purged":[],"score":291,"play_id":"2eef7fe5-78fd-4635-91fa-cd1fceb5dc02","local_time":"20190427111519","is_ascension_mode":true,"campfire_choices":[{"floor":8,"key":"REST"},{"floor":15,"key":"REST"}],"neow_cost":"NONE","seed_source_timestamp":3073666955527355,"circlet_count":0,"master_deck":["Defend_G+1","Defend_G+1","Defend_G+1","Defend_G+1","Defend_G+1","Strike_G+1","Strike_G+1","Strike_G+1","Strike_G+1","Strike_G+1","Survivor","Neutralize","Dash","Blur","Backflip","Noxious Fumes","Setup","PiercingWail+1","Predator","Crippling Poison","Blade Dance","Dash","Escape Plan","Corpse Explosion","PiercingWail","Backflip+1"],"relics":["Orrery","Ornamental Fan","Gremlin Horn","Ancient Tea Set","Pantograph","HoveringKite"],"potions_floor_usage":[6,11,12,12,14,21],"damage_taken":[{"damage":0,"enemies":"Cultist","floor":1,"turns":5},{"damage":4,"enemies":"Small Slimes","floor":2,"turns":5},{"damage":0,"enemies":"2 Louse","floor":3,"turns":5},{"damage":1,"enemies":"Blue Slaver","floor":4,"turns":7},{"damage":16,"enemies":"3 Sentries","floor":6,"turns":16},{"damage":3,"enemies":"Red Slaver","floor":10,"turns":6},{"damage":4,"enemies":"Large Slime","floor":11,"turns":6},{"damage":10,"enemies":"Lagavulin","floor":12,"turns":6},{"damage":4,"enemies":"Looter","floor":13,"turns":3},{"damage":16,"enemies":"Gremlin Nob","floor":14,"turns":6},{"damage":33,"enemies":"Slime Boss","floor":16,"turns":15},{"damage":1,"enemies":"3 Byrds","floor":18,"turns":5},{"damage":4,"enemies":"Chosen","floor":21,"turns":6},{"damage":41,"enemies":"Snecko","floor":22,"turns":7}],"seed_played":"-7078715543966898511","potions_obtained":[{"floor":1,"key":"GamblersBrew"},{"floor":3,"key":"SteroidPotion"},{"floor":6,"key":"SkillPotion"},{"floor":10,"key":"AttackPotion"},{"floor":12,"key":"Energy Potion"},{"floor":18,"key":"Ancient Potion"}],"is_trial":false,"path_per_floor":["M","M","M","M","?","E","?","R","T","M","M","E","M","E","R","B",null,"M","?","?","M","M"],"character_chosen":"THE_SILENT","items_purchased":[],"campfire_rested":2,"item_purchase_floors":[],"current_hp_per_floor":[63,59,59,58,44,28,17,38,38,35,31,21,17,1,22,14,56,55,55,41,37,0],"gold":572,"neow_bonus":"BOSS_RELIC","is_prod":false,"is_daily":false,"chose_seed":false,"campfire_upgraded":0,"win_rate":0,"timestamp":1556388919,"path_taken":["M","?","M","M","?","E","?","R","T","M","M","E","M","E","R","BOSS","M","?","?","M","M"],"build_version":"2019-01-23","purchased_purges":0,"victory":false,"max_hp_per_floor":[70,70,70,70,70,70,70,70,70,70,70,70,70,70,70,70,70,70,70,70,70,70],"card_choices":[{"not_picked":["Flying Knee","Heel Hook"],"picked":"Dash","floor":0},{"not_picked":["Dagger Spray","Poisoned Stab"],"picked":"Blur","floor":0},{"not_picked":["Reflex","Skewer"],"picked":"Backflip","floor":0},{"not_picked":["Flying Knee","Endless Agony"],"picked":"Noxious Fumes","floor":0},{"not_picked":["Noxious Fumes","Blade Dance"],"picked":"Setup","floor":0},{"not_picked":["Noxious Fumes","Underhanded Strike","Sucker Punch"],"picked":"SKIP","floor":1},{"not_picked":["Outmaneuver","Dodge and Roll"],"picked":"PiercingWail","floor":2},{"not_picked":["Flying Knee","Blade Dance","Prepared"],"picked":"SKIP","floor":3},{"not_picked":["Riddle With Holes","Tactician"],"picked":"Predator","floor":4},{"not_picked":["Predator","Grand Finale","Dagger Spray"],"picked":"SKIP","floor":6},{"not_picked":["Acrobatics","Outmaneuver"],"picked":"Crippling Poison","floor":10},{"not_picked":["Escape Plan","Prepared"],"picked":"Blade Dance","floor":11},{"not_picked":["A Thousand Cuts","All Out Attack"],"picked":"Dash","floor":12},{"not_picked":["Underhanded Strike","Flying Knee"],"picked":"Escape Plan","floor":13},{"not_picked":["Dagger Spray","Endless Agony","Riddle With Holes"],"picked":"SKIP","floor":14},{"not_picked":["Unload","Die Die Die"],"picked":"Corpse Explosion","floor":16},{"not_picked":["Prepared+1","Crippling Poison"],"picked":"PiercingWail","floor":18},{"not_picked":["PiercingWail","Sucker Punch"],"picked":"Backflip+1","floor":21}],"player_experience":300979,"relics_obtained":[{"floor":6,"key":"Ornamental Fan"},{"floor":9,"key":"Gremlin Horn"},{"floor":12,"key":"Ancient Tea Set"},{"floor":14,"key":"Pantograph"}],"event_choices":[{"damage_healed":0,"gold_gain":0,"player_choice":"Entered Light","damage_taken":14,"max_hp_gain":0,"max_hp_loss":0,"event_name":"Shining Light","floor":5,"gold_loss":0,"cards_upgraded":["Strike_G","PiercingWail"]},{"damage_healed":0,"gold_gain":75,"player_choice":"Gather Gold","damage_taken":11,"max_hp_gain":0,"max_hp_loss":0,"event_name":"World of Goop","floor":7,"gold_loss":0},{"damage_healed":0,"gold_gain":0,"player_choice":"Simplicity","damage_taken":0,"max_hp_gain":0,"max_hp_loss":0,"event_name":"Back to Basics","floor":19,"gold_loss":0,"cards_upgraded":["Defend_G","Defend_G","Defend_G","Defend_G","Defend_G","Strike_G","Strike_G","Strike_G","Strike_G"]},{"damage_healed":0,"gold_gain":90,"player_choice":"GOLD ","damage_taken":14,"max_hp_gain":0,"max_hp_loss":0,"event_name":"Knowing Skull","floor":20,"potions_obtained":[],"gold_loss":0,"cards_obtained":[]}],"is_beta":false,"boss_relics":[{"not_picked":["Black Star","Runic Dome"],"picked":"HoveringKite"}],"items_purged_floors":[],"is_endless":false,"potions_floor_spawned":[1,3,6,10,12,18],"killed_by":"Snecko","ascension_level":8}