{"path_per_floor":["M","?","M","$","?","E","M","E","T","$"],"character_chosen":"DEFECT","items_purchased":["DataDisk","Ball Lightning"],"gold_per_floor":[112,112,129,129,129,164,185,228,252,82,82],"floor_reached":11,"campfire_rested":0,"playtime":558,"item_purchase_floors":[10,10],"current_hp_per_floor":[75,75,75,75,57,28,24,18,18,18,0],"items_purged":[],"gold":82,"score":97,"play_id":"49004d47-e6dc-49ee-846c-a976088c5e54","local_time":"20180527143149","is_prod":false,"is_daily":false,"chose_seed":false,"is_ascension_mode":true,"campfire_upgraded":0,"win_rate":0,"timestamp":1527420709,"campfire_choices":[],"path_taken":["M","?","?","$","?","E","M","E","T","?","M"],"build_version":"2018-05-25","seed_source_timestamp":833341075948679,"purchased_purges":0,"victory":false,"master_deck":["Strike_B","Strike_B","Strike_B","Strike_B","Defend_B","Defend_B","Defend_B","Defend_B","Zap","Dualcast+1","Cold Snap","Dark Shackles+1","Double Energy","Blizzard","Sweeping Beam","Ball Lightning","Rebound","Doubt","Ball Lightning"],"max_hp_per_floor":[75,75,75,75,75,75,75,75,75,75,75],"relics":["Cursed Key","Golden Idol","Dream Catcher","Bag of Marbles","War Paint","DataDisk"],"card_choices":[{"not_picked":["Steam","Chill"],"picked":"Cold Snap","floor":1},{"not_picked":["FTL","Static Discharge"],"picked":"Blizzard","floor":3},{"not_picked":["Stack","Recycle"],"picked":"Sweeping Beam","floor":6},{"not_picked":["Melter","Sweeping Beam"],"picked":"Ball Lightning","floor":7},{"not_picked":["Steam","Scrape"],"picked":"Rebound","floor":8}],"player_experience":237997,"potions_floor_usage":[8,8,11],"damage_taken":[{"damage":0,"enemies":"2 Louse","floor":1,"turns":2},{"damage":0,"enemies":"Cultist","floor":3,"turns":4},{"damage":29,"enemies":"Lagavulin","floor":6,"turns":9},{"damage":4,"enemies":"Jaw Worm","floor":7,"turns":6},{"damage":6,"enemies":"Gremlin Nob","floor":8,"turns":3},{"damage":26,"enemies":"Gremlin Gang","floor":11,"turns":3}],"relics_obtained":[{"floor":6,"key":"Dream Catcher"},{"floor":8,"key":"Bag of Marbles"},{"floor":9,"key":"War Paint"}],"event_choices":[{"event_name":"Match and Keep!","player_choice":"2 cards matched","floor":2,"damage_taken":0},{"event_name":"Golden Idol","player_choice":"Take Damage","floor":5,"damage_taken":0}],"boss_relics":[],"items_purged_floors":[],"potions_floor_spawned":[3,7,8],"seed_played":"1391138244026528131","killed_by":"Gremlin Gang","ascension_level":4,"potions_obtained":[{"floor":3,"key":"Explosive Potion"},{"floor":7,"key":"FearPotion"},{"floor":8,"key":"EssenceOfSteel"}],"is_trial":false}