{"path_per_floor":["M","?","M","$","M","R","E","M","T","?","?","M","M","$","R","B",null,"M","?","$","?","M","E","$","R","T","T","M","R","$","M","R","B",null,"M","?","$","M","?","R"],"character_chosen":"DEFECT","items_purchased":["Melter","Beam Cell","Ball Lightning","Conserve Battery","Loop","All For One","Defragment","Happy Flower"],"gold_per_floor":[118,118,131,11,22,22,47,62,62,62,62,81,99,19,19,121,121,136,136,60,60,70,103,31,31,85,109,126,126,47,63,63,159,159,174,174,19,29,29,29,29],"floor_reached":41,"campfire_rested":4,"playtime":3043,"item_purchase_floors":[4,4,14,14,20,24,30,37],"current_hp_per_floor":[37,37,37,37,34,56,49,45,45,45,45,45,45,45,67,63,75,72,72,72,72,72,59,59,75,75,75,71,71,71,71,71,53,75,54,44,44,39,39,61,0],"items_purged":[],"gold":29,"score":409,"play_id":"e3e11afa-ebe3-4798-8767-7daa98e3b79f","local_time":"20180622182906","is_prod":false,"is_daily":false,"chose_seed":false,"is_ascension_mode":false,"campfire_upgraded":2,"win_rate":0,"timestamp":1529684946,"campfire_choices":[{"floor":6,"key":"REST"},{"floor":15,"key":"REST"},{"floor":25,"key":"REST"},{"data":"Loop","floor":29,"key":"SMITH"},{"data":"Defragment","floor":32,"key":"SMITH"},{"floor":40,"key":"REST"}],"path_taken":["M","?","M","$","M","R","E","M","T","?","?","M","M","$","R","BOSS","M","?","$","?","M","E","$","R","T","?","?","R","?","M","R","BOSS","M","?","$","M","?","R","E"],"build_version":"2018-06-21","seed_source_timestamp":5106880936920,"purchased_purges":0,"circlet_count":0,"victory":false,"master_deck":["Strike_B+1","Strike_B+1","Strike_B+1","Defend_B+1","Defend_B+1","Defend_B+1","Defend_B+1","Zap+1","Ball Lightning","Sweeping Beam","Melter","Beam Cell","Genetic Algorithm","Gash","Rebound","Seek","Ball Lightning","Conserve Battery","Echo Form","Rip and Tear","Loop+1","Sweeping Beam+1","All For One","Reprogram+1","Defragment+1","Machine Learning","Thinking Ahead","Magnetism","Master of Strategy","Darkness+1"],"max_hp_per_floor":[75,75,75,75,75,75,75,75,75,75,75,75,75,75,75,75,75,75,75,75,75,75,75,75,75,75,75,75,75,75,75,75,75,75,75,75,75,75,75,75,75],"relics":["Cracked Core","Thread and Needle","Anchor","Bottled Flame","Nuclear Battery","Darkstone Periapt","Ancient Tea Set","Orichalcum","Sozu","Happy Flower"],"card_choices":[{"not_picked":["Hologram","Barrage"],"picked":"Ball Lightning","floor":1},{"not_picked":["Force Field","Aggregate"],"picked":"Sweeping Beam","floor":3},{"not_picked":["Rip and Tear","Conserve Battery"],"picked":"Streamline","floor":5},{"not_picked":["Turbo","Lockon"],"picked":"Genetic Algorithm","floor":7},{"not_picked":["Capacitor","Conserve Battery"],"picked":"Gash","floor":8},{"not_picked":["Skim","Coolheaded"],"picked":"Rebound","floor":12},{"not_picked":["Storm","Capacitor"],"picked":"Seek","floor":13},{"not_picked":["Creative AI","Reboot"],"picked":"Echo Form","floor":16},{"not_picked":["Ball Lightning","Streamline","Reinforced Body"],"picked":"SKIP","floor":18},{"not_picked":["Beam Cell","Ball Lightning","Steam+1"],"picked":"SKIP","floor":22},{"not_picked":["Undo","Rebound"],"picked":"Sweeping Beam+1","floor":23},{"not_picked":["Go for the Eyes","Tempest"],"picked":"Reprogram+1","floor":28},{"not_picked":["Cold Snap+1","Coolheaded","Ball Lightning"],"picked":"SKIP","floor":31},{"not_picked":["Multi-Cast","All For One"],"picked":"Machine Learning","floor":33},{"not_picked":["Leap+1","Beam Cell","Conserve Battery"],"picked":"SKIP","floor":35},{"not_picked":["Trip","Panacea"],"picked":"Thinking Ahead","floor":36},{"not_picked":["Trip","Madness"],"picked":"Magnetism","floor":36},{"not_picked":["Trip","Finesse"],"picked":"Master of Strategy","floor":36},{"not_picked":["Coolheaded+1","Hologram"],"picked":"Darkness+1","floor":38}],"player_experience":110039,"potions_floor_usage":[12,16,16,23,28,31,33],"damage_taken":[{"damage":1,"enemies":"Jaw Worm","floor":1,"turns":3},{"damage":0,"enemies":"Cultist","floor":3,"turns":3},{"damage":3,"enemies":"2 Louse","floor":5,"turns":2},{"damage":7,"enemies":"3 Sentries","floor":7,"turns":4},{"damage":4,"enemies":"Gremlin Gang","floor":8,"turns":4},{"damage":0,"enemies":"Looter","floor":12,"turns":2},{"damage":0,"enemies":"Exordium Thugs","floor":13,"turns":3},{"damage":4,"enemies":"Slime Boss","floor":16,"turns":8},{"damage":3,"enemies":"Shell Parasite","floor":18,"turns":4},{"damage":0,"enemies":"2 Thieves","floor":22,"turns":3},{"damage":13,"enemies":"Book of Stabbing","floor":23,"turns":5},{"damage":4,"enemies":"Snecko","floor":28,"turns":4},{"damage":0,"enemies":"Snake Plant","floor":31,"turns":4},{"damage":18,"enemies":"Champ","floor":33,"turns":9},{"damage":21,"enemies":"3 Darklings","floor":35,"turns":4},{"damage":5,"enemies":"3 Shapes","floor":38,"turns":5},{"damage":66,"enemies":"2 Orb Walkers","floor":41,"turns":5}],"relics_obtained":[{"floor":7,"key":"Anchor"},{"floor":9,"key":"Bottled Flame"},{"floor":23,"key":"Darkstone Periapt"},{"floor":26,"key":"Ancient Tea Set"},{"floor":27,"key":"Orichalcum"}],"event_choices":[{"event_name":"Living Wall","player_choice":"Grow","floor":2,"damage_taken":0},{"event_name":"Bonfire Elementals","player_choice":"BASIC","floor":10,"damage_taken":0},{"event_name":"The Woman in Blue","player_choice":"Bought 0 Potions","floor":11,"damage_taken":0},{"event_name":"Transmorgrifier","player_choice":"Transform","floor":19,"damage_taken":0},{"event_name":"Back to Basics","player_choice":"Simplicity","floor":21,"damage_taken":0},{"event_name":"SensoryStone","player_choice":"Memory 3","floor":36,"damage_taken":0},{"event_name":"Falling","player_choice":"Removed Attack","floor":39,"damage_taken":0}],"boss_relics":[{"not_picked":["Busted Crown","Velvet Choker"],"picked":"Nuclear Battery"},{"not_picked":["Snecko Eye","Lizard Tail"],"picked":"Sozu"}],"items_purged_floors":[],"is_endless":false,"potions_floor_spawned":[3,7,8,16,22,23,28,38],"seed_played":"2066613396829827401","killed_by":"2 Orb Walkers","ascension_level":0,"potions_obtained":[{"floor":3,"key":"Swift Potion"},{"floor":7,"key":"Dexterity Potion"},{"floor":8,"key":"Energy Potion"},{"floor":16,"key":"Dexterity Potion"},{"floor":22,"key":"FearPotion"},{"floor":23,"key":"Fire Potion"},{"floor":28,"key":"Weak Potion"}],"is_trial":false}