{"gold_per_floor":[110,110,185,202,213,240,260,280,326,341,352,302,320,330,330,432,432,446,446,459,149,163,163,173,189,189,209,229,264,275,275,275,378,378,389,13,23,23,37,69,69,95,118,118,118,3,3,23,23,23],"floor_reached":51,"playtime":4022,"items_purged":["Berserk"],"score":939,"play_id":"9252db77-5f49-4b06-91df-713aaf2957d2","local_time":"20190317094737","is_ascension_mode":true,"campfire_choices":[{"data":"Bash","floor":15,"key":"SMITH"},{"data":"Headbutt","floor":23,"key":"SMITH"},{"data":"Uppercut","floor":32,"key":"SMITH"},{"data":"Dark Embrace","floor":41,"key":"SMITH"},{"floor":45,"key":"REST"},{"data":"Fiend Fire","floor":47,"key":"SMITH"},{"data":"Juggernaut","floor":49,"key":"SMITH"}],"neow_cost":"NONE","seed_source_timestamp":65796750845731,"circlet_count":0,"master_deck":["Bash+1","Battle Trance+1","Headbutt+1","Havoc+1","Shrug It Off+1","Seeing Red+1","Burning Pact+1","Havoc+1","Bludgeon+1","Clash","Rage+1","Uppercut+1","Shrug It Off+1","Infernal Blade+1","Burning Pact+1","Inflame","True Grit+1","Flex+1","Havoc+1","Flex+1","Secret Weapon+1","Seeing Red+1","Warcry+1","Battle Trance+1","Shrug It Off+1","Juggernaut+1","Cleave+1","Dark Embrace+1","Rage+1","True Grit+1","Metallicize","Battle Trance+1","Sentinel+1","Dual Wield+1","True Grit+1","Enlightenment+1","Pommel Strike+1","Pummel","Limit Break+1","Sentinel+1","Warcry+1","Fiend Fire+1","Flash of Steel","Sever Soul+1"],"relics":["Burning Blood","Toxic Egg 2","Letter Opener","War Paint","Pandora\u0027s Box","The Courier","Red Skull","Busted Crown","Membership Card","Tiny Chest","Bottled Tornado","Strawberry","Smiling Mask","Blood Vial"],"potions_floor_usage":[6,6,39,48,50,50],"damage_taken":[{"damage":13,"enemies":"Jaw Worm","floor":1,"turns":4},{"damage":1,"enemies":"Cultist","floor":4,"turns":3},{"damage":0,"enemies":"Small Slimes","floor":5,"turns":3},{"damage":30,"enemies":"3 Sentries","floor":6,"turns":7},{"damage":4,"enemies":"Red Slaver","floor":7,"turns":3},{"damage":4,"enemies":"2 Fungi Beasts","floor":8,"turns":2},{"damage":0,"enemies":"Looter","floor":10,"turns":2},{"damage":4,"enemies":"Gremlin Gang","floor":11,"turns":3},{"damage":2,"enemies":"Blue Slaver","floor":13,"turns":2},{"damage":0,"enemies":"3 Louse","floor":14,"turns":1},{"damage":8,"enemies":"Slime Boss","floor":16,"turns":7},{"damage":0,"enemies":"3 Byrds","floor":18,"turns":3},{"damage":0,"enemies":"Spheric Guardian","floor":20,"turns":2},{"damage":1,"enemies":"Shelled Parasite and Fungi","floor":22,"turns":2},{"damage":0,"enemies":"Cultist and Chosen","floor":24,"turns":2},{"damage":0,"enemies":"Sentry and Sphere","floor":25,"turns":2},{"damage":9,"enemies":"Snake Plant","floor":27,"turns":2},{"damage":5,"enemies":"Shelled Parasite and Fungi","floor":28,"turns":2},{"damage":0,"enemies":"Book of Stabbing","floor":29,"turns":2},{"damage":0,"enemies":"Sentry and Sphere","floor":30,"turns":2},{"damage":51,"enemies":"Champ","floor":33,"turns":7},{"damage":30,"enemies":"3 Shapes","floor":35,"turns":2},{"damage":34,"enemies":"3 Darklings","floor":37,"turns":4},{"damage":0,"enemies":"Spire Growth","floor":39,"turns":2},{"damage":0,"enemies":"Giant Head","floor":40,"turns":2},{"damage":1,"enemies":"Nemesis","floor":42,"turns":3},{"damage":0,"enemies":"Maw","floor":48,"turns":5},{"damage":11,"enemies":"Awakened One","floor":50,"turns":5}],"seed_played":"650707991625208555","potions_obtained":[{"floor":1,"key":"Explosive Potion"},{"floor":5,"key":"BloodPotion"},{"floor":6,"key":"Poison Potion"},{"floor":13,"key":"SteroidPotion"},{"floor":16,"key":"FearPotion"},{"floor":18,"key":"Swift Potion"},{"floor":24,"key":"Strength Potion"},{"floor":28,"key":"AttackPotion"},{"floor":42,"key":"Ancient Potion"}],"is_trial":false,"path_per_floor":["M","?","?","M","M","E","M","M","T","M","M","?","M","M","R","B",null,"M","?","M","$","M","R","M","M","T","M","M","E","M","?","R","B",null,"M","$","M","T","M","E","R","E","T","?","R","$","R","M","R","B",null],"character_chosen":"IRONCLAD","items_purchased":["Havoc+1","Flex+1","Secret Weapon+1","Membership Card","True Grit+1","Metallicize","Tiny Chest","Battle Trance+1","Sentinel+1","Dual Wield+1","True Grit+1","Enlightenment+1","Sentinel+1","Warcry+1","Fiend Fire","Flash of Steel"],"campfire_rested":1,"item_purchase_floors":[21,21,21,36,36,36,36,36,36,36,36,36,46,46,46,46],"current_hp_per_floor":[73,66,58,63,69,53,55,57,57,63,65,65,69,75,75,73,80,80,80,80,80,80,80,80,80,80,77,78,80,80,80,80,35,80,56,56,28,28,34,47,47,52,52,52,78,78,78,86,86,82],"gold":23,"neow_bonus":"THREE_CARDS","is_prod":false,"is_daily":false,"chose_seed":false,"campfire_upgraded":6,"win_rate":0,"timestamp":1552841257,"path_taken":["M","?","?","M","M","E","M","M","T","?","M","?","M","M","R","BOSS","M","?","M","?","?","R","M","M","T","M","M","E","M","?","R","BOSS","M","$","M","?","M","E","R","E","T","?","R","$","R","M","R","BOSS"],"build_version":"2019-01-23","purchased_purges":1,"victory":true,"max_hp_per_floor":[80,80,80,80,80,80,80,80,80,80,80,80,80,80,80,80,80,80,80,80,80,80,80,80,80,80,80,80,80,80,80,80,80,80,80,80,80,80,80,87,87,87,87,87,87,87,87,87,87,87],"card_choices":[{"not_picked":["Uppercut","Shrug It Off"],"picked":"Cleave","floor":0},{"not_picked":["Clash","Shockwave"],"picked":"Battle Trance","floor":1},{"not_picked":["Cleave","Thunderclap"],"picked":"Headbutt","floor":4},{"not_picked":["Iron Wave","Thunderclap"],"picked":"Havoc+1","floor":5},{"not_picked":["Twin Strike","Berserk"],"picked":"Shrug It Off+1","floor":6},{"not_picked":["Pommel Strike","Whirlwind"],"picked":"Seeing Red+1","floor":7},{"not_picked":["Perfected Strike","Wild Strike"],"picked":"Burning Pact+1","floor":8},{"not_picked":["Twin Strike","Fire Breathing","Clash"],"picked":"SKIP","floor":10},{"not_picked":["Reckless Charge","Combust","Perfected Strike"],"picked":"SKIP","floor":11},{"not_picked":["Pommel Strike","Cleave"],"picked":"Havoc+1","floor":13},{"not_picked":["Power Through+1","Cleave","Fire Breathing"],"picked":"SKIP","floor":14},{"not_picked":["Fiend Fire","Berserk"],"picked":"Bludgeon","floor":16},{"not_picked":["Headbutt","Heavy Blade"],"picked":"True Grit+1","floor":18},{"not_picked":["Clothesline","Uppercut"],"picked":"Flex+1","floor":20},{"not_picked":["Combust","Pommel Strike"],"picked":"Seeing Red+1","floor":22},{"not_picked":["Combust","Wild Strike"],"picked":"Warcry+1","floor":24},{"not_picked":["Entrench+1","Uppercut","Blood for Blood"],"picked":"SKIP","floor":25},{"not_picked":["Entrench+1","Uppercut","Blood for Blood"],"picked":"SKIP","floor":25},{"not_picked":["Entrench+1","Seeing Red+1"],"picked":"Battle Trance+1","floor":27},{"not_picked":["Clash","Perfected Strike"],"picked":"Shrug It Off+1","floor":28},{"not_picked":["Whirlwind","Shrug It Off+1"],"picked":"Juggernaut","floor":29},{"not_picked":["Whirlwind","Clothesline"],"picked":"Cleave+1","floor":30},{"not_picked":["Bludgeon","Offering+1"],"picked":"Dark Embrace","floor":33},{"not_picked":[],"picked":"Rage+1","floor":35},{"not_picked":[],"picked":"Armaments+1","floor":37},{"not_picked":["Combust"],"picked":"SKIP","floor":39},{"not_picked":[],"picked":"Pommel Strike+1","floor":40},{"not_picked":[],"picked":"Pummel","floor":42},{"not_picked":[],"picked":"Sever Soul+1","floor":48}],"player_experience":188833,"relics_obtained":[{"floor":6,"key":"Letter Opener"},{"floor":9,"key":"War Paint"},{"floor":26,"key":"The Courier"},{"floor":29,"key":"Red Skull"},{"floor":38,"key":"Bottled Tornado"},{"floor":40,"key":"Strawberry"},{"floor":42,"key":"Smiling Mask"},{"floor":43,"key":"Blood Vial"}],"event_choices":[{"damage_healed":0,"gold_gain":0,"player_choice":"Success","damage_taken":7,"relics_obtained":["Toxic Egg 2"],"max_hp_gain":0,"max_hp_loss":0,"event_name":"Scrap Ooze","floor":2,"gold_loss":0},{"damage_healed":0,"gold_gain":75,"player_choice":"Touch","damage_taken":8,"max_hp_gain":0,"max_hp_loss":0,"event_name":"FaceTrader","floor":3,"gold_loss":0},{"cards_removed":["Strike_R"],"damage_healed":0,"gold_gain":0,"player_choice":"Card Removal","damage_taken":0,"max_hp_gain":0,"max_hp_loss":0,"event_name":"The Cleric","floor":12,"gold_loss":50},{"damage_healed":0,"gold_gain":0,"player_choice":"Forge","damage_taken":0,"max_hp_gain":0,"max_hp_loss":0,"event_name":"Accursed Blacksmith","floor":19,"gold_loss":0,"cards_upgraded":["Bludgeon"]},{"cards_removed":["Cleave"],"damage_healed":5,"gold_gain":0,"player_choice":"Offered Common","damage_taken":0,"max_hp_gain":0,"max_hp_loss":0,"event_name":"Bonfire Elementals","floor":31,"gold_loss":0},{"cards_removed":["Cleave"],"damage_healed":5,"gold_gain":0,"player_choice":"Offered Special","damage_taken":0,"max_hp_gain":0,"max_hp_loss":0,"event_name":"Bonfire Elementals","floor":31,"gold_loss":0},{"damage_healed":0,"gold_gain":0,"cards_transformed":["Armaments"],"player_choice":"Transformed","damage_taken":0,"max_hp_gain":0,"max_hp_loss":0,"event_name":"Transmorgrifier","floor":44,"gold_loss":0,"cards_obtained":["Limit Break"]}],"is_beta":false,"boss_relics":[{"not_picked":["Runic Pyramid","White Beast Statue"],"picked":"Pandora\u0027s Box"},{"not_picked":["Eternal Feather","Empty Cage"],"picked":"Busted Crown"}],"items_purged_floors":[21],"is_endless":false,"potions_floor_spawned":[1,5,6,13,16,18,24,25,28,30,35,42],"ascension_level":4}