{"gold_per_floor":[114,133,208,158,3,33,33,46,70,85,104,104,138,163,175,288,350,379,410,522,544,576,588,600,644,656,680,692,704,727,759,771,783],"floor_reached":33,"playtime":2028,"items_purged":["Strike_B"],"score":337,"play_id":"008af636-0260-42ed-8083-38b8952e07b1","local_time":"20190318202831","is_ascension_mode":true,"campfire_choices":[{"data":"Double Energy","floor":7,"key":"SMITH"},{"data":"Rip and Tear","floor":12,"key":"SMITH"},{"data":"Zap","floor":15,"key":"SMITH"},{"floor":23,"key":"REST"},{"floor":32,"key":"REST"}],"neow_cost":"TEN_PERCENT_HP_LOSS","seed_source_timestamp":192668930957783,"circlet_count":0,"master_deck":["Strike_B","Strike_B","Defend_B","Defend_B","Defend_B","Defend_B+1","Zap+1","Dualcast","Genetic Algorithm","BootSequence","Double Energy+1","Compile Driver","Rip and Tear+1","Ball Lightning","Reinforced Body","Ball Lightning","Seek","Skim","Electrodynamics","Double Energy","Redo","Coolheaded+1","Ball Lightning","Consume","Reboot","Undo+1","Cold Snap+1","Leap+1"],"relics":["Cracked Core","Turnip","Smiling Mask","DataDisk","MawBank","Tiny House","Mercury Hourglass","Bottled Lightning","Singing Bowl"],"potions_floor_usage":[6,13,16,18,21,25,33,33],"damage_taken":[{"damage":1,"enemies":"Cultist","floor":1,"turns":4},{"damage":1,"enemies":"Jaw Worm","floor":2,"turns":3},{"damage":14,"enemies":"3 Sentries","floor":6,"turns":10},{"damage":0,"enemies":"Small Slimes","floor":8,"turns":3},{"damage":0,"enemies":"Blue Slaver","floor":10,"turns":3},{"damage":0,"enemies":"3 Louse","floor":11,"turns":3},{"damage":12,"enemies":"Gremlin Nob","floor":13,"turns":3},{"damage":2,"enemies":"Lots of Slimes","floor":14,"turns":4},{"damage":34,"enemies":"Hexaghost","floor":16,"turns":10},{"damage":11,"enemies":"Spheric Guardian","floor":18,"turns":3},{"damage":7,"enemies":"3 Byrds","floor":19,"turns":3},{"damage":11,"enemies":"Centurion and Healer","floor":21,"turns":4},{"damage":25,"enemies":"Shelled Parasite and Fungi","floor":22,"turns":8},{"damage":15,"enemies":"Slavers","floor":25,"turns":4},{"damage":0,"enemies":"Sentry and Sphere","floor":27,"turns":3},{"damage":10,"enemies":"Snake Plant","floor":30,"turns":4},{"damage":0,"enemies":"Centurion and Healer","floor":31,"turns":2},{"damage":47,"enemies":"Champ","floor":33,"turns":9}],"seed_played":"6133406633625105605","potions_obtained":[{"floor":1,"key":"Regen Potion"},{"floor":2,"key":"SkillPotion"},{"floor":6,"key":"FearPotion"},{"floor":16,"key":"Explosive Potion"},{"floor":17,"key":"Dexterity Potion"},{"floor":21,"key":"Strength Potion"},{"floor":22,"key":"AttackPotion"},{"floor":31,"key":"Dexterity Potion"}],"is_trial":false,"path_per_floor":["M","M","?","?","$","E","R","M","T","M","M","R","E","M","R","B",null,"M","M","?","M","M","R","?","E","T","M","$","T","M","M","R","B"],"character_chosen":"DEFECT","items_purchased":["Double Energy","Compile Driver"],"campfire_rested":2,"item_purchase_floors":[5,5],"current_hp_per_floor":[67,66,55,55,55,41,41,41,41,41,41,41,29,27,27,8,73,62,55,55,44,19,40,40,25,25,25,25,25,15,15,36,0],"gold":783,"neow_bonus":"ONE_RARE_RELIC","is_prod":false,"is_daily":false,"chose_seed":false,"campfire_upgraded":3,"win_rate":0,"timestamp":1552966111,"path_taken":["M","M","?","?","?","E","R","M","T","?","M","R","E","M","R","BOSS","M","M","?","?","M","R","?","E","T","M","$","?","M","M","R","BOSS"],"build_version":"2019-01-23","purchased_purges":1,"victory":false,"max_hp_per_floor":[68,68,68,68,68,68,68,68,68,68,68,68,68,68,68,68,73,73,73,73,73,73,73,73,73,73,73,73,73,73,73,73,73],"card_choices":[{"not_picked":["Defragment","Chaos"],"picked":"Genetic Algorithm","floor":1},{"not_picked":["Hologram","Compile Driver"],"picked":"BootSequence","floor":2},{"not_picked":["Streamline","Defragment"],"picked":"Rip and Tear","floor":6},{"not_picked":["Meteor Strike","Chaos"],"picked":"Ball Lightning","floor":8},{"not_picked":["Blizzard","Scrape"],"picked":"Reinforced Body","floor":10},{"not_picked":["Beam Cell","Gash"],"picked":"Ball Lightning","floor":11},{"not_picked":["Double Energy","Scrape"],"picked":"Seek","floor":13},{"not_picked":["Auto Shields","Compile Driver"],"picked":"Skim","floor":14},{"not_picked":["Biased Cognition","Rainbow"],"picked":"Electrodynamics","floor":16},{"not_picked":["Rebound","Steam Power"],"picked":"Double Energy","floor":17},{"not_picked":["Self Repair","Barrage"],"picked":"Redo","floor":18},{"not_picked":["Compile Driver","Sweeping Beam"],"picked":"Coolheaded+1","floor":19},{"not_picked":["Go for the Eyes","Hologram"],"picked":"Ball Lightning","floor":21},{"not_picked":["Reprogram","Force Field"],"picked":"Consume","floor":22},{"not_picked":["Coolheaded+1","FTL"],"picked":"Undo+1","floor":25},{"not_picked":["Sweeping Beam","Hyperbeam","Sunder"],"picked":"SKIP","floor":27},{"not_picked":["Beam Cell","Chaos"],"picked":"Cold Snap+1","floor":30},{"not_picked":["Aggregate","Compile Driver"],"picked":"Leap+1","floor":31}],"player_experience":199394,"relics_obtained":[{"floor":6,"key":"Smiling Mask"},{"floor":9,"key":"DataDisk"},{"floor":13,"key":"MawBank"},{"floor":25,"key":"Mercury Hourglass"},{"floor":26,"key":"Bottled Lightning"},{"floor":29,"key":"Singing Bowl"}],"event_choices":[{"damage_healed":0,"gold_gain":75,"player_choice":"Gather Gold","damage_taken":11,"max_hp_gain":0,"max_hp_loss":0,"event_name":"World of Goop","floor":3,"gold_loss":0},{"cards_removed":["Strike_B"],"damage_healed":0,"gold_gain":0,"player_choice":"Card Removal","damage_taken":0,"max_hp_gain":0,"max_hp_loss":0,"event_name":"The Cleric","floor":4,"gold_loss":50},{"damage_healed":0,"gold_gain":100,"player_choice":"Pray","damage_taken":0,"max_hp_gain":0,"max_hp_loss":0,"event_name":"Golden Shrine","floor":20,"gold_loss":0},{"damage_healed":0,"gold_gain":0,"player_choice":"Read","damage_taken":0,"max_hp_gain":0,"max_hp_loss":0,"event_name":"The Library","floor":24,"gold_loss":0,"cards_obtained":["Reboot"]}],"is_beta":false,"boss_relics":[{"not_picked":["Inserter","Velvet Choker"],"picked":"Tiny House"}],"items_purged_floors":[5],"is_endless":false,"potions_floor_spawned":[1,2,6,16,21,22,31],"killed_by":"Champ","ascension_level":4}