{"path_per_floor":["M","M","M","$","M","E","R","?","T","R","M","R","M","M","R","B",null,"M","$","?","$","?","E","R","M","T","?","E","R","M","E","R","B",null,"M","M","?","M","M","E","R","E","T","R","$","M","E","?","R"],"character_chosen":"IRONCLAD","items_purchased":["Flex","Flex","Magic Flower","Flex","Pantograph","Flash of Steel"],"gold_per_floor":[112,128,140,13,33,58,58,133,214,214,227,227,237,248,248,347,347,363,312,312,12,46,78,78,97,149,149,180,180,194,225,225,330,330,350,367,367,383,401,433,433,466,491,491,4,19,49,49,49],"floor_reached":50,"campfire_rested":7,"playtime":3305,"current_hp_per_floor":[69,72,78,78,79,32,32,21,21,45,47,47,51,38,62,51,80,80,80,80,80,50,20,44,53,53,53,42,66,69,64,64,46,80,80,79,79,62,71,40,64,41,41,65,65,72,39,39,63],"items_purged":["Clumsy","Defend_R"],"gold":49,"score":647,"play_id":"1d872a07-ba84-47a4-8ac9-2538a1317930","is_prod":false,"is_daily":false,"is_ascension_mode":true,"campfire_upgraded":3,"path_taken":["M","?","M","?","M","E","R","?","T","R","M","R","?","M","R","BOSS","M","$","?","$","?","E","R","?","T","?","E","R","M","E","R","BOSS","M","M","?","M","M","E","R","E","T","R","$","M","E","?","R","BOSS"],"build_version":"2018-02-08-BETA1","purchased_purges":2,"victory":false,"master_deck":["Strike_R","Strike_R","Strike_R","Strike_R+1","Strike_R","Defend_R","Defend_R","Bash","Flex+1","Fire Breathing+1","Clash","Flex+1","Metallicize","Inflame","Reckless Charge+1","True Grit","Impervious","Clash+1","Flex","Thunderclap","Second Wind+1","Sentinel+1","Headbutt+1","Flex+1","Double Tap","Metallicize","Inflame+1","Second Wind+1","Sentinel+1","Berserk","Flex","Flash of Steel","Infernal Blade+1"],"max_hp_per_floor":[80,80,80,80,80,80,80,80,80,80,80,80,80,80,80,80,80,80,80,80,80,80,80,80,80,80,80,80,80,80,80,80,80,80,80,80,80,80,80,80,80,80,80,80,80,80,80,80,80],"relics":["Burning Blood","Unceasing Top","Bag of Marbles","Bottled Lightning","Sozu","Magic Flower","Red Mask","Bottled Tornado","Lantern","Shuriken","Oddly Smooth Stone","Question Card","Whetstone","Bag of Preparation","Orichalcum","Pantograph","Girya"],"card_choices":[{"not_picked":["Iron Wave","Hemokinesis"],"picked":"Flex"},{"not_picked":["Sever Soul","Battle Trance"],"picked":"Fire Breathing"},{"not_picked":["Heavy Blade","Dropkick"],"picked":"Clash"},{"not_picked":["Thunderclap","Pommel Strike"],"picked":"Metallicize"},{"not_picked":["Heavy Blade","Battle Trance"],"picked":"Inflame"},{"not_picked":["Bludgeon","Uppercut"],"picked":"Reckless Charge"},{"not_picked":["Body Slam","Bloodletting"],"picked":"True Grit"},{"not_picked":["Immolate","Juggernaut"],"picked":"Impervious"},{"not_picked":["Rupture","Battle Trance"],"picked":"Clash"},{"not_picked":["Corruption","Rampage"],"picked":"Thunderclap"},{"not_picked":["Uppercut","Sword Boomerang"],"picked":"Second Wind"},{"not_picked":["Warcry","Sword Boomerang"],"picked":"Sentinel"},{"not_picked":["True Grit","Bloodletting"],"picked":"Headbutt"},{"not_picked":["Shrug It Off","Brutality"],"picked":"Flex"},{"not_picked":["Limit Break","Exhume"],"picked":"Double Tap"},{"not_picked":["Anger","Evolve","Sword Boomerang"],"picked":"Metallicize"},{"not_picked":["Shrug It Off","Wild Strike","Twin Strike"],"picked":"Inflame"},{"not_picked":["Exhume","Perfected Strike","Whirlwind"],"picked":"Second Wind"},{"not_picked":["Bludgeon","Clothesline","Body Slam"],"picked":"Sentinel"},{"not_picked":["Burning Pact","Body Slam","Rupture"],"picked":"Berserk"},{"not_picked":["True Grit","Rampage","Iron Wave"],"picked":"Infernal Blade"}],"player_experience":115965,"potions_floor_usage":[],"damage_taken":[{"damage":17.0,"enemies":"Blue Slaver","floor":1.0,"turns":7.0},{"damage":3.0,"enemies":"2 Louse","floor":2.0,"turns":3.0},{"damage":0.0,"enemies":"Small Slimes","floor":3.0,"turns":3.0},{"damage":5.0,"enemies":"Gremlin Gang","floor":5.0,"turns":4.0},{"damage":53.0,"enemies":"Lagavulin","floor":6.0,"turns":7.0},{"damage":4.0,"enemies":"Lots of Slimes","floor":11.0,"turns":4.0},{"damage":2.0,"enemies":"2 Fungi Beasts","floor":13.0,"turns":3.0},{"damage":19.0,"enemies":"Large Slime","floor":14.0,"turns":4.0},{"damage":17.0,"enemies":"Slime Boss","floor":16.0,"turns":8.0},{"damage":0.0,"enemies":"Spheric Guardian","floor":18.0,"turns":4.0},{"damage":39.0,"enemies":"Masked Bandits","floor":22.0,"turns":4.0},{"damage":39.0,"enemies":"Slavers","floor":23.0,"turns":5.0},{"damage":0.0,"enemies":"Shell Parasite","floor":25.0,"turns":2.0},{"damage":20.0,"enemies":"Gremlin Leader","floor":28.0,"turns":5.0},{"damage":6.0,"enemies":"Snake Plant","floor":30.0,"turns":2.0},{"damage":14.0,"enemies":"Slavers","floor":31.0,"turns":4.0},{"damage":27.0,"enemies":"Collector","floor":33.0,"turns":7.0},{"damage":0,"enemies":"Orb Walker","floor":35,"turns":1},{"damage":10,"enemies":"3 Shapes","floor":36,"turns":4},{"damage":26,"enemies":"Flame Bruiser 2 Orb","floor":38,"turns":6},{"damage":0,"enemies":"3 Darklings","floor":39,"turns":2},{"damage":40,"enemies":"Nemesis","floor":40,"turns":9},{"damage":32,"enemies":"Giant Head","floor":42,"turns":6},{"damage":2,"enemies":"Sphere and 2 Shapes","floor":46,"turns":3},{"damage":42,"enemies":"2 Orb Walkers","floor":47,"turns":4},{"damage":91,"enemies":"Awakened One","floor":50,"turns":4}],"event_choices":[{"event_name":"World of Goop","player_choice":"Gather Gold","floor":8.0,"damage_taken":0.0},{"event_name":"Beggar","player_choice":"Ignored","floor":20.0,"damage_taken":0.0},{"event_name":"Masked Bandits","player_choice":"Fought over 12 gold","floor":22.0,"damage_taken":0.0},{"event_name":"Upgrade Shrine","player_choice":"Upgraded","floor":27.0,"damage_taken":0.0},{"event_name":"Mysterious Sphere","player_choice":"Ignore","floor":48,"damage_taken":0}],"boss_relics":[{"not_picked":["White Beast Statue","Velvet Choker"],"picked":"Question Card"}],"potions_floor_spawned":[2,3,5,6,13,22,23,28,30,38,39,42,46,47],"seed_played":"-1183811220897524756","killed_by":"Awakened One","ascension_level":3,"is_trial":false}