{"gold_per_floor":[109,122,137,150,164,164,239,250,250,28,46,79,79,99,99,199,199,217,227,239,7,17,17,0,0,0,25,25,25,25,56,56,161,161,180,22,22,22,22,22,38,49,49,66,66,77,107,24,24,24],"floor_reached":50,"playtime":2771,"items_purged":["Strike_B"],"score":732,"play_id":"3a19014f-5db3-4f43-844b-37b47f5c7776","local_time":"20181125132552","is_ascension_mode":true,"campfire_choices":[{"data":"Buffer","floor":6.0,"key":"SMITH"},{"data":"Hologram","floor":15.0,"key":"SMITH"},{"data":"Mayhem","floor":23,"key":"SMITH"},{"floor":25,"key":"REST"},{"floor":28,"key":"REST"},{"data":"Loop","floor":32,"key":"SMITH"},{"data":"Madness","floor":40,"key":"SMITH"},{"floor":45,"key":"REST"},{"data":"Echo Form","floor":49,"key":"SMITH"}],"neow_cost":"NONE","seed_source_timestamp":0,"circlet_count":0,"master_deck":["Strike_B+1","Strike_B+1","Strike_B+1","Defend_B+1","Defend_B+1","Defend_B+1","Defend_B+1","Zap+1","Dualcast","Loop+1","Conserve Battery","Buffer+1","Go for the Eyes","Ball Lightning","Hologram+1","Defragment","Cold Snap","Hologram","Glacier","Leap","Skim","All For One","Heatsinks","Recycle+1","Double Energy+1","Storm","Mayhem+1","Go for the Eyes","Beam Cell","Echo Form+1","Electrodynamics","Streamline+1","Heatsinks","Scrape","Madness+1","Madness+1","Steam Power+1","Turbo+1","Rebound+1","Steam","Heatsinks"],"special_seed":0,"relics":["Cracked Core","Gremlin Horn","Shuriken","Nuclear Battery","Lantern","Regal Pillow","Singing Bowl","Sozu","Letter Opener","Orichalcum"],"potions_floor_usage":[27,31],"damage_taken":[{"damage":0.0,"enemies":"2 Louse","floor":1.0,"turns":2.0},{"damage":0.0,"enemies":"Cultist","floor":2.0,"turns":2.0},{"damage":0.0,"enemies":"Small Slimes","floor":3.0,"turns":3.0},{"damage":4.0,"enemies":"Exordium Wildlife","floor":4.0,"turns":5.0},{"damage":0.0,"enemies":"3 Louse","floor":5.0,"turns":3.0},{"damage":0.0,"enemies":"Looter","floor":8.0,"turns":3.0},{"damage":5.0,"enemies":"Gremlin Gang","floor":11.0,"turns":3.0},{"damage":0.0,"enemies":"Lagavulin","floor":12.0,"turns":7.0},{"damage":0.0,"enemies":"Large Slime","floor":14.0,"turns":5.0},{"damage":8.0,"enemies":"The Guardian","floor":16.0,"turns":13.0},{"damage":2.0,"enemies":"Shell Parasite","floor":18.0,"turns":7.0},{"damage":24.0,"enemies":"3 Byrds","floor":19.0,"turns":5.0},{"damage":0.0,"enemies":"Centurion and Healer","floor":20.0,"turns":8.0},{"damage":28,"enemies":"Sentry and Sphere","floor":22,"turns":5},{"damage":20,"enemies":"Slavers","floor":27,"turns":3},{"damage":15,"enemies":"Book of Stabbing","floor":31,"turns":6},{"damage":11,"enemies":"Champ","floor":33,"turns":9},{"damage":6,"enemies":"3 Darklings","floor":35,"turns":4},{"damage":28,"enemies":"3 Shapes","floor":41,"turns":4},{"damage":0,"enemies":"Maw","floor":42,"turns":7},{"damage":0,"enemies":"4 Shapes","floor":44,"turns":3},{"damage":0,"enemies":"Spire Growth","floor":46,"turns":4},{"damage":0,"enemies":"Nemesis","floor":47,"turns":5},{"damage":75,"enemies":"Donu and Deca","floor":50,"turns":6}],"seed_played":"-3611165894783569699","potions_obtained":[{"floor":3.0,"key":"PowerPotion"},{"floor":5.0,"key":"SkillPotion"},{"floor":11.0,"key":"SkillPotion"},{"floor":13.0,"key":"SneckoOil"},{"floor":13.0,"key":"SkillPotion"},{"floor":16.0,"key":"SkillPotion"},{"floor":20.0,"key":"SteroidPotion"},{"floor":27,"key":"SteroidPotion"}],"is_trial":false,"path_per_floor":["M","M","M","M","M","R","?","M","T","$","M","E","?","M","R","B",null,"M","M","M","$","M","R","?","R","T","E","R","$","?","E","R","B",null,"M","$","?","?","?","R","M","M","T","M","R","M","E","$","R","B"],"character_chosen":"DEFECT","items_purchased":["Defragment","Cold Snap","Hologram","Storm","Mayhem","Heatsinks","Scrape","Steam","Heatsinks"],"campfire_rested":3,"item_purchase_floors":[10,10,10,21,21,36,36,48,48],"current_hp_per_floor":[75,75,75,71,71,71,60,60,60,60,55,55,55,55,55,47,75,73,49,49,49,21,21,21,43,43,23,60,60,60,45,45,34,75,69,69,60,60,60,60,32,32,32,34,72,74,74,74,74,0],"gold":24,"neow_bonus":"UPGRADE_CARD","is_prod":false,"is_daily":false,"chose_seed":false,"campfire_upgraded":6,"win_rate":0,"timestamp":1543181152,"path_taken":["M","M","M","M","M","R","?","M","T","$","M","E","?","M","R","BOSS","M","M","M","$","M","R","?","R","T","E","R","$","?","E","R","BOSS","M","$","?","?","?","R","M","M","T","M","R","M","E","$","R","BOSS"],"build_version":"2018-11-15","purchased_purges":1,"victory":false,"max_hp_per_floor":[75,75,75,75,75,75,75,75,75,75,75,75,75,75,75,75,75,75,75,75,75,75,75,75,75,75,75,75,75,75,75,75,75,75,75,75,75,75,75,75,75,75,75,77,77,79,79,79,79,79],"card_choices":[{"not_picked":["Compile Driver","Capacitor"],"picked":"Loop","floor":1.0},{"not_picked":["Undo","Gash"],"picked":"Conserve Battery","floor":2.0},{"not_picked":["Self Repair","Go for the Eyes"],"picked":"Buffer","floor":3.0},{"not_picked":["Genetic Algorithm","Sunder"],"picked":"Go for the Eyes","floor":4.0},{"not_picked":["Compile Driver","Streamline"],"picked":"Ball Lightning","floor":5.0},{"not_picked":["Ball Lightning","Tempest"],"picked":"Hologram","floor":8.0},{"not_picked":["Hologram","Fusion"],"picked":"Glacier","floor":11.0},{"not_picked":["Chill","Gash"],"picked":"Leap","floor":12.0},{"not_picked":["Undo","Leap"],"picked":"Skim","floor":14.0},{"not_picked":["Rainbow","Thunder Strike"],"picked":"All For One","floor":16.0},{"not_picked":["Skim","Conserve Battery+1"],"picked":"Heatsinks","floor":18.0},{"not_picked":["Fusion","Blizzard+1"],"picked":"Recycle+1","floor":19.0},{"not_picked":["Barrage+1","Turbo"],"picked":"Double Energy+1","floor":20.0},{"not_picked":["Hyperbeam","Rebound"],"picked":"Go for the Eyes","floor":22},{"not_picked":["Rip and Tear","Compile Driver"],"picked":"Beam Cell","floor":27},{"not_picked":["Compile Driver","Rip and Tear"],"picked":"Echo Form","floor":31},{"not_picked":["Biased Cognition","Thunder Strike"],"picked":"Electrodynamics","floor":33},{"not_picked":["Compile Driver+1","Rebound+1"],"picked":"Streamline+1","floor":35},{"not_picked":["Darkness+1","Steam"],"picked":"Steam Power+1","floor":41},{"not_picked":["Coolheaded","Ball Lightning+1"],"picked":"Turbo+1","floor":42},{"not_picked":["Genetic Algorithm+1","BootSequence","Stack"],"picked":"Singing Bowl","floor":44},{"not_picked":["Compile Driver+1","Sunder+1","Steam Power"],"picked":"Singing Bowl","floor":46},{"not_picked":["Sweeping Beam+1","BootSequence"],"picked":"Rebound+1","floor":47}],"player_experience":166450,"relics_obtained":[{"floor":9.0,"key":"Gremlin Horn"},{"floor":12.0,"key":"Shuriken"},{"floor":26,"key":"Lantern"},{"floor":27,"key":"Regal Pillow"},{"floor":31,"key":"Singing Bowl"},{"floor":43,"key":"Letter Opener"},{"floor":47,"key":"Orichalcum"}],"event_choices":[{"damage_healed":0.0,"max_hp_gain":0.0,"max_hp_loss":0.0,"gold_gain":75.0,"event_name":"World of Goop","player_choice":"Gather Gold","floor":7.0,"gold_loss":0.0,"damage_taken":11.0},{"damage_healed":0.0,"max_hp_gain":0.0,"max_hp_loss":0.0,"gold_gain":0.0,"event_name":"Lab","player_choice":"Got Potions","floor":13.0,"gold_loss":0.0,"damage_taken":0.0},{"damage_healed":0,"gold_gain":0,"player_choice":"Paid Fearfully","damage_taken":0,"max_hp_gain":0,"max_hp_loss":0,"event_name":"Masked Bandits","floor":24,"gold_loss":17},{"damage_healed":0,"gold_gain":0,"player_choice":"Simplicity","damage_taken":0,"max_hp_gain":0,"max_hp_loss":0,"event_name":"Back to Basics","floor":30,"gold_loss":0,"cards_upgraded":["Strike_B","Strike_B","Strike_B","Defend_B","Defend_B","Defend_B","Defend_B"]},{"damage_healed":0,"gold_gain":0,"player_choice":"Embrace Madness","damage_taken":9,"max_hp_gain":0,"max_hp_loss":0,"event_name":"Winding Halls","floor":37,"gold_loss":0,"cards_obtained":["Madness","Madness"]},{"damage_healed":0,"gold_gain":0,"player_choice":"Ignored","damage_taken":0,"max_hp_gain":0,"max_hp_loss":0,"event_name":"Mysterious Sphere","floor":38,"gold_loss":0},{"damage_healed":0,"gold_gain":0,"player_choice":"Upgraded","damage_taken":0,"max_hp_gain":0,"max_hp_loss":0,"event_name":"Upgrade Shrine","floor":39,"gold_loss":0,"cards_upgraded":["Madness"]}],"is_beta":false,"boss_relics":[{"not_picked":["Empty Cage","Fusion Hammer"],"picked":"Nuclear Battery"},{"not_picked":["Calling Bell","Philosopher\u0027s Stone"],"picked":"Sozu"}],"items_purged_floors":[10],"is_endless":false,"potions_floor_spawned":[3,5,11,16,20,22,27,35,42,47],"killed_by":"Donu and Deca","ascension_level":4}