{"gold_per_floor":[366,27,27,37,50,50,67,77,77,90,113,113,133,144,144,245,245,257,275,275,52,64,64,64],"floor_reached":24,"playtime":1512,"items_purged":["Strike_B"],"score":192,"play_id":"72f7d8ff-261c-41a3-816e-f4952a80860f","local_time":"20181027102613","is_ascension_mode":false,"campfire_choices":[{"data":"Secret Weapon","floor":6,"key":"SMITH"},{"floor":12,"key":"REST"},{"data":"Dualcast","floor":15,"key":"SMITH"},{"floor":23,"key":"REST"}],"neow_cost":"PERCENT_DAMAGE","seed_source_timestamp":226711872369931,"circlet_count":0,"master_deck":["Strike_B","Strike_B","Defend_B","Defend_B","Defend_B","Defend_B","Zap","Dualcast+1","Streamline","Go for the Eyes","Gash","Secret Weapon+1","Aggregate","Beam Cell","Scrape","Leap","Redo+1","Redo+1","Fusion+1","Hologram+1","Multi-Cast+1","Scrape","Tempest+1","FTL","Conserve Battery+1"],"relics":["Cracked Core","Toxic Egg 2","Odd Mushroom","Inserter","MutagenicStrength","Bag of Preparation"],"potions_floor_usage":[10,11,16,16,22],"damage_taken":[{"damage":0,"enemies":"Cultist","floor":1,"turns":3},{"damage":2,"enemies":"Jaw Worm","floor":4,"turns":3},{"damage":0,"enemies":"Small Slimes","floor":5,"turns":3},{"damage":4,"enemies":"Blue Slaver","floor":7,"turns":2},{"damage":6,"enemies":"Exordium Thugs","floor":8,"turns":4},{"damage":0,"enemies":"Lots of Slimes","floor":10,"turns":1},{"damage":0,"enemies":"The Mushroom Lair","floor":11,"turns":2},{"damage":0,"enemies":"Large Slime","floor":13,"turns":4},{"damage":8,"enemies":"2 Fungi Beasts","floor":14,"turns":3},{"damage":41,"enemies":"The Guardian","floor":16,"turns":13},{"damage":25,"enemies":"Shell Parasite","floor":18,"turns":5},{"damage":14,"enemies":"Spheric Guardian","floor":19,"turns":4},{"damage":27,"enemies":"Centurion and Healer","floor":22,"turns":4},{"damage":32,"enemies":"Slavers","floor":24,"turns":2}],"seed_played":"-5789256324661210189","potions_obtained":[{"floor":5,"key":"EssenceOfSteel"},{"floor":8,"key":"Explosive Potion"},{"floor":10,"key":"Explosive Potion"},{"floor":11,"key":"GamblersBrew"},{"floor":14,"key":"AttackPotion"},{"floor":19,"key":"Energy Potion"}],"is_trial":false,"path_per_floor":["M","$","?","M","M","R","M","M","T","M","?","R","M","M","R","B",null,"M","M","?","$","M","R"],"character_chosen":"DEFECT","items_purchased":["Go for the Eyes","Gash","Secret Weapon","FTL","Bag of Preparation"],"campfire_rested":2,"item_purchase_floors":[2,2,2,21,21],"current_hp_per_floor":[54,54,47,45,45,45,41,35,35,35,35,57,57,49,49,8,75,50,36,36,36,9,31,0],"gold":64,"neow_bonus":"TWO_FIFTY_GOLD","is_prod":false,"is_daily":false,"chose_seed":false,"campfire_upgraded":2,"win_rate":0,"timestamp":1540661173,"path_taken":["M","$","?","M","M","R","M","M","T","M","?","R","M","M","R","BOSS","M","M","?","$","M","R","E"],"build_version":"2018-10-25v2","purchased_purges":1,"victory":false,"max_hp_per_floor":[75,75,75,75,75,75,75,75,75,75,75,75,75,75,75,75,75,75,75,75,75,75,75,75],"card_choices":[{"not_picked":["Capacitor","BootSequence"],"picked":"Streamline","floor":1},{"not_picked":["Capacitor","Compile Driver"],"picked":"Aggregate","floor":4},{"not_picked":["Blizzard","White Noise"],"picked":"Beam Cell","floor":5},{"not_picked":["Double Energy","Coolheaded"],"picked":"Scrape","floor":7},{"not_picked":["Skim","Sweeping Beam"],"picked":"Leap","floor":8},{"not_picked":["Ball Lightning","Compile Driver"],"picked":"Redo+1","floor":10},{"not_picked":["Coolheaded+1","Go for the Eyes"],"picked":"Redo+1","floor":11},{"not_picked":["Sunder","Go for the Eyes"],"picked":"Fusion+1","floor":13},{"not_picked":["Fusion+1","Chill+1"],"picked":"Hologram+1","floor":14},{"not_picked":["Buffer","Machine Learning"],"picked":"Multi-Cast+1","floor":16},{"not_picked":["Rebound","Glacier+1"],"picked":"Scrape","floor":18},{"not_picked":["Turbo+1","Fusion+1"],"picked":"Tempest+1","floor":19},{"not_picked":["Glacier+1","Auto Shields+1"],"picked":"Conserve Battery+1","floor":22}],"player_experience":107556,"relics_obtained":[{"floor":9,"key":"Toxic Egg 2"},{"floor":11,"key":"Odd Mushroom"}],"event_choices":[{"cards_removed":["Strike_B"],"damage_healed":0,"gold_gain":0,"player_choice":"Card Removal","damage_taken":7,"max_hp_gain":0,"max_hp_loss":0,"event_name":"Golden Wing","floor":3,"gold_loss":0},{"damage_healed":0,"gold_gain":0,"player_choice":"Fought Mushrooms","damage_taken":0,"max_hp_gain":0,"max_hp_loss":0,"event_name":"Mushrooms","floor":11,"gold_loss":0},{"damage_healed":0,"gold_gain":0,"player_choice":"Inject Mutagens","damage_taken":0,"relics_obtained":["MutagenicStrength"],"max_hp_gain":0,"max_hp_loss":0,"event_name":"Drug Dealer","floor":20,"gold_loss":0}],"is_beta":false,"boss_relics":[{"not_picked":["Black Star","Busted Crown"],"picked":"Inserter"}],"items_purged_floors":[2],"is_endless":false,"potions_floor_spawned":[5,8,10,11,14,19],"killed_by":"Slavers","ascension_level":0}