{"gold_per_floor":[215,232,96,113,113,113,146,146,146,174,174,188,200,232,232,332,332,348,230,250,262,262,262,274,274,274,284,284,303,319,337,337,436,436,452,452,479,490,507,507,269,269,295,313,327,80,92,25,25,25],"floor_reached":51,"playtime":4020,"items_purged":["Strike_R","Strike_R"],"score":823,"play_id":"50df0acb-34c0-4550-8997-3b3988fb0d45","local_time":"20181208183300","is_ascension_mode":true,"campfire_choices":[{"data":"Clothesline","floor":6,"key":"SMITH"},{"data":"Barricade","floor":8,"key":"SMITH"},{"data":"Body Slam","floor":11,"key":"SMITH"},{"data":"Impervious","floor":15,"key":"SMITH"},{"floor":23,"key":"REST"},{"data":"Defend_R","floor":28,"key":"SMITH"},{"data":"Body Slam","floor":32,"key":"SMITH"},{"floor":40,"key":"REST"},{"floor":42,"key":"REST"},{"floor":49,"key":"REST"}],"neow_cost":"NONE","seed_source_timestamp":191014415500,"circlet_count":0,"master_deck":["Strike_R","Strike_R","Strike_R","Defend_R","Defend_R","Defend_R","Defend_R+1","Body Slam+1","Clothesline+1","Impervious+1","Armaments+1","Barricade+1","Shrug It Off+1","Ghostly Armor+1","Disarm+1","Evolve","Warcry+1","Enlightenment+1","Immolate","True Grit+1","Body Slam+1","Offering+1","Shrug It Off+1","Battle Trance+1","Blind+1","Sentinel+1","Finesse+1"],"relics":["Burning Blood","Toxic Egg 2","Bottled Tornado","Meat on the Bone","The Courier","White Beast Statue","Singing Bowl","Fusion Hammer","Art of War","ClockworkSouvenir","Bag of Marbles","Oddly Smooth Stone"],"potions_floor_usage":[14,18,21,24,27,29,30,30,33,33,33,35,39,44,50,50,50],"damage_taken":[{"damage":6,"enemies":"Jaw Worm","floor":1,"turns":4},{"damage":1,"enemies":"Cultist","floor":2,"turns":4},{"damage":3,"enemies":"2 Louse","floor":4,"turns":3},{"damage":24,"enemies":"3 Sentries","floor":7,"turns":11},{"damage":0,"enemies":"Lagavulin","floor":10,"turns":5},{"damage":9,"enemies":"Looter","floor":12,"turns":4},{"damage":18,"enemies":"Exordium Thugs","floor":13,"turns":5},{"damage":0,"enemies":"Gremlin Nob","floor":14,"turns":4},{"damage":2,"enemies":"Slime Boss","floor":16,"turns":10},{"damage":19,"enemies":"3 Byrds","floor":18,"turns":8},{"damage":3,"enemies":"Shell Parasite","floor":20,"turns":10},{"damage":69,"enemies":"Centurion and Healer","floor":21,"turns":11},{"damage":9,"enemies":"Shelled Parasite and Fungi","floor":24,"turns":8},{"damage":14,"enemies":"Snake Plant","floor":27,"turns":5},{"damage":0,"enemies":"Snecko","floor":29,"turns":4},{"damage":16,"enemies":"Sentry and Sphere","floor":30,"turns":11},{"damage":16,"enemies":"3 Cultists","floor":31,"turns":5},{"damage":1,"enemies":"Automaton","floor":33,"turns":12},{"damage":8,"enemies":"Orb Walker","floor":35,"turns":3},{"damage":0,"enemies":"3 Shapes","floor":38,"turns":5},{"damage":6,"enemies":"Transient","floor":39,"turns":5},{"damage":6,"enemies":"4 Shapes","floor":44,"turns":5},{"damage":6,"enemies":"Maw","floor":45,"turns":6},{"damage":21,"enemies":"Sphere and 2 Shapes","floor":47,"turns":4},{"damage":6,"enemies":"Awakened One","floor":50,"turns":8}],"seed_played":"2450665966754070868","potions_obtained":[{"floor":12,"key":"SteroidPotion"},{"floor":13,"key":"SkillPotion"},{"floor":14,"key":"Regen Potion"},{"floor":18,"key":"FearPotion"},{"floor":20,"key":"LiquidBronze"},{"floor":21,"key":"SpeedPotion"},{"floor":24,"key":"PowerPotion"},{"floor":27,"key":"SkillPotion"},{"floor":29,"key":"Poison Potion"},{"floor":30,"key":"FearPotion"},{"floor":31,"key":"Fire Potion"},{"floor":33,"key":"Fire Potion"},{"floor":35,"key":"Fire Potion"},{"floor":38,"key":"Strength Potion"},{"floor":39,"key":"LiquidBronze"},{"floor":44,"key":"Energy Potion"},{"floor":45,"key":"Ancient Potion"},{"floor":47,"key":"Swift Potion"}],"is_trial":false,"path_per_floor":["M","M","$","M","?","R","E","R","T","E","R","M","M","E","R","B",null,"M","$","M","M","?","R","M","?","T","M","R","M","M","M","R","B",null,"M","?","T","M","M","R","$","R","T","M","M","$","M","$","R","B",null],"character_chosen":"IRONCLAD","items_purchased":["Impervious","Evolve","ClockworkSouvenir","Blind+1","Oddly Smooth Stone","AttackPotion","Finesse+1"],"campfire_rested":4,"item_purchase_floors":[3,19,41,41,46,46,48],"current_hp_per_floor":[80,80,80,80,80,80,62,62,62,68,68,65,53,59,59,63,80,80,80,80,29,14,39,48,48,48,54,54,60,50,52,52,57,87,85,85,85,87,89,89,89,89,89,89,91,91,78,78,93,93],"gold":25,"neow_bonus":"HUNDRED_GOLD","is_prod":false,"is_daily":false,"chose_seed":false,"campfire_upgraded":6,"win_rate":0,"timestamp":1544290380,"path_taken":["M","M","$","M","?","R","E","R","T","E","R","?","?","E","R","BOSS","M","$","?","M","?","R","M","?","T","M","R","?","M","M","R","BOSS","M","?","?","M","M","R","$","R","T","M","M","$","M","?","R","BOSS"],"build_version":"2018-12-06","purchased_purges":2,"victory":true,"max_hp_per_floor":[80,80,80,80,80,80,80,80,80,80,80,80,80,80,80,80,80,80,80,80,80,85,85,85,85,85,87,87,87,87,87,87,87,87,87,87,87,87,89,89,89,89,89,89,91,91,93,93,93,93],"card_choices":[{"not_picked":["Sword Boomerang","Carnage"],"picked":"Body Slam","floor":1},{"not_picked":["Body Slam","Perfected Strike"],"picked":"Clothesline","floor":2},{"not_picked":["Clothesline","Impervious"],"picked":"Armaments","floor":4},{"not_picked":["Heavy Blade","Wild Strike"],"picked":"Barricade","floor":7},{"not_picked":["Heavy Blade","Rage+1"],"picked":"Shrug It Off+1","floor":10},{"not_picked":["Clothesline","Pommel Strike"],"picked":"Ghostly Armor+1","floor":12},{"not_picked":["Perfected Strike","Hemokinesis","Flex+1"],"picked":"SKIP","floor":13},{"not_picked":["Bludgeon","Uppercut"],"picked":"Disarm+1","floor":14},{"not_picked":["Blood for Blood+1","Anger","Cleave+1"],"picked":"SKIP","floor":18},{"not_picked":["Headbutt","Rampage+1"],"picked":"Warcry+1","floor":20},{"not_picked":["Rupture","Wild Strike","Spot Weakness+1"],"picked":"SKIP","floor":21},{"not_picked":["Thunderclap","Second Wind+1","Sever Soul"],"picked":"SKIP","floor":24},{"not_picked":["Anger+1","Headbutt","Blood for Blood+1"],"picked":"Singing Bowl","floor":27},{"not_picked":["Sword Boomerang","Havoc+1"],"picked":"Immolate","floor":29},{"not_picked":["Fire Breathing","Flex+1"],"picked":"True Grit+1","floor":30},{"not_picked":["Pommel Strike","Rupture"],"picked":"Body Slam","floor":31},{"not_picked":["Demon Form","Dark Embrace"],"picked":"Offering+1","floor":33},{"not_picked":["Warcry+1","Pummel+1"],"picked":"Shrug It Off+1","floor":35},{"not_picked":["Anger+1","Searing Blow+1"],"picked":"Battle Trance+1","floor":38},{"not_picked":["Sword Boomerang","Flex+1","Clothesline"],"picked":"Singing Bowl","floor":39},{"not_picked":["Sword Boomerang+1","Fiend Fire"],"picked":"Sentinel+1","floor":44},{"not_picked":["Wild Strike","Perfected Strike","Sword Boomerang"],"picked":"Singing Bowl","floor":45},{"not_picked":["Thunderclap+1","Cleave","Infernal Blade+1"],"picked":"Singing Bowl","floor":47}],"player_experience":269721,"relics_obtained":[{"floor":7,"key":"Toxic Egg 2"},{"floor":9,"key":"Bottled Tornado"},{"floor":10,"key":"Meat on the Bone"},{"floor":14,"key":"The Courier"},{"floor":26,"key":"Singing Bowl"},{"floor":37,"key":"Art of War"},{"floor":43,"key":"Bag of Marbles"}],"event_choices":[{"damage_healed":0,"gold_gain":0,"player_choice":"Upgraded","damage_taken":0,"max_hp_gain":0,"max_hp_loss":0,"event_name":"Upgrade Shrine","floor":5,"gold_loss":0,"cards_upgraded":["Armaments"]},{"damage_healed":0,"gold_gain":0,"player_choice":"Shed Blood","damage_taken":20,"max_hp_gain":5,"max_hp_loss":0,"event_name":"Forgotten Altar","floor":22,"gold_loss":0},{"damage_healed":0,"gold_gain":0,"player_choice":"1 cards matched","damage_taken":0,"max_hp_gain":0,"max_hp_loss":0,"event_name":"Match and Keep!","floor":25,"gold_loss":0,"cards_obtained":["Enlightenment"]},{"cards_removed":["Bash"],"damage_healed":0,"gold_gain":0,"player_choice":"Removed Attack","damage_taken":0,"max_hp_gain":0,"max_hp_loss":0,"event_name":"Falling","floor":36,"gold_loss":0}],"is_beta":false,"boss_relics":[{"not_picked":["Lizard Tail","Philosopher\u0027s Stone"],"picked":"White Beast Statue"},{"not_picked":["Tiny House","Calling Bell"],"picked":"Fusion Hammer"}],"items_purged_floors":[19,46],"is_endless":false,"potions_floor_spawned":[12,13,14,18,20,21,24,27,29,30,31,33,35,38,39,44,45,47],"ascension_level":2}