{"gold_per_floor":[115,290,270,287,25,54,54,89,113,137,137,151,251,51,51,130,130,141,141,155,2,2,2],"floor_reached":23,"playtime":1261,"items_purged":[],"score":399,"play_id":"74a54cc4-78c2-43b4-9afa-3a866b99044d","local_time":"20190525180715","is_ascension_mode":true,"campfire_choices":[{"data":"Neutralize","floor":7,"key":"SMITH"},{"floor":11,"key":"REST"},{"floor":15,"key":"REST"}],"neow_cost":"NONE","seed_source_timestamp":266409140150778,"circlet_count":0,"master_deck":["AscendersBane","Defend_G","Defend_G","Defend_G","Defend_G","Defend_G","Survivor","Neutralize+1","Dagger Throw","Backflip","Flying Knee+1","Escape Plan","Underhanded Strike+1","Flying Knee+1","Die Die Die+1","Underhanded Strike+1","Bite+1","Bite+1","Bite+1","Bite+1","Bite+1","Flying Knee+1"],"relics":["Ring of the Snake","NeowsBlessing","Molten Egg 2","Juzu Bracelet","Boot","Oddly Smooth Stone","Odd Mushroom","MealTicket","Eternal Feather","Regal Pillow"],"potions_floor_usage":[8,16,16,20],"damage_taken":[{"damage":0,"enemies":"Jaw Worm","floor":1,"turns":1},{"damage":0,"enemies":"Cultist","floor":4,"turns":1},{"damage":0,"enemies":"3 Sentries","floor":6,"turns":1},{"damage":24,"enemies":"Gremlin Nob","floor":8,"turns":4},{"damage":17,"enemies":"The Mushroom Lair","floor":10,"turns":6},{"damage":0,"enemies":"2 Louse","floor":12,"turns":1},{"damage":44,"enemies":"Hexaghost","floor":16,"turns":16},{"damage":24,"enemies":"2 Thieves","floor":18,"turns":5},{"damage":10,"enemies":"Shell Parasite","floor":20,"turns":2},{"damage":75,"enemies":"Gremlin Leader","floor":23,"turns":7}],"seed_played":"-90676561118190044","potions_obtained":[{"floor":3,"key":"GamblersBrew"},{"floor":4,"key":"GamblersBrew"},{"floor":10,"key":"SpeedPotion"},{"floor":12,"key":"EssenceOfSteel"},{"floor":18,"key":"AttackPotion"}],"is_trial":false,"path_per_floor":["M","?","?","M","$","E","R","E","T","?","R","M","?","$","R","B",null,"M","?","M","$","?","E"],"character_chosen":"THE_SILENT","items_purchased":["Molten Egg 2","MealTicket","Regal Pillow"],"campfire_rested":2,"item_purchase_floors":[5,14,21],"current_hp_per_floor":[59,59,59,59,59,59,59,35,35,18,37,37,37,37,56,12,53,29,29,28,43,43,0],"gold":2,"neow_bonus":"THREE_ENEMY_KILL","is_prod":false,"is_daily":false,"chose_seed":false,"campfire_upgraded":1,"win_rate":0,"timestamp":1558796835,"path_taken":["M","?","?","?","$","E","R","E","T","?","R","M","?","$","R","BOSS","M","?","M","$","?","E"],"build_version":"2019-01-23","purchased_purges":0,"victory":false,"max_hp_per_floor":[66,66,66,66,66,66,66,66,66,66,66,66,66,66,66,66,66,66,46,46,46,46,46],"card_choices":[{"not_picked":["Predator","Choke"],"picked":"Dagger Throw","floor":1},{"not_picked":["Blade Dance","PiercingWail"],"picked":"Backflip","floor":4},{"not_picked":["Skewer+1","Storm of Steel"],"picked":"Flying Knee+1","floor":6},{"not_picked":["PiercingWail","Blade Dance"],"picked":"Escape Plan","floor":8},{"not_picked":["Cloak And Dagger","Deflect"],"picked":"Underhanded Strike+1","floor":10},{"not_picked":["Deflect","Calculated Gamble"],"picked":"Flying Knee+1","floor":12},{"not_picked":["Doppelganger","Burst"],"picked":"Die Die Die+1","floor":16},{"not_picked":["Bane+1","Sucker Punch+1"],"picked":"Underhanded Strike+1","floor":18},{"not_picked":["Leg Sweep","Night Terror"],"picked":"Flying Knee+1","floor":20}],"player_experience":505765,"relics_obtained":[{"floor":6,"key":"Juzu Bracelet"},{"floor":8,"key":"Boot"},{"floor":9,"key":"Oddly Smooth Stone"},{"floor":10,"key":"Odd Mushroom"}],"event_choices":[{"damage_healed":0,"gold_gain":175,"player_choice":"AGREE","damage_taken":0,"max_hp_gain":0,"max_hp_loss":0,"event_name":"Liars Game","floor":2,"gold_loss":0,"cards_obtained":["Doubt"]},{"damage_healed":0,"gold_gain":0,"player_choice":"Bought 1 Potion","damage_taken":0,"max_hp_gain":0,"max_hp_loss":0,"event_name":"The Woman in Blue","floor":3,"gold_loss":0},{"damage_healed":0,"gold_gain":0,"player_choice":"Fought Mushrooms","damage_taken":0,"max_hp_gain":0,"max_hp_loss":0,"event_name":"Mushrooms","floor":10,"gold_loss":0},{"damage_healed":0,"gold_gain":100,"player_choice":"Pray","damage_taken":0,"max_hp_gain":0,"max_hp_loss":0,"event_name":"Golden Shrine","floor":13,"gold_loss":0},{"damage_healed":0,"gold_gain":0,"player_choice":"Became a vampire","damage_taken":0,"max_hp_gain":0,"max_hp_loss":20,"event_name":"Vampires","floor":19,"gold_loss":0,"cards_obtained":["Bite","Bite","Bite","Bite","Bite"]},{"cards_removed":["Doubt"],"damage_healed":0,"gold_gain":0,"player_choice":"Purged","damage_taken":0,"max_hp_gain":0,"max_hp_loss":0,"event_name":"Purifier","floor":22,"gold_loss":0}],"is_beta":false,"boss_relics":[{"not_picked":["Sozu","Fusion Hammer"],"picked":"Eternal Feather"}],"items_purged_floors":[],"is_endless":false,"potions_floor_spawned":[4,10,12,18],"killed_by":"Gremlin Leader","ascension_level":14}