{"gold_per_floor":[114,114,133,45,45,73,73,102,126,145,145,145,164,180,180,180],"floor_reached":16,"playtime":529,"items_purged":[],"score":142,"play_id":"156728fe-6c46-46b2-8d5a-28f922a4b0c1","local_time":"20181118223516","is_ascension_mode":true,"campfire_choices":[{"data":"Discovery","floor":7,"key":"SMITH"},{"floor":12,"key":"REST"},{"floor":15,"key":"REST"}],"neow_cost":"NONE","seed_source_timestamp":18252550316800,"circlet_count":0,"master_deck":["Defend_G","Defend_G","Defend_G+1","Defend_G","Defend_G","Strike_G","Strike_G","Strike_G","Strike_G","Strike_G","Survivor","Neutralize+1","Terror","Prepared","Discovery+1","Blade Dance","Deflect","Finisher","Dagger Throw","Corpse Explosion"],"relics":["Ring of the Snake","NeowsBlessing","Oddly Smooth Stone","Orichalcum","Omamori"],"potions_floor_usage":[8],"damage_taken":[{"damage":0,"enemies":"Jaw Worm","floor":1,"turns":1},{"damage":0,"enemies":"Cultist","floor":3,"turns":1},{"damage":0,"enemies":"3 Sentries","floor":6,"turns":1},{"damage":31,"enemies":"Gremlin Nob","floor":8,"turns":4},{"damage":0,"enemies":"2 Louse","floor":10,"turns":2},{"damage":0,"enemies":"Large Slime","floor":13,"turns":6},{"damage":0,"enemies":"Blue Slaver","floor":14,"turns":3},{"damage":68,"enemies":"Slime Boss","floor":16,"turns":15}],"seed_played":"-4727824908941425389","potions_obtained":[{"floor":1,"key":"Explosive Potion"},{"floor":13,"key":"GamblersBrew"}],"is_trial":false,"path_per_floor":["M","?","M","$","$","E","R","E","T","M","?","R","M","M","R","B"],"character_chosen":"THE_SILENT","items_purchased":["Discovery"],"campfire_rested":2,"item_purchase_floors":[4],"current_hp_per_floor":[70,70,70,70,70,70,70,39,39,39,25,46,46,46,67,0],"gold":180,"neow_bonus":"THREE_ENEMY_KILL","is_prod":false,"is_daily":false,"chose_seed":false,"campfire_upgraded":1,"win_rate":0,"timestamp":1542576916,"path_taken":["M","?","M","?","$","E","R","E","T","?","?","R","M","M","R","BOSS"],"build_version":"2018-11-15","purchased_purges":0,"victory":false,"max_hp_per_floor":[70,70,70,70,70,70,70,70,70,70,70,70,70,70,70,70],"card_choices":[{"not_picked":["Reflex","Expertise"],"picked":"Terror","floor":1},{"not_picked":["Deflect","Bane"],"picked":"Prepared","floor":3},{"not_picked":["Setup","Crippling Poison"],"picked":"Blade Dance","floor":6},{"not_picked":["Flying Knee","Bane"],"picked":"Deflect","floor":8},{"not_picked":["Backflip","Deflect"],"picked":"Finisher","floor":10},{"not_picked":["Acrobatics","Flechettes"],"picked":"Dagger Throw","floor":13},{"not_picked":["Deadly Poison","Leg Sweep"],"picked":"Corpse Explosion","floor":14}],"player_experience":256238,"relics_obtained":[{"floor":6,"key":"Oddly Smooth Stone"},{"floor":8,"key":"Orichalcum"},{"floor":9,"key":"Omamori"}],"event_choices":[{"damage_healed":0,"gold_gain":0,"player_choice":"Leave","damage_taken":0,"max_hp_gain":0,"max_hp_loss":0,"event_name":"The Cleric","floor":2,"gold_loss":0},{"damage_healed":0,"gold_gain":0,"player_choice":"Entered Light","damage_taken":14,"max_hp_gain":0,"max_hp_loss":0,"event_name":"Shining Light","floor":11,"gold_loss":0,"cards_upgraded":["Defend_G","Neutralize"]}],"is_beta":false,"boss_relics":[],"items_purged_floors":[],"is_endless":false,"potions_floor_spawned":[1,13],"killed_by":"Slime Boss","ascension_level":1}