{"gold_per_floor":[114,114,132,148,165,165,178,178,178,194,214,233,233,233,233,337,337,351,351,351,364,61,61],"floor_reached":23,"playtime":575,"items_purged":[],"score":210,"play_id":"fe9868a8-b87e-41b0-8149-7966d5addc5a","local_time":"20190106021143","is_ascension_mode":false,"campfire_choices":[{"data":"Perfected Strike","floor":6,"key":"SMITH"},{"data":"Bash","floor":8,"key":"SMITH"},{"data":"Wild Strike","floor":15,"key":"SMITH"}],"neow_cost":"PERCENT_DAMAGE","seed_source_timestamp":1468698148701328,"circlet_count":0,"master_deck":["Strike_R","Strike_R","Strike_R","Strike_R","Strike_R","Defend_R","Defend_R","Defend_R","Defend_R","Bash+1","Wild Strike+1","Second Wind","Perfected Strike+1","Twin Strike","Shrug It Off","Cleave+1","Clash","Second Wind","Regret","Fiend Fire","Perfected Strike","Rampage+1"],"relics":["Burning Blood","Matryoshka","Mercury Hourglass","Kunai","Boot","Runic Dome","PreservedInsect","Vajra"],"potions_floor_usage":[16],"damage_taken":[{"damage":5,"enemies":"Cultist","floor":1,"turns":4},{"damage":2,"enemies":"2 Louse","floor":3,"turns":2},{"damage":5,"enemies":"Small Slimes","floor":4,"turns":3},{"damage":9,"enemies":"2 Fungi Beasts","floor":5,"turns":4},{"damage":10,"enemies":"Looter","floor":7,"turns":3},{"damage":0,"enemies":"Exordium Wildlife","floor":10,"turns":2},{"damage":0,"enemies":"Exordium Thugs","floor":11,"turns":3},{"damage":11,"enemies":"Large Slime","floor":12,"turns":3},{"damage":28,"enemies":"Slime Boss","floor":16,"turns":6},{"damage":19,"enemies":"2 Thieves","floor":18,"turns":3},{"damage":4,"enemies":"Chosen","floor":21,"turns":4},{"damage":70,"enemies":"Gremlin Leader","floor":23,"turns":2}],"seed_played":"-5141038732199284315","potions_obtained":[{"floor":7,"key":"Strength Potion"},{"floor":11,"key":"Poison Potion"},{"floor":12,"key":"FearPotion"},{"floor":16,"key":"EssenceOfSteel"}],"is_trial":false,"path_per_floor":["M","T","M","M","M","R","M","R","T","M","M","M","?","?","R","B",null,"M","?","?","M","$","E"],"character_chosen":"IRONCLAD","items_purchased":["PreservedInsect","Vajra"],"campfire_rested":0,"item_purchase_floors":[22,22],"current_hp_per_floor":[73,73,77,78,75,75,71,71,71,77,83,78,78,78,78,56,96,83,64,64,66,66,0],"gold":61,"neow_bonus":"TWENTY_PERCENT_HP_BONUS","is_prod":false,"is_daily":false,"chose_seed":false,"campfire_upgraded":3,"win_rate":0,"timestamp":1546733503,"path_taken":["M","?","?","M","?","R","M","R","T","M","M","M","?","?","R","BOSS","M","?","?","M","$","E"],"build_version":"2019-01-03v4","purchased_purges":0,"victory":false,"max_hp_per_floor":[96,96,96,96,96,96,96,96,96,96,96,96,96,96,96,96,96,96,101,101,101,101,101],"card_choices":[{"not_picked":["Body Slam","Rampage"],"picked":"Wild Strike","floor":1},{"not_picked":["Sentinel","Intimidate"],"picked":"Second Wind","floor":3},{"not_picked":["Armaments","Wild Strike"],"picked":"Perfected Strike","floor":4},{"not_picked":["Body Slam","Blood for Blood"],"picked":"Twin Strike","floor":5},{"not_picked":["True Grit","Reckless Charge"],"picked":"Shrug It Off","floor":7},{"not_picked":["Searing Blow","Carnage"],"picked":"Cleave","floor":10},{"not_picked":["Feel No Pain","Body Slam"],"picked":"Clash","floor":11},{"not_picked":["Hemokinesis","Heavy Blade"],"picked":"Second Wind","floor":12},{"not_picked":["Limit Break","Demon Form"],"picked":"Fiend Fire","floor":16},{"not_picked":["Blood for Blood","Burning Pact+1"],"picked":"Perfected Strike","floor":18},{"not_picked":["Spot Weakness","Pommel Strike"],"picked":"Rampage+1","floor":21}],"player_experience":363735,"relics_obtained":[{"floor":2,"key":"Matryoshka"},{"floor":9,"key":"Mercury Hourglass"},{"floor":9,"key":"Kunai"}],"event_choices":[{"damage_healed":0,"gold_gain":0,"player_choice":"Grow","damage_taken":0,"max_hp_gain":0,"max_hp_loss":0,"event_name":"Living Wall","floor":13,"gold_loss":0,"cards_upgraded":["Cleave"]},{"damage_healed":0,"gold_gain":0,"player_choice":"Box","damage_taken":0,"relics_obtained":["Boot"],"max_hp_gain":0,"max_hp_loss":0,"event_name":"Big Fish","floor":14,"gold_loss":0,"cards_obtained":["Regret"]},{"damage_healed":0,"gold_gain":0,"player_choice":"Shed Blood","damage_taken":24,"max_hp_gain":5,"max_hp_loss":0,"event_name":"Forgotten Altar","floor":19,"gold_loss":0},{"damage_healed":0,"gold_gain":0,"player_choice":"Ignored","damage_taken":0,"max_hp_gain":0,"max_hp_loss":0,"event_name":"Ghosts","floor":20,"gold_loss":0}],"is_beta":true,"boss_relics":[{"not_picked":["Cursed Key","Mark of Pain"],"picked":"Runic Dome"}],"items_purged_floors":[],"is_endless":false,"potions_floor_spawned":[7,11,12,16],"killed_by":"Gremlin Leader","ascension_level":0}