{"path_per_floor":["M","M","M","M","M","E","M","M","T","?","?","$","M","M","R","B",null,"M","T","?","M","$","E","R","M","T","M","R","M","E","M","R","B",null,"M","M","$","?","?","R","M","M","T","M","R","$","R","$","R","B"],"character_chosen":"IRONCLAD","items_purchased":["Inflame","Double Tap","Shrug It Off","Bottled Lightning","Clash"],"gold_per_floor":[110,126,145,160,177,206,216,229,255,255,255,39,49,61,61,163,163,175,222,222,242,116,151,151,165,165,183,183,194,223,243,243,341,341,361,376,16,16,16,16,33,43,95,106,106,81,81,81,81,81],"floor_reached":51,"campfire_rested":2,"playtime":2993,"current_hp_per_floor":[80,72,72,70,69,56,48,38,38,38,38,38,38,38,38,36,80,61,61,56,48,48,54,54,52,52,33,33,39,23,6,22,21,56,37,26,26,26,26,26,32,30,30,31,31,31,31,31,47,1],"items_purged":["Injury","Defend_R"],"gold":81,"score":747,"play_id":"fcb7de53-5151-46ea-a44a-4f3c60d70aea","local_time":"20180322172513","is_prod":false,"is_daily":false,"is_ascension_mode":false,"campfire_upgraded":6,"timestamp":1521764713,"path_taken":["M","M","M","M","M","E","M","M","T","?","?","$","M","M","R","BOSS","M","?","?","M","$","E","R","M","T","M","R","?","E","M","R","BOSS","M","M","$","?","?","R","M","?","T","M","R","?","R","$","R","BOSS"],"build_version":"2018-03-15v3","purchased_purges":2,"victory":true,"master_deck":["Defend_R","Defend_R","Defend_R","Bash","Heavy Blade+1","Flex+1","Shrug It Off","Headbutt","Twin Strike","Sword Boomerang","Inflame","Double Tap+1","Rage","Berserk+1","Pommel Strike","Ghostly Armor+1","Bite","Bite","Bite","Bite","Bite","Battle Trance+1","Shrug It Off","Heavy Blade+1","Flex+1","Pummel","Shrug It Off+1","Demon Form+1","Limit Break+1","Flex+1","Seeing Red+1","Ghostly Armor+1","Flex+1","Injury","Thunderclap+1","Clash"],"max_hp_per_floor":[80,80,80,80,80,80,80,80,80,80,80,80,80,80,80,80,80,80,80,56,56,56,56,56,56,56,56,56,56,56,56,56,56,56,56,56,56,56,56,56,56,56,56,56,56,56,56,56,56,56],"relics":["Philosopher\u0027s Stone","Kunai","Prayer Wheel","Cursed Key","Lantern","Shuriken","Ancient Tea Set","Lizard Tail","Bottled Lightning","Pen Nib"],"card_choices":[{"not_picked":["Cleave","Rampage"],"picked":"Heavy Blade"},{"not_picked":["Warcry","Twin Strike"],"picked":"Flex"},{"not_picked":["Dual Wield","Burning Pact"],"picked":"Shrug It Off"},{"not_picked":["Rupture","Burning Pact"],"picked":"Headbutt"},{"not_picked":["Whirlwind","Body Slam"],"picked":"Twin Strike"},{"not_picked":["Searing Blow","True Grit"],"picked":"Sword Boomerang"},{"not_picked":["Hemokinesis","Corruption"],"picked":"Rage"},{"not_picked":["Juggernaut","Dark Embrace"],"picked":"Berserk"},{"not_picked":["Armaments","Warcry"],"picked":"Pommel Strike"},{"not_picked":["Power Through","Warcry"],"picked":"Ghostly Armor"},{"not_picked":["Shockwave","Inflame"],"picked":"Battle Trance"},{"not_picked":["Battle Trance","Thunderclap"],"picked":"Heavy Blade"},{"not_picked":["Shrug It Off","Dark Embrace"],"picked":"Flex"},{"not_picked":["Body Slam","Sever Soul"],"picked":"Pummel"},{"not_picked":["Second Wind","Anger"],"picked":"Shrug It Off"},{"not_picked":["Infernal Blade","Feel No Pain"],"picked":"Demon Form"},{"not_picked":["Reaper","Fiend Fire"],"picked":"Limit Break"},{"not_picked":["Iron Wave","Perfected Strike"],"picked":"Flex"},{"not_picked":["Infernal Blade","Rage"],"picked":"Seeing Red"},{"not_picked":["Whirlwind","Iron Wave"],"picked":"Ghostly Armor"},{"not_picked":["Dropkick","Cleave"],"picked":"Flex"},{"not_picked":["Fire Breathing","Bloodletting"],"picked":"Thunderclap"}],"player_experience":10586,"potions_floor_usage":[50],"damage_taken":[{"damage":0.0,"enemies":"Jaw Worm","floor":1.0,"turns":3.0},{"damage":8.0,"enemies":"Cultist","floor":2.0,"turns":3.0},{"damage":0.0,"enemies":"Small Slimes","floor":3.0,"turns":2.0},{"damage":2.0,"enemies":"Exordium Thugs","floor":4.0,"turns":2.0},{"damage":1.0,"enemies":"Blue Slaver","floor":5.0,"turns":3.0},{"damage":22.0,"enemies":"Lagavulin","floor":6.0,"turns":7.0},{"damage":8.0,"enemies":"Red Slaver","floor":7.0,"turns":2.0},{"damage":10.0,"enemies":"2 Fungi Beasts","floor":8.0,"turns":3.0},{"damage":0.0,"enemies":"Exordium Wildlife","floor":13.0,"turns":2.0},{"damage":0.0,"enemies":"Exordium Thugs","floor":14.0,"turns":2.0},{"damage":2.0,"enemies":"Slime Boss","floor":16.0,"turns":5.0},{"damage":19.0,"enemies":"3 Byrds","floor":18.0,"turns":4.0},{"damage":12.0,"enemies":"Chosen","floor":21.0,"turns":4.0},{"damage":4.0,"enemies":"Slavers","floor":23.0,"turns":4.0},{"damage":6.0,"enemies":"Snake Plant","floor":25.0,"turns":2.0},{"damage":29.0,"enemies":"Centurion and Healer","floor":27.0,"turns":5.0},{"damage":0.0,"enemies":"Cultist and Chosen","floor":29.0,"turns":3.0},{"damage":24.0,"enemies":"Book of Stabbing","floor":30.0,"turns":3.0},{"damage":27.0,"enemies":"Snake Plant","floor":31.0,"turns":3.0},{"damage":13,"enemies":"Champ","floor":33,"turns":6},{"damage":25,"enemies":"3 Shapes","floor":35,"turns":4},{"damage":15,"enemies":"3 Darklings","floor":36,"turns":3},{"damage":0,"enemies":"Sphere and 2 Shapes","floor":41,"turns":3},{"damage":16,"enemies":"Maw","floor":42,"turns":5},{"damage":9,"enemies":"3 Darklings","floor":44,"turns":5},{"damage":52,"enemies":"Donu and Deca","floor":50,"turns":5}],"event_choices":[{"event_name":"Upgrade Shrine","player_choice":"Upgraded","floor":10.0,"damage_taken":0.0},{"event_name":"Living Wall","player_choice":"Grow","floor":11.0,"damage_taken":0.0},{"event_name":"Vampires","player_choice":"Became a vampire","floor":20.0,"damage_taken":0.0},{"event_name":"The Lab","player_choice":"Got Potions","floor":38,"damage_taken":0},{"event_name":"The Moai Head","player_choice":"Ignored","floor":39,"damage_taken":0}],"boss_relics":[{"not_picked":["Velvet Choker","Calling Bell"],"picked":"Lizard Tail"}],"potions_floor_spawned":[2,3,6,8,13,14,18,21,23,35,36],"seed_played":"7985622872624634325","ascension_level":0,"is_trial":false}