{"gold_per_floor":[113,113,74,88,31,58,11,11,37,69,85,119,134,134,134,236,236,249,9,24,24,24,24,59,59,105,105,105,132,149,159,159,159],"floor_reached":33,"playtime":1590,"items_purged":[],"score":433,"play_id":"92341a6a-74d7-4df7-adb0-24155c09cf01","local_time":"20181126052934","is_ascension_mode":true,"campfire_choices":[{"floor":8.0,"key":"REST"},{"floor":15.0,"key":"REST"},{"floor":23.0,"key":"REST"},{"floor":27,"key":"REST"},{"floor":32,"key":"REST"}],"neow_cost":"NONE","seed_source_timestamp":0,"circlet_count":0,"master_deck":["Strike_B","Strike_B+1","Strike_B","Defend_B","Defend_B","Defend_B","Defend_B","Zap","Dualcast","Defragment+1","Sunder+1","Defragment","Rebound+1","Beam Cell","Loop","Rebound","Conserve Battery","Go for the Eyes","Conserve Battery","Hyperbeam","Stack","Amplify","Sunder","Doom and Gloom+1","Necronomicurse","Beam Cell","Leap+1","Decay","Regret","Darkness+1","Defragment+1","Sunder","Ball Lightning","Auto Shields"],"special_seed":0,"relics":["Cracked Core","Blood Vial","Dream Catcher","Ancient Tea Set","Whetstone","Mummified Hand","Dead Branch","Cursed Key","Pear","Necronomicon","Vajra","Strawberry","Darkstone Periapt"],"potions_floor_usage":[33],"damage_taken":[{"damage":1.0,"enemies":"2 Louse","floor":1.0,"turns":2.0},{"damage":3.0,"enemies":"Small Slimes","floor":4.0,"turns":2.0},{"damage":35.0,"enemies":"3 Sentries","floor":6.0,"turns":7.0},{"damage":30.0,"enemies":"Lagavulin","floor":10.0,"turns":4.0},{"damage":0.0,"enemies":"Cultist","floor":11.0,"turns":2.0},{"damage":0.0,"enemies":"3 Sentries","floor":12.0,"turns":4.0},{"damage":0.0,"enemies":"Large Slime","floor":13.0,"turns":3.0},{"damage":8.0,"enemies":"Hexaghost","floor":16.0,"turns":8.0},{"damage":17.0,"enemies":"3 Byrds","floor":18.0,"turns":5.0},{"damage":6.0,"enemies":"Spheric Guardian","floor":20.0,"turns":3.0},{"damage":41.0,"enemies":"Gremlin Leader","floor":24.0,"turns":6.0},{"damage":23,"enemies":"Slavers","floor":29,"turns":2},{"damage":7,"enemies":"Chosen and Byrds","floor":30,"turns":2},{"damage":6,"enemies":"Cultist and Chosen","floor":31,"turns":4},{"damage":76,"enemies":"Champ","floor":33,"turns":7}],"seed_played":"3666324215328754527","potions_obtained":[{"floor":1.0,"key":"Regen Potion"},{"floor":10.0,"key":"Swift Potion"},{"floor":12.0,"key":"AttackPotion"},{"floor":20.0,"key":"Energy Potion"},{"floor":24,"key":"Weak Potion"}],"is_trial":false,"path_per_floor":["M","?","$","M","?","E","$","R","T","E","M","E","M","?","R","B",null,"M","$","M","?","?","R","E","E","?","T","R","?","E","M","M","R","B"],"character_chosen":"DEFECT","items_purchased":["Sunder","Beam Cell","Pear"],"campfire_rested":5,"item_purchase_floors":[3,7,19],"current_hp_per_floor":[74,59,59,58,58,25,25,47,47,28,30,32,34,34,56,50,69,54,64,60,44,44,69,30,30,37,64,64,43,38,34,61,0],"gold":159,"neow_bonus":"RANDOM_COMMON_RELIC","is_prod":false,"is_daily":false,"chose_seed":false,"campfire_upgraded":0,"win_rate":0,"timestamp":1543202974,"path_taken":["M","?","$","M","?","E","$","R","T","E","?","E","M","?","R","BOSS","M","$","?","?","?","R","E","?","T","R","?","E","M","M","R","BOSS"],"build_version":"2018-11-15","purchased_purges":0,"victory":false,"max_hp_per_floor":[75,75,75,75,75,75,75,75,75,75,75,75,75,75,75,75,75,75,85,85,85,85,85,85,85,92,92,92,92,92,92,92,92],"card_choices":[{"not_picked":["Skim","Lockon"],"picked":"Defragment","floor":1.0},{"not_picked":["Coolheaded","Conserve Battery"],"picked":"Defragment","floor":4.0},{"not_picked":["Rip and Tear","Hologram"],"picked":"Rebound","floor":6.0},{"not_picked":["Creative AI","Reinforced Body"],"picked":"Loop","floor":8.0},{"not_picked":["Steam Power","Compile Driver"],"picked":"Rebound","floor":10.0},{"not_picked":["Compile Driver","Coolheaded"],"picked":"Conserve Battery","floor":11.0},{"not_picked":["Stack","Streamline"],"picked":"Go for the Eyes","floor":12.0},{"not_picked":["Hello World","Barrage"],"picked":"Conserve Battery","floor":13.0},{"not_picked":["Hologram","Compile Driver"],"picked":"Stack","floor":15.0},{"not_picked":["Meteor Strike","Seek"],"picked":"Amplify","floor":16.0},{"not_picked":["BootSequence","Tempest"],"picked":"Sunder","floor":18.0},{"not_picked":["Genetic Algorithm","Streamline"],"picked":"Doom and Gloom","floor":20.0},{"not_picked":["Gash","Lockon+1"],"picked":"Beam Cell","floor":23.0},{"not_picked":["Multi-Cast","Hello World"],"picked":"Leap+1","floor":24},{"not_picked":["Recycle+1","Hologram"],"picked":"Darkness+1","floor":27},{"not_picked":["Chill","Buffer"],"picked":"Defragment+1","floor":29},{"not_picked":["Hologram+1","Ball Lightning"],"picked":"Sunder","floor":30},{"not_picked":["Hologram","Consume"],"picked":"Ball Lightning","floor":31},{"not_picked":["Self Repair","Cold Snap"],"picked":"Auto Shields","floor":32}],"player_experience":330527,"relics_obtained":[{"floor":6.0,"key":"Ancient Tea Set"},{"floor":9.0,"key":"Whetstone"},{"floor":10.0,"key":"Mummified Hand"},{"floor":12.0,"key":"Dead Branch"},{"floor":21.0,"key":"Necronomicon"},{"floor":24,"key":"Vajra"},{"floor":26,"key":"Strawberry"},{"floor":29,"key":"Darkstone Periapt"}],"event_choices":[{"damage_healed":0.0,"max_hp_gain":0.0,"max_hp_loss":0.0,"gold_gain":0.0,"event_name":"Shining Light","player_choice":"Entered Light","floor":2.0,"gold_loss":0.0,"damage_taken":15.0,"cards_upgraded":["Strike_B","Defragment"]},{"damage_healed":0.0,"max_hp_gain":0.0,"max_hp_loss":0.0,"gold_gain":0.0,"event_name":"WeMeetAgain","player_choice":"Paid Gold","floor":5.0,"gold_loss":57.0,"damage_taken":0.0,"relics_obtained":["Dream Catcher"]},{"damage_healed":0.0,"max_hp_gain":0.0,"max_hp_loss":0.0,"gold_gain":0.0,"cards_transformed":["Strike_B"],"event_name":"Transmorgrifier","player_choice":"Transformed","floor":14.0,"gold_loss":0.0,"damage_taken":0.0,"cards_obtained":["Hyperbeam"]},{"damage_healed":0.0,"max_hp_gain":0.0,"max_hp_loss":0.0,"gold_gain":0.0,"event_name":"Cursed Tome","player_choice":"Obtained Book","floor":21.0,"gold_loss":0.0,"damage_taken":16.0},{"damage_healed":0.0,"max_hp_gain":0.0,"max_hp_loss":0.0,"gold_gain":0.0,"event_name":"Ghosts","player_choice":"Ignored","floor":22.0,"gold_loss":0.0,"damage_taken":0.0},{"damage_healed":0,"gold_gain":0,"player_choice":"Smashed Altar","damage_taken":0,"max_hp_gain":0,"max_hp_loss":0,"event_name":"Forgotten Altar","floor":25,"gold_loss":0,"cards_obtained":["Decay"]},{"damage_healed":0,"gold_gain":0,"player_choice":"Upgraded","damage_taken":0,"max_hp_gain":0,"max_hp_loss":0,"event_name":"Upgrade Shrine","floor":28,"gold_loss":0,"cards_upgraded":["Doom and Gloom"]}],"is_beta":true,"boss_relics":[{"not_picked":["FrozenCore","Pandora\u0027s Box"],"picked":"Cursed Key"}],"items_purged_floors":[],"is_endless":false,"potions_floor_spawned":[1,10,12,20,24],"killed_by":"Champ","ascension_level":5}