{"path_per_floor":["M","M","?","?","?","E","M","M","T","M","R","M","?","$","R","B",null,"M","M","?","?","M","E","?","R","T","M","?","E","R","$","R","B",null,"M","?","$","?","M","E","?","R","T","R","M","E","?","M","R","B"],"character_chosen":"THE_SILENT","items_purchased":["Infinite Blades","Lantern","Oddly Smooth Stone","Accuracy","Finisher","Cloak And Dagger"],"gold_per_floor":[109,123,198,198,198,228,248,268,348,366,366,385,385,38,38,134,134,151,168,83,83,103,131,131,131,131,141,141,174,174,54,54,149,149,161,161,14,67,81,114,0,0,26,26,43,69,69,81,81,81],"floor_reached":51,"campfire_rested":6,"playtime":6490,"current_hp_per_floor":[70,65,54,54,40,7,6,6,6,6,27,27,20,20,41,13,70,63,63,63,47,34,34,34,55,55,54,45,22,44,44,44,13,75,54,72,72,37,36,24,24,49,56,56,44,42,42,41,68,10],"items_purged":["Strike_G","Wraith Form"],"gold":81,"play_id":"2d02d517-9382-434f-a919-a481aac27e64","is_prod":false,"is_daily":false,"is_ascension_mode":false,"campfire_upgraded":2,"path_taken":["M","M","?","?","?","E","?","M","T","M","R","M","?","$","R","BOSS","M","M","?","?","?","E","?","R","T","M","?","E","R","$","R","BOSS","M","?","$","?","M","E","?","R","T","R","?","E","?","?","R","BOSS"],"build_version":"2018-02-01-PROD3","purchased_purges":3,"victory":true,"master_deck":["Defend_G","Defend_G","Defend_G","Defend_G","Defend_G","Strike_G","Strike_G+1","Survivor+1","Neutralize","Accuracy+1","Cloak And Dagger","Doppelganger","Calculated Gamble","Backflip","Blade Dance","PiercingWail","Infinite Blades","Infinite Blades","Acrobatics+1","Quick Slash","Backstab","Calculated Gamble+1","Accuracy+1","Accuracy+1","Die Die Die","Finisher","Cloak And Dagger","Quick Slash+1","Escape Plan+1","Dagger Throw+1"],"max_hp_per_floor":[70,70,70,70,70,70,70,70,70,70,70,70,70,70,70,70,70,70,70,70,70,70,70,70,70,70,70,75,75,75,75,75,75,75,75,75,75,75,75,85,85,85,92,92,92,92,92,92,92,92],"relics":["Ring of the Snake","Omamori","Gremlin Horn","Lantern","Oddly Smooth Stone","Sozu","Ninja Scroll","Enchiridion","Bottled Flame","Torii","Smiling Mask","Runic Pyramid","Gambling Chip","Pear","Red Mask","Strawberry","Bottled Tornado"],"card_choices":[{"not_picked":["Deflect","Noxious Fumes"],"picked":"Accuracy"},{"not_picked":["Quick Slash","Blur"],"picked":"Cloak And Dagger"},{"not_picked":["Slice","All Out Attack"],"picked":"Doppelganger"},{"not_picked":["Dagger Throw","Poisoned Stab"],"picked":"Calculated Gamble"},{"not_picked":["Acrobatics","Endless Agony"],"picked":"Backflip"},{"not_picked":["Deadly Poison","Dagger Spray"],"picked":"Blade Dance"},{"not_picked":["Riddle With Holes","Bane"],"picked":"PiercingWail"},{"not_picked":["After Image","Tactician"],"picked":"Wraith Form"},{"not_picked":["Outmaneuver","Crippling Poison"],"picked":"Infinite Blades"},{"not_picked":["Well Laid Plans","Poisoned Stab"],"picked":"Acrobatics"},{"not_picked":["Underhanded Strike","Catalyst"],"picked":"Quick Slash"},{"not_picked":["Well Laid Plans","Deadly Poison"],"picked":"Calculated Gamble"},{"not_picked":["Leg Sweep","Flying Knee"],"picked":"Accuracy"},{"not_picked":["Glass Knife","Bullet Time"],"picked":"Die Die Die"},{"not_picked":["Underhanded Strike","Slice"],"picked":"Dagger Throw"},{"not_picked":["Sucker Punch","Flying Knee"],"picked":"Quick Slash"},{"not_picked":["Night Terror","Reflex"],"picked":"Escape Plan"},{"not_picked":["Outmaneuver","Slice"],"picked":"Dagger Throw"}],"player_experience":69572,"potions_floor_usage":[6,8],"damage_taken":[{"damage":0,"enemies":"Blue Slaver","floor":1,"turns":7},{"damage":5,"enemies":"Jaw Worm","floor":2,"turns":5},{"damage":33,"enemies":"3 Sentries","floor":6,"turns":13},{"damage":1,"enemies":"Cultist","floor":7,"turns":5},{"damage":0,"enemies":"Large Slime","floor":8,"turns":6},{"damage":0,"enemies":"Exordium Wildlife","floor":10,"turns":3},{"damage":0,"enemies":"3 Louse","floor":12,"turns":4},{"damage":28,"enemies":"The Guardian","floor":16,"turns":13},{"damage":7,"enemies":"Shell Parasite","floor":18,"turns":5},{"damage":0,"enemies":"3 Byrds","floor":19,"turns":6},{"damage":13,"enemies":"Cultist and Chosen","floor":22,"turns":5},{"damage":0,"enemies":"Gremlin Leader","floor":23,"turns":6},{"damage":1,"enemies":"Centurion and Healer","floor":27,"turns":5},{"damage":23,"enemies":"Book of Stabbing","floor":29,"turns":5},{"damage":31,"enemies":"Automaton","floor":33,"turns":7},{"damage":21,"enemies":"3 Darklings","floor":35,"turns":5},{"damage":35,"enemies":"Mysterious Sphere","floor":38,"turns":4},{"damage":1,"enemies":"Orb Walker","floor":39,"turns":4},{"damage":22,"enemies":"Nemesis","floor":40,"turns":4},{"damage":12,"enemies":"Sphere and 2 Shapes","floor":45,"turns":4},{"damage":2,"enemies":"Giant Head","floor":46,"turns":6},{"damage":1,"enemies":"4 Shapes","floor":48,"turns":3},{"damage":58,"enemies":"Donu and Deca","floor":50,"turns":8}],"event_choices":[{"event_name":"World of Goop","player_choice":"Gather Gold","floor":3,"damage_taken":0},{"event_name":"Living Wall","player_choice":"Grow","floor":4,"damage_taken":0},{"event_name":"Shining Light","player_choice":"Entered Light","floor":5,"damage_taken":0},{"event_name":"Golden Wing","player_choice":"Card Removal","floor":13,"damage_taken":0},{"event_name":"Addict","player_choice":"Obtained Relic","floor":20,"damage_taken":0},{"event_name":"Cursed Tome","player_choice":"Obtained Book","floor":21,"damage_taken":0},{"event_name":"Transmorgrifier","player_choice":"Transform","floor":24,"damage_taken":0},{"event_name":"Forgotten Altar","player_choice":"Shed Blood","floor":28,"damage_taken":0},{"event_name":"Winding Halls","player_choice":"Writhe","floor":36,"damage_taken":0},{"event_name":"Mysterious Sphere","player_choice":"Fight","floor":38,"damage_taken":0},{"event_name":"Tomb of Lord Red Mask","player_choice":"Paid","floor":41,"damage_taken":0}],"boss_relics":[{"not_picked":["Snecko Eye","Ectoplasm"],"picked":"Sozu"},{"not_picked":["Orrery","Astrolabe"],"picked":"Runic Pyramid"}],"potions_floor_spawned":[2,7,16,23,27,29,33,39],"seed_played":"817681405538086256","ascension_level":0,"is_trial":false}