{"gold_per_floor":[112,122,122,139,156,156,35,62,62,62,72,72,72,18,18,18],"floor_reached":16,"playtime":825,"items_purged":["Strike_R"],"score":150,"play_id":"f7b84445-824c-4a23-b8d3-a8c2dfe36a49","local_time":"20190504153406","is_ascension_mode":true,"campfire_choices":[{"data":"Shockwave","floor":6,"key":"SMITH"},{"data":"Pommel Strike","floor":10,"key":"SMITH"},{"data":"Sentinel","floor":12,"key":"SMITH"},{"data":"True Grit","floor":15,"key":"SMITH"}],"neow_cost":"TEN_PERCENT_HP_LOSS","seed_source_timestamp":598471987893146,"circlet_count":0,"master_deck":["AscendersBane","Strike_R","Strike_R","Defend_R","Defend_R","Defend_R","Defend_R","Bash","Pommel Strike+1","Sentinel+1","Shockwave+1","Shrug It Off","Power Through","True Grit+1"],"relics":["Burning Blood","Matryoshka","Boot","Singing Bowl"],"potions_floor_usage":[5,5],"damage_taken":[{"damage":1,"enemies":"2 Louse","floor":1,"turns":3},{"damage":6,"enemies":"Cultist","floor":2,"turns":4},{"damage":3,"enemies":"Jaw Worm","floor":4,"turns":6},{"damage":0,"enemies":"Looter","floor":5,"turns":3},{"damage":43,"enemies":"Lagavulin","floor":8,"turns":9},{"damage":8,"enemies":"Large Slime","floor":11,"turns":8},{"damage":75,"enemies":"Hexaghost","floor":16,"turns":16}],"seed_played":"7782561406576071621","potions_obtained":[{"floor":2,"key":"EssenceOfSteel"},{"floor":4,"key":"Weak Potion"},{"floor":8,"key":"SteroidPotion"}],"is_trial":false,"path_per_floor":["M","M","?","M","M","R","$","E","T","R","M","R","?","$","R","B"],"character_chosen":"IRONCLAD","items_purchased":["Shrug It Off","True Grit"],"campfire_rested":0,"item_purchase_floors":[7,14],"current_hp_per_floor":[72,72,72,72,72,72,72,35,35,35,33,33,72,72,72,0],"gold":18,"neow_bonus":"REMOVE_TWO","is_prod":false,"is_daily":false,"chose_seed":false,"campfire_upgraded":4,"win_rate":0,"timestamp":1557009246,"path_taken":["M","M","?","M","?","R","?","E","T","R","M","R","?","$","R","BOSS"],"build_version":"2019-01-23","purchased_purges":1,"victory":false,"max_hp_per_floor":[72,72,72,72,72,72,72,72,72,72,72,72,72,72,72,72],"card_choices":[{"not_picked":["Clothesline","Heavy Blade"],"picked":"Pommel Strike","floor":1},{"not_picked":["Bloodletting","Clothesline","Wild Strike"],"picked":"SKIP","floor":2},{"not_picked":["Bloodletting","Searing Blow","Blood for Blood"],"picked":"SKIP","floor":4},{"not_picked":["Infernal Blade","Dropkick"],"picked":"Shockwave","floor":5},{"not_picked":["Sword Boomerang","Havoc","Burning Pact"],"picked":"SKIP","floor":8},{"not_picked":["Hemokinesis","Perfected Strike"],"picked":"Power Through","floor":11}],"player_experience":323447,"relics_obtained":[{"floor":8,"key":"Matryoshka"},{"floor":9,"key":"Boot"},{"floor":9,"key":"Singing Bowl"}],"event_choices":[{"damage_healed":0,"gold_gain":0,"player_choice":"1 cards matched","damage_taken":0,"max_hp_gain":0,"max_hp_loss":0,"event_name":"Match and Keep!","floor":3,"gold_loss":0,"cards_obtained":["Sentinel"]},{"damage_healed":39,"gold_gain":0,"player_choice":"Full Heal","damage_taken":0,"max_hp_gain":0,"max_hp_loss":0,"event_name":"Wheel of Change","floor":13,"gold_loss":0}],"is_beta":false,"boss_relics":[],"items_purged_floors":[7],"is_endless":false,"potions_floor_spawned":[2,4,8],"killed_by":"Hexaghost","ascension_level":10}