{"path_per_floor":["M","?","?","$","M","R","E","M","T","E","M","$","R","E","R","B",null,"M","?","M","M","$","E","R","M","T","R","?","R","?","M","R"],"character_chosen":"THE_SILENT","items_purchased":["Panache","Juzu Bracelet"],"gold_per_floor":[118,118,118,43,64,64,102,127,179,218,233,21,21,61,61,181,181,206,121,139,159,2,41,41,60,60,60,60,60,60,85,85],"floor_reached":33,"campfire_rested":6,"playtime":2341,"current_hp_per_floor":[68,68,51,51,50,50,37,36,36,17,2,2,23,23,44,18,70,66,66,57,35,35,7,28,4,4,25,25,46,46,20,41],"items_purged":["Regret"],"gold":85,"score":370,"play_id":"b22fbe64-54eb-4775-bf77-3ac928daccf7","is_prod":false,"is_daily":false,"is_ascension_mode":true,"campfire_upgraded":1,"path_taken":["M","?","?","$","M","R","E","M","T","E","M","$","R","E","R","BOSS","M","?","M","M","?","E","R","M","T","R","?","R","?","M","R","BOSS"],"build_version":"2018-02-08-BETA1","purchased_purges":1,"victory":false,"master_deck":["Survivor","Neutralize+1","Noxious Fumes","A Thousand Cuts","Poisoned Stab+1","Underhanded Strike+1","Dash+1","Panache","Prepared","Tactician","Flying Knee+1","Finisher+1","Deadly Poison","Flying Knee+1","Backflip","Leg Sweep","Slice+1","Outmaneuver","Sucker Punch+1","Escape Plan","Reflex","Dodge and Roll","Poisoned Stab+1","Phantasmal Killer","Cloak And Dagger","Footwork"],"max_hp_per_floor":[70,70,70,70,70,70,70,70,70,70,70,70,70,70,70,70,70,70,70,70,70,70,70,70,70,70,70,70,70,70,70,70],"relics":["Runic Pyramid","Molten Egg 2","Golden Idol","Shuriken","Orichalcum","Mummified Hand","Bronze Scales","Du-Vu Doll","Juzu Bracelet","Oddly Smooth Stone","Girya","Nloth\u0027s Gift"],"card_choices":[{"not_picked":["Backflip","Dodge and Roll"],"picked":"Underhanded Strike"},{"not_picked":["Dagger Spray","Flechettes"],"picked":"Noxious Fumes"},{"not_picked":["Prepared","Predator"],"picked":"A Thousand Cuts"},{"not_picked":["Deadly Poison","Calculated Gamble"],"picked":"Poisoned Stab"},{"not_picked":["Quick Slash","Bane"],"picked":"Underhanded Strike"},{"not_picked":["Distraction","Flechettes"],"picked":"Dash"},{"not_picked":["Deflect","Acrobatics"],"picked":"Prepared"},{"not_picked":["Bullet Time","Unload"],"picked":"Tactician"},{"not_picked":["Choke","Outmaneuver"],"picked":"Reflex"},{"not_picked":["Accuracy","Leg Sweep"],"picked":"Dodge and Roll"},{"not_picked":["Skewer","Cloak And Dagger"],"picked":"Poisoned Stab"},{"not_picked":["Sucker Punch","Heel Hook"],"picked":"Phantasmal Killer"},{"not_picked":["Caltrops","Underhanded Strike"],"picked":"Cloak And Dagger"},{"not_picked":["Choke","Slice"],"picked":"Footwork"}],"player_experience":86286,"potions_floor_usage":[10,16,23,23,23,25,31],"damage_taken":[{"damage":2,"enemies":"Jaw Worm","floor":1,"turns":5},{"damage":1,"enemies":"Cultist","floor":5,"turns":5},{"damage":13,"enemies":"Lagavulin","floor":7,"turns":10},{"damage":1,"enemies":"Small Slimes","floor":8,"turns":4},{"damage":19,"enemies":"3 Sentries","floor":10,"turns":8},{"damage":15,"enemies":"3 Louse","floor":11,"turns":3},{"damage":0,"enemies":"Lagavulin","floor":14,"turns":8},{"damage":26,"enemies":"Hexaghost","floor":16,"turns":10},{"damage":4,"enemies":"3 Byrds","floor":18,"turns":3},{"damage":9,"enemies":"Shell Parasite","floor":20,"turns":4},{"damage":22,"enemies":"Snake Plant","floor":21,"turns":4},{"damage":28,"enemies":"Slavers","floor":23,"turns":5},{"damage":24,"enemies":"Centurion and Healer","floor":25,"turns":6},{"damage":26,"enemies":"Slaver and Parasite","floor":31,"turns":5},{"damage":55,"enemies":"Collector","floor":33,"turns":7}],"event_choices":[{"event_name":"Big Fish","player_choice":"Box","floor":2,"damage_taken":0},{"event_name":"Golden Idol","player_choice":"Take Damage","floor":3,"damage_taken":0},{"event_name":"Addict","player_choice":"Obtained Relic","floor":19,"damage_taken":0},{"event_name":"N\u0027loth","player_choice":"Traded a Pandora\u0027s Box","floor":28,"damage_taken":0},{"event_name":"Back to Basics","player_choice":"Elegance","floor":30,"damage_taken":0}],"boss_relics":[{"not_picked":["Black Star","Runic Dome"],"picked":"Pandora\u0027s Box"}],"potions_floor_spawned":[8,10,11,16,21,23,25],"seed_played":"5018392436264322122","killed_by":"Collector","ascension_level":4,"is_trial":false}