{"gold_per_floor":[115,115,134,47,62,76,87,87,158,158,128,158,158,158,158,254,254,266,266,266,286,211,211,221,238,238,270,270,285,285,305,305,410,410,425,50,0,46,60,60,60,60,60,60,75],"floor_reached":45,"playtime":2848,"items_purged":["Normality"],"score":530,"play_id":"8defd57e-4418-4771-ae64-6004f7d8de7d","local_time":"20180924225245","is_ascension_mode":true,"campfire_choices":[{"data":"Accuracy","floor":8,"key":"SMITH"},{"floor":15,"key":"REST"},{"floor":23,"key":"REST"},{"floor":28,"key":"REST"},{"data":"Cloak And Dagger","floor":32,"key":"SMITH"},{"floor":40,"key":"REST"}],"neow_cost":"NONE","seed_source_timestamp":11067890254300,"circlet_count":0,"master_deck":["Defend_G","Defend_G","Defend_G","Defend_G","Defend_G","Strike_G","Strike_G","Strike_G","Strike_G","Strike_G","Survivor","Neutralize","Cloak And Dagger+1","Dash","Accuracy+1","PiercingWail","Prepared","Acrobatics","Escape Plan","PiercingWail","Blade Dance+1","Die Die Die","Injury","Shame","Backflip","Writhe","Jack Of All Trades","Swift Strike+1","Sucker Punch+1","Heel Hook+1","Leg Sweep","Cloak And Dagger+1","PiercingWail+1","Backflip+1","Storm of Steel","Backflip","Infinite Blades","Escape Plan+1","Dagger Throw+1","Backflip+1","Discovery","Footwork+1"],"relics":["Ring of the Snake","Paper Crane","FossilizedHelix","Centennial Puzzle","Calling Bell","Dream Catcher","Molten Egg 2","StoneCalendar","Ornamental Fan","Blue Candle","Tingsha","Black Star","Ice Cream","Red Mask","Calipers","Bottled Tornado","Dead Branch"],"potions_floor_usage":[6,11,12,12,29,33,38,45],"damage_taken":[{"damage":0,"enemies":"2 Louse","floor":1,"turns":4},{"damage":0,"enemies":"Jaw Worm","floor":3,"turns":7},{"damage":0,"enemies":"Small Slimes","floor":5,"turns":4},{"damage":2,"enemies":"Blue Slaver","floor":6,"turns":4},{"damage":3,"enemies":"Red Slaver","floor":7,"turns":5},{"damage":7,"enemies":"Exordium Thugs","floor":11,"turns":9},{"damage":5,"enemies":"Lagavulin","floor":12,"turns":12},{"damage":24,"enemies":"Hexaghost","floor":16,"turns":14},{"damage":0,"enemies":"3 Byrds","floor":18,"turns":7},{"damage":20,"enemies":"Chosen","floor":21,"turns":7},{"damage":0,"enemies":"Snecko","floor":24,"turns":5},{"damage":12,"enemies":"Shelled Parasite and Fungi","floor":25,"turns":8},{"damage":22,"enemies":"Gremlin Leader","floor":27,"turns":9},{"damage":7,"enemies":"Centurion and Healer","floor":29,"turns":7},{"damage":10,"enemies":"3 Cultists","floor":31,"turns":7},{"damage":52,"enemies":"Automaton","floor":33,"turns":16},{"damage":16,"enemies":"Orb Walker","floor":35,"turns":6},{"damage":23,"enemies":"Mysterious Sphere","floor":38,"turns":6},{"damage":23,"enemies":"3 Darklings","floor":39,"turns":7},{"damage":1,"enemies":"Mind Bloom Boss Battle","floor":44,"turns":8},{"damage":42,"enemies":"2 Orb Walkers","floor":45,"turns":5}],"seed_played":"8027813391965463479","potions_obtained":[{"floor":3,"key":"Dexterity Potion"},{"floor":5,"key":"Dexterity Potion"},{"floor":6,"key":"Fruit Juice"},{"floor":7,"key":"Ancient Potion"},{"floor":24,"key":"Weak Potion"},{"floor":25,"key":"Energy Potion"},{"floor":33,"key":"PowerPotion"},{"floor":38,"key":"GamblersBrew"}],"is_trial":false,"path_per_floor":["M","?","M","$","M","M","M","R","T","?","M","E","?","?","R","B",null,"M","?","?","M","$","R","M","M","T","E","R","M","?","M","R","B",null,"M","$","?","?","M","R","$","?","T","?"],"character_chosen":"THE_SILENT","items_purchased":["Accuracy","PiercingWail","Infinite Blades","Ice Cream"],"campfire_rested":4,"item_purchase_floors":[4,4,36,36],"current_hp_per_floor":[70,70,70,70,70,73,70,70,70,63,56,51,51,39,61,37,75,75,75,54,34,34,56,56,44,44,22,44,37,62,56,56,4,75,59,59,59,36,13,35,35,35,35,34,0],"gold":75,"neow_bonus":"ONE_RANDOM_RARE_CARD","is_prod":false,"is_daily":false,"chose_seed":false,"campfire_upgraded":2,"win_rate":0,"timestamp":1537822365,"path_taken":["M","?","M","$","M","M","M","R","T","?","?","E","?","?","R","BOSS","M","?","?","?","$","R","M","?","T","E","R","M","?","M","R","BOSS","M","$","?","?","?","R","$","?","T","?","E"],"build_version":"2018-09-20","purchased_purges":1,"victory":false,"max_hp_per_floor":[70,70,70,70,70,75,75,75,75,75,75,75,75,75,75,75,75,75,75,75,75,75,75,75,75,75,75,75,75,75,75,75,75,75,75,75,75,75,75,75,75,75,75,75,75],"card_choices":[{"not_picked":["Well Laid Plans","Tactician"],"picked":"Cloak And Dagger","floor":1},{"not_picked":["Catalyst","Cloak And Dagger"],"picked":"Dash","floor":3},{"not_picked":["Sucker Punch","Poisoned Stab"],"picked":"Prepared","floor":5},{"not_picked":["Underhanded Strike","Bane"],"picked":"Acrobatics","floor":6},{"not_picked":["Deadly Poison","Calculated Gamble"],"picked":"Escape Plan","floor":7},{"not_picked":["Well Laid Plans","Slice"],"picked":"PiercingWail","floor":11},{"not_picked":["Burst","Backstab"],"picked":"Blade Dance","floor":12},{"not_picked":["Glass Knife","Bullet Time"],"picked":"Die Die Die","floor":16},{"not_picked":["Underhanded Strike+1","Quick Slash+1"],"picked":"Backflip","floor":18},{"not_picked":["Skewer+1","Slice+1","Prepared"],"picked":"SKIP","floor":21},{"not_picked":["Poisoned Stab+1","Slice+1"],"picked":"Sucker Punch+1","floor":24},{"not_picked":["Dagger Throw+1","Unload+1"],"picked":"Heel Hook+1","floor":25},{"not_picked":["Underhanded Strike+1","Setup"],"picked":"Leg Sweep","floor":27},{"not_picked":["Dagger Throw+1","Flying Knee+1"],"picked":"Cloak And Dagger+1","floor":28},{"not_picked":["Distraction","Dagger Throw+1"],"picked":"PiercingWail+1","floor":29},{"not_picked":["Prepared","Bouncing Flask"],"picked":"Backflip+1","floor":31},{"not_picked":["Malaise","Bullet Time"],"picked":"Storm of Steel","floor":33},{"not_picked":["Poisoned Stab+1","Choke+1"],"picked":"Backflip","floor":35},{"not_picked":["Slice+1","Masterful Stab+1"],"picked":"Escape Plan+1","floor":38},{"not_picked":["Prepared+1","Masterful Stab+1"],"picked":"Dagger Throw+1","floor":39},{"not_picked":["Slice+1","Reflex+1"],"picked":"Backflip+1","floor":40},{"not_picked":["PanicButton","Mind Blast+1"],"picked":"Discovery","floor":42},{"not_picked":["Backflip+1","Dash+1"],"picked":"Footwork+1","floor":44}],"player_experience":229964,"relics_obtained":[{"floor":9,"key":"Paper Crane"},{"floor":12,"key":"FossilizedHelix"},{"floor":17,"key":"Dream Catcher"},{"floor":17,"key":"Molten Egg 2"},{"floor":17,"key":"StoneCalendar"},{"floor":26,"key":"Blue Candle"},{"floor":27,"key":"Tingsha"},{"floor":38,"key":"Calipers"},{"floor":43,"key":"Bottled Tornado"},{"floor":44,"key":"Dead Branch"}],"event_choices":[{"event_name":"The Cleric","player_choice":"Leave","floor":2,"damage_taken":0},{"event_name":"Golden Wing","player_choice":"Card Removal","floor":10,"damage_taken":0},{"event_name":"Living Wall","player_choice":"Grow","floor":13,"damage_taken":0},{"event_name":"Scrap Ooze","player_choice":"success","floor":14,"damage_taken":12},{"event_name":"The Mausoleum","player_choice":"Yes","floor":19,"damage_taken":0},{"event_name":"Knowing Skull","player_choice":"CARD CARD ","floor":20,"damage_taken":0},{"event_name":"Knowing Skull","player_choice":"CARD CARD ","floor":20,"damage_taken":0},{"event_name":"The Library","player_choice":"Heal","floor":30,"damage_taken":0},{"event_name":"Tomb of Lord Red Mask","player_choice":"Paid","floor":37,"damage_taken":0},{"event_name":"Mysterious Sphere","player_choice":"Fight","floor":38,"damage_taken":0},{"event_name":"SensoryStone","player_choice":"Memory 1","floor":42,"damage_taken":0},{"event_name":"MindBloom","player_choice":"Fight","floor":44,"damage_taken":0}],"is_beta":false,"boss_relics":[{"not_picked":["Lizard Tail","HoveringKite"],"picked":"Calling Bell"},{"not_picked":["Busted Crown","Coffee Dripper"],"picked":"Black Star"}],"items_purged_floors":[22],"is_endless":false,"potions_floor_spawned":[3,5,6,7,24,25,33,38],"killed_by":"2 Orb Walkers","ascension_level":1}