{"gold_per_floor":[109,109,109,34,45,45,79,79,79,111,111,11,32,45,45,143,143,114,114,125,39,52,52,83,83,383,383,399,399],"floor_reached":29,"playtime":1562,"items_purged":["Regret","Decay"],"score":349,"play_id":"3488b16d-4d60-44a5-a2d0-3127b58e439b","local_time":"20190329202855","is_ascension_mode":true,"campfire_choices":[{"data":"Armaments","floor":6,"key":"SMITH"},{"data":"Second Wind","floor":8,"key":"SMITH"},{"floor":15,"key":"REST"},{"data":"True Grit","floor":23,"key":"SMITH"},{"data":"Exhume","floor":25,"key":"SMITH"}],"neow_cost":"TEN_PERCENT_HP_LOSS","seed_source_timestamp":601472675088763,"circlet_count":0,"master_deck":["Defend_R+1","Defend_R","Defend_R","Defend_R+1","Bash","Armaments+1","Second Wind+1","Exhume+1","Reaper","Iron Wave","Barricade","Metallicize+1","Bite","Bite","Bite","Bite","Bite","True Grit+1","Feel No Pain","Shrug It Off","Disarm","Feel No Pain+1","Clothesline+1"],"relics":["Burning Blood","WingedGreaves","Nunchaku","Singing Bowl","StoneCalendar","Lantern","War Paint","Odd Mushroom","Mark of Pain","Toxic Egg 2","Old Coin","Mummified Hand"],"potions_floor_usage":[7,16,18,22,24],"damage_taken":[{"damage":13,"enemies":"Jaw Worm","floor":1,"turns":6},{"damage":9,"enemies":"2 Louse","floor":5,"turns":3},{"damage":36,"enemies":"3 Sentries","floor":7,"turns":16},{"damage":18,"enemies":"Lagavulin","floor":10,"turns":7},{"damage":33,"enemies":"The Mushroom Lair","floor":13,"turns":5},{"damage":0,"enemies":"Cultist","floor":14,"turns":3},{"damage":38,"enemies":"Slime Boss","floor":16,"turns":7},{"damage":42,"enemies":"2 Thieves","floor":18,"turns":5},{"damage":32,"enemies":"3 Byrds","floor":20,"turns":7},{"damage":24,"enemies":"Shelled Parasite and Fungi","floor":22,"turns":7},{"damage":33,"enemies":"Slavers","floor":24,"turns":7},{"damage":2,"enemies":"Snake Plant","floor":28,"turns":7},{"damage":55,"enemies":"Gremlin Leader","floor":29,"turns":4}],"seed_played":"-8287802508106596657","potions_obtained":[{"floor":5,"key":"Regen Potion"},{"floor":13,"key":"Fire Potion"},{"floor":16,"key":"LiquidBronze"},{"floor":20,"key":"SteroidPotion"},{"floor":22,"key":"AttackPotion"}],"is_trial":false,"path_per_floor":["M","?","?","$","M","R","E","R","T","E","?","$","?","M","R","B",null,"M","?","M","$","M","R","E","R","T","T","M","E"],"character_chosen":"IRONCLAD","items_purchased":["Feel No Pain","Shrug It Off"],"campfire_rested":1,"item_purchase_floors":[21,21],"current_hp_per_floor":[65,65,65,65,62,62,47,47,47,35,23,23,10,20,42,10,58,30,30,32,32,51,51,42,42,42,42,51,0],"gold":399,"neow_bonus":"ONE_RARE_RELIC","is_prod":false,"is_daily":false,"chose_seed":false,"campfire_upgraded":4,"win_rate":0,"timestamp":1553916535,"path_taken":["M","?","?","$","?","R","E","R","T","E","?","$","?","M","R","BOSS","M","?","M","$","M","R","E","R","T","?","M","E"],"build_version":"2019-01-23","purchased_purges":2,"victory":false,"max_hp_per_floor":[72,72,72,72,72,72,72,72,72,72,72,72,74,74,74,74,74,74,51,51,51,51,51,51,51,51,51,51,51],"card_choices":[{"not_picked":["Flex","Perfected Strike"],"picked":"Armaments","floor":1},{"not_picked":["Flex","Carnage"],"picked":"Second Wind","floor":5},{"not_picked":["Rampage","Hemokinesis"],"picked":"Exhume","floor":7},{"not_picked":["Wild Strike","Iron Wave"],"picked":"Reaper","floor":10},{"not_picked":["Infernal Blade","Sword Boomerang","Burning Pact"],"picked":"Singing Bowl","floor":13},{"not_picked":["Uppercut","Pommel Strike"],"picked":"Iron Wave","floor":14},{"not_picked":["Juggernaut","Limit Break"],"picked":"Barricade","floor":16},{"not_picked":["Spot Weakness+1","Inflame"],"picked":"Metallicize+1","floor":18},{"not_picked":["Wild Strike","Clash"],"picked":"True Grit","floor":20},{"not_picked":["Blood for Blood","Warcry"],"picked":"Disarm","floor":22},{"not_picked":["Heavy Blade","Warcry"],"picked":"Feel No Pain+1","floor":24},{"not_picked":["Twin Strike","Wild Strike"],"picked":"Clothesline+1","floor":28}],"player_experience":264405,"relics_obtained":[{"floor":7,"key":"Singing Bowl"},{"floor":9,"key":"StoneCalendar"},{"floor":10,"key":"Lantern"},{"floor":13,"key":"Odd Mushroom"},{"floor":24,"key":"Toxic Egg 2"},{"floor":26,"key":"Old Coin"},{"floor":27,"key":"Mummified Hand"}],"event_choices":[{"damage_healed":0,"gold_gain":0,"player_choice":"Box","damage_taken":0,"relics_obtained":["Nunchaku"],"max_hp_gain":0,"max_hp_loss":0,"event_name":"Big Fish","floor":2,"gold_loss":0,"cards_obtained":["Regret"]},{"damage_healed":0,"gold_gain":0,"player_choice":"Cursed","damage_taken":0,"max_hp_gain":0,"max_hp_loss":0,"event_name":"Wheel of Change","floor":3,"gold_loss":0,"cards_obtained":["Decay"]},{"damage_healed":0,"gold_gain":0,"player_choice":"Success","damage_taken":12,"relics_obtained":["War Paint"],"max_hp_gain":0,"max_hp_loss":0,"event_name":"Scrap Ooze","floor":11,"gold_loss":0},{"damage_healed":0,"gold_gain":0,"player_choice":"Fought Mushrooms","damage_taken":0,"max_hp_gain":0,"max_hp_loss":0,"event_name":"Mushrooms","floor":13,"gold_loss":0},{"damage_healed":0,"gold_gain":0,"player_choice":"Became a vampire","damage_taken":0,"max_hp_gain":0,"max_hp_loss":23,"event_name":"Vampires","floor":19,"gold_loss":0,"cards_obtained":["Bite","Bite","Bite","Bite","Bite"]}],"is_beta":false,"boss_relics":[{"not_picked":["Velvet Choker","Philosopher\u0027s Stone"],"picked":"Mark of Pain"}],"items_purged_floors":[4,12],"is_endless":false,"potions_floor_spawned":[5,13,16,20,22],"killed_by":"Gremlin Leader","ascension_level":6}