{"gold_per_floor":[15,29,204,216,186,221,244,277,277,277,311,326,336,9,9,112,112,130,130,130,26,43,43,58,58,58,58,78,97,97,116,116,217,217,227,243,243,273,300,312,344,202,202,202,3,23,43,75,75,75],"floor_reached":51,"playtime":3707,"items_purged":["Doubt","Regret","Decay"],"score":1212,"play_id":"269d3451-a705-497d-8c02-b310b9d8fa8c","local_time":"20190513191720","is_ascension_mode":true,"campfire_choices":[{"data":"Skewer","floor":10,"key":"SMITH"},{"data":"Noxious Fumes","floor":15,"key":"SMITH"},{"data":"Well Laid Plans","floor":23,"key":"SMITH"},{"data":"Footwork","floor":27,"key":"SMITH"},{"data":"Footwork","floor":30,"key":"SMITH"},{"data":"Footwork","floor":32,"key":"SMITH"},{"floor":40,"key":"REST"},{"floor":44,"key":"REST"},{"floor":49,"key":"REST"}],"neow_cost":"NO_GOLD","seed_source_timestamp":1386539101553270,"circlet_count":0,"master_deck":["AscendersBane","Defend_G","Defend_G","Defend_G","Defend_G","Defend_G","Strike_G","Strike_G","Strike_G","Strike_G","Strike_G","Survivor","Neutralize","Deflect","Noxious Fumes+1","Dash","Blur","Skewer+1","Footwork+1","Acrobatics","Dash","Backstab","After Image","Footwork+1","Well Laid Plans+1","Deflect","Cloak And Dagger","Footwork","Dodge and Roll+1","Footwork+1","Crippling Poison+1","Malaise","Dodge and Roll+1","Outmaneuver+1","Backflip","Cloak And Dagger+1","Expertise+1","Deadly Poison+1"],"relics":["Ring of the Snake","Incense Burner","Oddly Smooth Stone","Strawberry","Ancient Tea Set","Art of War","Orichalcum","Pantograph","Cursed Key","Matryoshka","Fusion Hammer","MawBank","Blue Candle","Gremlin Horn"],"potions_floor_usage":[5,16,16,33,39,39,50,50],"damage_taken":[{"damage":0,"enemies":"Jaw Worm","floor":1,"turns":4},{"damage":0,"enemies":"Cultist","floor":2,"turns":4},{"damage":0,"enemies":"2 Louse","floor":4,"turns":3},{"damage":0,"enemies":"Looter","floor":5,"turns":4},{"damage":19,"enemies":"Lagavulin","floor":6,"turns":9},{"damage":11,"enemies":"3 Sentries","floor":8,"turns":9},{"damage":8,"enemies":"Gremlin Nob","floor":11,"turns":6},{"damage":0,"enemies":"Red Slaver","floor":12,"turns":4},{"damage":0,"enemies":"3 Louse","floor":13,"turns":8},{"damage":6,"enemies":"Hexaghost","floor":16,"turns":10},{"damage":0,"enemies":"Spheric Guardian","floor":18,"turns":6},{"damage":6,"enemies":"3 Byrds","floor":22,"turns":5},{"damage":1,"enemies":"3 Cultists","floor":24,"turns":7},{"damage":4,"enemies":"Shelled Parasite and Fungi","floor":28,"turns":6},{"damage":14,"enemies":"Snake Plant","floor":29,"turns":7},{"damage":0,"enemies":"Snecko","floor":31,"turns":8},{"damage":0,"enemies":"Collector","floor":33,"turns":14},{"damage":4,"enemies":"Orb Walker","floor":35,"turns":5},{"damage":0,"enemies":"3 Shapes","floor":36,"turns":6},{"damage":12,"enemies":"3 Darklings","floor":38,"turns":5},{"damage":6,"enemies":"Transient","floor":39,"turns":5},{"damage":12,"enemies":"Maw","floor":41,"turns":12},{"damage":0,"enemies":"3 Darklings","floor":46,"turns":7},{"damage":0,"enemies":"4 Shapes","floor":47,"turns":11},{"damage":0,"enemies":"Giant Head","floor":48,"turns":14},{"damage":35,"enemies":"Awakened One","floor":50,"turns":25}],"seed_played":"6003097536338455850","potions_obtained":[{"floor":2,"key":"SneckoOil"},{"floor":6,"key":"Dexterity Potion"},{"floor":8,"key":"Block Potion"},{"floor":11,"key":"Dexterity Potion"},{"floor":16,"key":"GhostInAJar"},{"floor":24,"key":"Poison Potion"},{"floor":29,"key":"Dexterity Potion"},{"floor":33,"key":"Block Potion"},{"floor":36,"key":"AttackPotion"},{"floor":39,"key":"Explosive Potion"},{"floor":48,"key":"SteroidPotion"}],"is_trial":false,"path_per_floor":["M","M","?","M","M","E","T","E","T","R","E","M","M","$","R","B",null,"M","?","?","$","M","R","M","?","T","R","M","M","R","M","R","B",null,"M","M","T","M","M","R","M","$","T","R","$","M","M","E","R","B",null],"character_chosen":"THE_SILENT","items_purchased":["Pantograph","Well Laid Plans","Deflect","Backflip","GhostInAJar"],"campfire_rested":3,"item_purchase_floors":[14,21,21,42,45],"current_hp_per_floor":[63,63,63,63,63,44,51,40,40,40,32,32,32,32,32,51,71,71,71,71,71,65,65,64,64,64,64,60,46,46,46,46,71,76,72,72,72,60,54,77,65,65,65,77,77,77,77,77,77,42],"gold":75,"neow_bonus":"ONE_RARE_RELIC","is_prod":false,"is_daily":false,"chose_seed":false,"campfire_upgraded":6,"win_rate":0,"timestamp":1557800240,"path_taken":["M","M","?","M","M","E","?","E","T","R","E","?","M","$","R","BOSS","M","?","?","$","M","R","M","?","T","R","?","M","R","M","R","BOSS","M","M","?","?","M","R","M","$","T","R","$","M","M","E","R","BOSS"],"build_version":"2019-01-23","purchased_purges":3,"victory":true,"max_hp_per_floor":[70,70,70,70,70,70,77,77,77,77,77,77,77,77,77,77,77,77,77,77,77,77,77,77,77,77,77,77,77,77,77,77,77,77,77,77,77,77,77,77,77,77,77,77,77,77,77,77,77,77],"card_choices":[{"not_picked":["Dagger Spray","Flechettes"],"picked":"Deflect","floor":1},{"not_picked":["Dagger Throw","Prepared"],"picked":"Noxious Fumes","floor":2},{"not_picked":["Sucker Punch","Riddle With Holes"],"picked":"Dash","floor":4},{"not_picked":["Backflip","Riddle With Holes"],"picked":"Blur","floor":5},{"not_picked":["Deflect","Catalyst"],"picked":"Skewer","floor":6},{"not_picked":["Cloak And Dagger","Caltrops"],"picked":"Footwork","floor":8},{"not_picked":["Outmaneuver","Poisoned Stab"],"picked":"Acrobatics","floor":11},{"not_picked":["Flying Knee","Poisoned Stab"],"picked":"Dash","floor":12},{"not_picked":["Choke","Quick Slash"],"picked":"Backstab","floor":13},{"not_picked":["Unload","Envenom"],"picked":"After Image","floor":16},{"not_picked":["Endless Agony","Prepared","Underhanded Strike"],"picked":"SKIP","floor":18},{"not_picked":["Outmaneuver","Tactician","Skewer"],"picked":"SKIP","floor":22},{"not_picked":["Deflect","Quick Slash+1"],"picked":"Cloak And Dagger","floor":24},{"not_picked":["Flying Knee","Distraction"],"picked":"Dodge and Roll+1","floor":28},{"not_picked":["Terror","Bane+1"],"picked":"Footwork","floor":29},{"not_picked":["PiercingWail","Bane"],"picked":"Crippling Poison+1","floor":31},{"not_picked":["Envenom","Wraith Form v2"],"picked":"Malaise","floor":33},{"not_picked":["Underhanded Strike","Poisoned Stab+1"],"picked":"Dodge and Roll+1","floor":35},{"not_picked":["Prepared","Eviscerate","Dagger Throw"],"picked":"SKIP","floor":36},{"not_picked":["Masterful Stab","Underhanded Strike","Riddle With Holes"],"picked":"SKIP","floor":38},{"not_picked":["Dodge and Roll","Expertise","Noxious Fumes"],"picked":"SKIP","floor":39},{"not_picked":["Slice","Prepared+1"],"picked":"Outmaneuver+1","floor":41},{"not_picked":["Dagger Spray","A Thousand Cuts"],"picked":"Cloak And Dagger+1","floor":46},{"not_picked":["Quick Slash","Flechettes"],"picked":"Expertise+1","floor":47},{"not_picked":["Bullet Time","Reflex"],"picked":"Deadly Poison+1","floor":48}],"player_experience":379642,"relics_obtained":[{"floor":6,"key":"Oddly Smooth Stone"},{"floor":7,"key":"Strawberry"},{"floor":8,"key":"Ancient Tea Set"},{"floor":9,"key":"Art of War"},{"floor":11,"key":"Orichalcum"},{"floor":26,"key":"Matryoshka"},{"floor":37,"key":"MawBank"},{"floor":37,"key":"Blue Candle"},{"floor":48,"key":"Gremlin Horn"}],"event_choices":[{"damage_healed":0,"gold_gain":175,"player_choice":"AGREE","damage_taken":0,"max_hp_gain":0,"max_hp_loss":0,"event_name":"Liars Game","floor":3,"gold_loss":0,"cards_obtained":["Doubt"]},{"damage_healed":0,"gold_gain":0,"player_choice":"Read","damage_taken":0,"max_hp_gain":0,"max_hp_loss":0,"event_name":"The Library","floor":19,"gold_loss":0,"cards_obtained":["Footwork"]},{"damage_healed":0,"gold_gain":0,"player_choice":"Ignored","damage_taken":0,"max_hp_gain":0,"max_hp_loss":0,"event_name":"Vampires","floor":20,"gold_loss":0},{"damage_healed":0,"gold_gain":0,"player_choice":"Copied","damage_taken":0,"max_hp_gain":0,"max_hp_loss":0,"event_name":"Duplicator","floor":25,"gold_loss":0,"cards_obtained":["Footwork"]}],"is_beta":false,"boss_relics":[{"not_picked":["Pandora\u0027s Box","Ring of the Serpent"],"picked":"Cursed Key"},{"not_picked":["Runic Pyramid","Lizard Tail"],"picked":"Fusion Hammer"}],"items_purged_floors":[14,42,45],"is_endless":false,"potions_floor_spawned":[2,6,8,11,16,24,29,31,33,36,38,39,48],"ascension_level":12}