{"gold_per_floor":[111,111,130,130,150,170,170,187,187,206,219,219,42,42,42,42],"floor_reached":16,"playtime":408,"items_purged":[],"score":169,"play_id":"a83fd2b6-0edf-4278-a5cd-7b66d5490ca7","local_time":"20190526032620","is_ascension_mode":true,"campfire_choices":[{"data":"Sunder","floor":7,"key":"SMITH"},{"floor":12,"key":"DIG"},{"floor":15,"key":"REST"}],"neow_cost":"NONE","seed_source_timestamp":830466669100242,"circlet_count":0,"master_deck":["AscendersBane","Strike_B","Strike_B","Strike_B","Defend_B","Defend_B","Defend_B","Zap","Dualcast","Sunder+1","Seek","Cold Snap","Zap","Loop","Genetic Algorithm"],"special_seed":0,"relics":["Cracked Core","Shovel","The Courier","Membership Card","Pocketwatch"],"potions_floor_usage":[],"damage_taken":[{"damage":1.0,"enemies":"2 Louse","floor":1.0,"turns":3.0},{"damage":0.0,"enemies":"Cultist","floor":3.0,"turns":3.0},{"damage":12,"enemies":"Jaw Worm","floor":5,"turns":3},{"damage":9,"enemies":"Looter","floor":6,"turns":3},{"damage":5,"enemies":"Large Slime","floor":8,"turns":4},{"damage":0,"enemies":"2 Fungi Beasts","floor":10,"turns":2},{"damage":0,"enemies":"Exordium Wildlife","floor":11,"turns":2},{"damage":50,"enemies":"Hexaghost","floor":16,"turns":9}],"seed_played":"186300513010705767","potions_obtained":[{"floor":1.0,"key":"Explosive Potion"},{"floor":8,"key":"Block Potion"}],"is_trial":false,"path_per_floor":["M","?","M","?","M","M","R","M","T","M","M","R","$","?","R","B"],"character_chosen":"DEFECT","items_purchased":["Membership Card"],"campfire_rested":1,"item_purchase_floors":[13],"current_hp_per_floor":[63,63,63,63,51,42,42,37,37,37,37,37,37,26,47,0],"gold":42,"neow_bonus":"REMOVE_CARD","is_prod":false,"is_daily":false,"chose_seed":false,"campfire_upgraded":1,"win_rate":0,"timestamp":1558812380,"path_taken":["M","?","M","?","?","M","R","M","T","M","M","R","?","?","R","BOSS"],"build_version":"2019-01-23","purchased_purges":0,"victory":false,"max_hp_per_floor":[71,71,71,71,71,71,71,71,71,71,71,71,71,71,71,71],"card_choices":[{"not_picked":["Aggregate","Storm","Steam"],"picked":"SKIP","floor":1.0},{"not_picked":["Turbo","Cold Snap"],"picked":"Sunder","floor":3.0},{"not_picked":["Go for the Eyes","Cold Snap"],"picked":"Loop","floor":5},{"not_picked":["Streamline","Leap","All For One"],"picked":"SKIP","floor":6},{"not_picked":["Beam Cell","FTL","Hello World"],"picked":"SKIP","floor":8},{"not_picked":["Compile Driver","Hologram","Barrage"],"picked":"SKIP","floor":10},{"not_picked":["Go for the Eyes","Hologram"],"picked":"Genetic Algorithm","floor":11}],"player_experience":599757,"relics_obtained":[{"floor":9,"key":"Shovel"},{"floor":12,"key":"The Courier"}],"event_choices":[{"cards_removed":["Defend_B"],"damage_healed":0.0,"max_hp_gain":0.0,"max_hp_loss":0.0,"gold_gain":0.0,"event_name":"Living Wall","player_choice":"Forget","floor":2.0,"gold_loss":0.0,"damage_taken":0.0},{"damage_healed":0,"gold_gain":0,"player_choice":"3 cards matched","damage_taken":0,"max_hp_gain":0,"max_hp_loss":0,"event_name":"Match and Keep!","floor":4,"gold_loss":0,"cards_obtained":["Seek","Cold Snap","Zap"]},{"damage_healed":0,"gold_gain":0,"player_choice":"Success","damage_taken":11,"relics_obtained":["Pocketwatch"],"max_hp_gain":0,"max_hp_loss":0,"event_name":"Scrap Ooze","floor":14,"gold_loss":0}],"is_beta":false,"boss_relics":[],"items_purged_floors":[],"is_endless":false,"potions_floor_spawned":[1,8,11],"killed_by":"Hexaghost","ascension_level":16}