{"path_per_floor":["M","M","M","?","$","E","M","R","T","?","M","E","$","E","R","B",null,"M","?","M","M","?","E","M","E","T","E","R","?","$","M","R","B",null,"M","M","$","?","?","R","E","?","T","?","M","M","R","?","R"],"character_chosen":"THE_SILENT","items_purchased":["Cloak And Dagger","Regal Pillow","Juzu Bracelet","Vajra"],"gold_per_floor":[109,125,142,142,116,146,161,161,187,187,201,226,80,114,114,217,217,236,236,249,268,168,200,210,244,244,278,278,278,133,147,147,247,247,258,274,129,129,129,129,158,158,158,158,173,192,192,0,0],"floor_reached":50,"campfire_rested":5,"playtime":3816,"current_hp_per_floor":[62,52,52,52,52,34,34,55,55,55,55,44,44,34,70,15,70,58,80,80,79,79,69,61,68,68,35,78,78,78,54,54,17,91,81,25,25,25,14,68,36,36,36,36,36,26,40,40,91],"items_purged":[],"gold":0,"score":674,"play_id":"4e72e771-f349-47c8-8a7a-cc7cbff33f72","is_prod":false,"is_daily":false,"is_ascension_mode":true,"campfire_upgraded":2,"path_taken":["M","M","M","?","$","E","M","R","T","?","?","E","$","E","R","BOSS","M","?","M","M","?","E","?","E","T","E","R","?","$","M","R","BOSS","M","M","$","?","?","R","E","?","T","?","M","M","R","?","R","BOSS"],"build_version":"2018-02-08-BETA1","purchased_purges":0,"victory":false,"master_deck":["Defend_G","Defend_G","Defend_G","Defend_G","Strike_G","Strike_G","Strike_G","Strike_G","Strike_G","Survivor","Neutralize+1","Dagger Throw","Underhanded Strike","Cloak And Dagger","Cloak And Dagger","Prepared","Prepared","Acrobatics","Caltrops","Glass Knife","Slice","Cloak And Dagger","Cloak And Dagger","J.A.X.","Slice+1","Terror","Dagger Spray+1","Underhanded Strike+1","A Thousand Cuts+1","PiercingWail+1","Flying Knee+1","Madness","Madness","Dagger Spray+1","Blur","Doubt","Distraction+1","Sucker Punch"],"max_hp_per_floor":[70,70,70,70,70,70,70,70,70,70,70,70,70,70,70,70,70,70,80,80,80,80,80,80,94,94,94,94,91,91,91,91,91,91,91,91,91,91,91,91,91,91,91,91,91,91,91,91,91],"relics":["White Beast Statue","Shuriken","Bag of Marbles","Paper Crane","Tingsha","Regal Pillow","Gremlin Horn","Cursed Key","Happy Flower","Mango","Calipers","Unceasing Top","Juzu Bracelet","Eternal Feather","Vajra","Thread and Needle","Gambling Chip","Red Mask"],"card_choices":[{"not_picked":["Bane","Sucker Punch"],"picked":"Dagger Throw"},{"not_picked":["Blur","Prepared"],"picked":"Underhanded Strike"},{"not_picked":["Skewer","Flying Knee"],"picked":"Cloak And Dagger"},{"not_picked":["Riddle With Holes","Masterful Stab"],"picked":"Prepared"},{"not_picked":["Deadly Poison","Acrobatics"],"picked":"Prepared"},{"not_picked":["Dagger Spray","Outmaneuver"],"picked":"Acrobatics"},{"not_picked":["Quick Slash","Riddle With Holes"],"picked":"Caltrops"},{"not_picked":["Poisoned Stab","Backstab"],"picked":"Unload"},{"not_picked":["Bullet Time","Die Die Die"],"picked":"Glass Knife"},{"not_picked":["Deadly Poison","Dodge and Roll"],"picked":"Slice"},{"not_picked":["Dagger Throw","Dash"],"picked":"Cloak And Dagger"},{"not_picked":["Blur","Expertise"],"picked":"Cloak And Dagger"},{"not_picked":["Outmaneuver","Expertise"],"picked":"Slice"},{"not_picked":["Backflip","Deflect"],"picked":"Terror"},{"not_picked":["Acrobatics","PiercingWail"],"picked":"Dagger Spray"},{"not_picked":["Flechettes","Night Terror"],"picked":"Underhanded Strike"},{"not_picked":["Wraith Form","Die Die Die"],"picked":"A Thousand Cuts"},{"not_picked":["Quick Slash","Poisoned Stab"],"picked":"PiercingWail"},{"not_picked":["Deadly Poison","PiercingWail"],"picked":"Flying Knee"},{"not_picked":["Dash","Dodge and Roll"],"picked":"Dagger Spray"},{"not_picked":["Unload","Blade Dance"],"picked":"Distraction"},{"not_picked":["Bane","Terror"],"picked":"Sucker Punch"}],"player_experience":96638,"potions_floor_usage":[6,7,11,12,14,14,14,21,23,23,33,35,35,41,46,46,50,50],"damage_taken":[{"damage":8,"enemies":"Jaw Worm","floor":1,"turns":6},{"damage":10,"enemies":"Blue Slaver","floor":2,"turns":5},{"damage":0,"enemies":"Small Slimes","floor":3,"turns":3},{"damage":18,"enemies":"3 Sentries","floor":6,"turns":9},{"damage":0,"enemies":"Gremlin Gang","floor":7,"turns":5},{"damage":0,"enemies":"Exordium Thugs","floor":11,"turns":5},{"damage":11,"enemies":"Lagavulin","floor":12,"turns":7},{"damage":10,"enemies":"Gremlin Nob","floor":14,"turns":3},{"damage":55,"enemies":"The Guardian","floor":16,"turns":12},{"damage":12,"enemies":"Shell Parasite","floor":18,"turns":4},{"damage":0,"enemies":"3 Byrds","floor":20,"turns":3},{"damage":1,"enemies":"3 Cultists","floor":21,"turns":4},{"damage":10,"enemies":"Slavers","floor":23,"turns":4},{"damage":8,"enemies":"Centurion and Healer","floor":24,"turns":6},{"damage":7,"enemies":"Gremlin Leader","floor":25,"turns":5},{"damage":33,"enemies":"Book of Stabbing","floor":27,"turns":5},{"damage":24,"enemies":"Snake Plant","floor":31,"turns":3},{"damage":37,"enemies":"Collector","floor":33,"turns":8},{"damage":10,"enemies":"Orb Walker","floor":35,"turns":2},{"damage":56,"enemies":"3 Darklings","floor":36,"turns":4},{"damage":32,"enemies":"Giant Head","floor":41,"turns":7},{"damage":0,"enemies":"Flame Bruiser 2 Orb","floor":45,"turns":5},{"damage":10,"enemies":"Maw","floor":46,"turns":9},{"damage":121,"enemies":"Time Eater","floor":50,"turns":10}],"event_choices":[{"event_name":"The Woman in Blue","player_choice":"Bought 0 Potions","floor":4,"damage_taken":0},{"event_name":"Accursed Blacksmith","player_choice":"Rummage","floor":10,"damage_taken":0},{"event_name":"Bonfire Elementals","player_choice":"RARE","floor":19,"damage_taken":0},{"event_name":"Drug Dealer","player_choice":"Got JAXXED","floor":22,"damage_taken":0},{"event_name":"Fountain of Cleansing","player_choice":"Removed Curse","floor":29,"damage_taken":0},{"event_name":"The Moai Head","player_choice":"Ignored","floor":38,"damage_taken":0},{"event_name":"Winding Halls","player_choice":"Embrace Madness","floor":39,"damage_taken":0},{"event_name":"Transmorgrifier","player_choice":"Transform","floor":42,"damage_taken":0},{"event_name":"Mysterious Sphere","player_choice":"Ignore","floor":44,"damage_taken":0},{"event_name":"Tomb of Lord Red Mask","player_choice":"Paid","floor":48,"damage_taken":0}],"boss_relics":[{"not_picked":["Tiny House","Runic Pyramid"],"picked":"Cursed Key"},{"not_picked":["Orrery","Snecko Eye"],"picked":"Eternal Feather"}],"potions_floor_spawned":[1,2,3,6,7,11,12,14,16,18,20,21,23,24,25,27,31,33,35,36,41,45,46],"seed_played":"-3022359828607001606","killed_by":"Time Eater","ascension_level":4,"is_trial":false}