{"gold_per_floor":[113,131,151,165,180,180,180,210,256,286,298,320,362,374,386,498,510,541,22,38,38,54,70,70,70,93,113,113,132,151,162,162,257,257,276,276,276,292,292,292,302,302,302,302,337,360,375,386,386,386],"floor_reached":51,"playtime":2515,"items_purged":[],"score":820,"play_id":"44a0fad0-67a7-426f-81db-962c6691ab43","local_time":"20181027122816","is_ascension_mode":false,"campfire_choices":[{"data":"Go for the Eyes","floor":6,"key":"SMITH"},{"data":"1","floor":15,"key":"LIFT"},{"data":"2","floor":24,"key":"LIFT"},{"data":"3","floor":28,"key":"LIFT"},{"data":"Dualcast","floor":32,"key":"SMITH"},{"data":"Madness","floor":40,"key":"SMITH"},{"data":"Madness","floor":42,"key":"SMITH"},{"data":"Zap","floor":49,"key":"SMITH"}],"neow_cost":"NONE","seed_source_timestamp":233023528821464,"circlet_count":0,"master_deck":["Strike_B","Strike_B","Strike_B","Strike_B","Defend_B","Defend_B","Defend_B","Defend_B","Zap+1","Dualcast+1","Ball Lightning","Doom and Gloom","Go for the Eyes+1","Compile Driver","Undo","Coolheaded","Rebound","Glacier+1","Cold Snap","Seek","Beam Cell","Scrape","Barrage","Rip and Tear+1","Conserve Battery","All For One","Ball Lightning+1","Aggregate+1","Electrodynamics","Steam+1","Madness+1","Madness+1","Cold Snap+1","Master of Strategy","Turbo+1","Stack","Rip and Tear+1"],"relics":["Cracked Core","Kunai","MawBank","Girya","Cables","Sozu","Thread and Needle","Orichalcum","Pen Nib","Inserter","Singing Bowl","Centennial Puzzle","Bag of Preparation"],"potions_floor_usage":[13,13,16,47],"damage_taken":[{"damage":3,"enemies":"Small Slimes","floor":1,"turns":3},{"damage":6,"enemies":"Cultist","floor":2,"turns":3},{"damage":6,"enemies":"Jaw Worm","floor":3,"turns":3},{"damage":0,"enemies":"Red Slaver","floor":4,"turns":3},{"damage":7,"enemies":"Blue Slaver","floor":5,"turns":3},{"damage":3,"enemies":"Lagavulin","floor":8,"turns":5},{"damage":10,"enemies":"Lots of Slimes","floor":10,"turns":2},{"damage":3,"enemies":"2 Fungi Beasts","floor":12,"turns":4},{"damage":23,"enemies":"3 Sentries","floor":13,"turns":5},{"damage":0,"enemies":"Slime Boss","floor":16,"turns":7},{"damage":0,"enemies":"Chosen","floor":18,"turns":3},{"damage":0,"enemies":"Shell Parasite","floor":20,"turns":3},{"damage":0,"enemies":"Chosen and Byrds","floor":22,"turns":4},{"damage":0,"enemies":"Cultist and Chosen","floor":23,"turns":7},{"damage":0,"enemies":"Colosseum Slavers","floor":25,"turns":2},{"damage":0,"enemies":"3 Cultists","floor":27,"turns":3},{"damage":0,"enemies":"Sentry and Sphere","floor":29,"turns":3},{"damage":11,"enemies":"Snake Plant","floor":30,"turns":2},{"damage":0,"enemies":"3 Cultists","floor":31,"turns":2},{"damage":19,"enemies":"Champ","floor":33,"turns":7},{"damage":0,"enemies":"Orb Walker","floor":35,"turns":2},{"damage":2,"enemies":"3 Darklings","floor":38,"turns":3},{"damage":0,"enemies":"4 Shapes","floor":41,"turns":5},{"damage":0,"enemies":"Nemesis","floor":45,"turns":5},{"damage":2,"enemies":"Jaw Worm Horde","floor":47,"turns":4},{"damage":0,"enemies":"3 Darklings","floor":48,"turns":3},{"damage":60,"enemies":"Time Eater","floor":50,"turns":11}],"seed_played":"2278816943271567132","potions_obtained":[{"floor":2,"key":"Regen Potion"},{"floor":8,"key":"FocusPotion"},{"floor":12,"key":"Dexterity Potion"},{"floor":16,"key":"Regen Potion"}],"is_trial":false,"path_per_floor":["M","M","M","M","M","R","?","E","T","M","T","M","E","?","R","B",null,"M","$","M","$","M","M","R","?","T","M","R","M","M","M","R","B",null,"M","?","?","M","?","R","M","R","T","?","E","T","M","M","R","B"],"character_chosen":"DEFECT","items_purchased":["Thread and Needle","Orichalcum","Scrape"],"campfire_rested":0,"item_purchase_floors":[19,19,19],"current_hp_per_floor":[72,66,60,60,53,53,53,50,50,40,40,37,28,28,28,28,75,75,75,75,75,75,75,75,75,75,75,75,75,64,64,64,45,75,75,66,66,64,64,64,64,64,64,64,64,64,74,74,74,14],"gold":386,"neow_bonus":"ONE_RANDOM_RARE_CARD","is_prod":false,"is_daily":false,"chose_seed":false,"campfire_upgraded":5,"win_rate":0,"timestamp":1540668496,"path_taken":["M","M","M","M","M","R","?","E","T","M","?","?","E","?","R","BOSS","M","?","M","?","M","M","R","?","T","?","R","M","M","M","R","BOSS","M","?","?","?","?","R","?","R","T","?","E","?","M","?","R","BOSS"],"build_version":"2018-10-25v2","purchased_purges":0,"victory":true,"max_hp_per_floor":[75,75,75,75,75,75,75,75,75,75,75,75,75,75,75,75,75,75,75,75,75,75,75,75,75,75,75,75,75,75,75,75,75,75,75,75,75,75,75,75,75,75,75,75,75,75,75,75,75,75],"card_choices":[{"not_picked":["Rebound","Stack"],"picked":"Ball Lightning","floor":1},{"not_picked":["Stack","Go for the Eyes"],"picked":"Doom and Gloom","floor":2},{"not_picked":["Gash","Beam Cell"],"picked":"Go for the Eyes","floor":3},{"not_picked":["Turbo","Scrape"],"picked":"Compile Driver","floor":4},{"not_picked":["Consume","Blizzard","Sunder"],"picked":"SKIP","floor":5},{"not_picked":["Lockon","Steam"],"picked":"Coolheaded","floor":8},{"not_picked":["Static Discharge","Streamline"],"picked":"Rebound","floor":10},{"not_picked":["Go for the Eyes","Rip and Tear"],"picked":"Glacier","floor":12},{"not_picked":["Turbo","Ball Lightning"],"picked":"Cold Snap","floor":13},{"not_picked":["Echo Form","Rainbow"],"picked":"Seek","floor":16},{"not_picked":["Force Field","Coolheaded"],"picked":"Beam Cell","floor":18},{"not_picked":["Auto Shields","Chaos"],"picked":"Barrage","floor":20},{"not_picked":["Compile Driver+1","Skim"],"picked":"Sweeping Beam+1","floor":22},{"not_picked":["Undo+1","Lockon"],"picked":"Rip and Tear+1","floor":23},{"not_picked":["Undo+1","Hologram"],"picked":"Conserve Battery","floor":27},{"not_picked":["Redo+1","Gash"],"picked":"All For One","floor":29},{"not_picked":["Coolheaded","Consume"],"picked":"Ball Lightning+1","floor":30},{"not_picked":["Sweeping Beam","Gash"],"picked":"Aggregate+1","floor":31},{"not_picked":["Echo Form","Meteor Strike"],"picked":"Electrodynamics","floor":33},{"not_picked":["Capacitor+1","Barrage+1"],"picked":"Steam+1","floor":35},{"not_picked":["Redo+1","Recycle"],"picked":"Cold Snap+1","floor":38},{"not_picked":["Genetic Algorithm+1","Redo","Gash"],"picked":"SKIP","floor":41},{"not_picked":["Metamorphosis","Violence"],"picked":"Master of Strategy","floor":44},{"not_picked":["Cold Snap","Scrape"],"picked":"Turbo+1","floor":45},{"not_picked":["Conserve Battery","Coolheaded+1"],"picked":"Stack","floor":47},{"not_picked":["Barrage","Rebound"],"picked":"Rip and Tear+1","floor":48}],"player_experience":113764,"relics_obtained":[{"floor":8,"key":"Kunai"},{"floor":9,"key":"MawBank"},{"floor":11,"key":"Girya"},{"floor":13,"key":"Cables"},{"floor":26,"key":"Pen Nib"},{"floor":43,"key":"Singing Bowl"},{"floor":45,"key":"Centennial Puzzle"},{"floor":46,"key":"Bag of Preparation"}],"event_choices":[{"damage_healed":0,"gold_gain":0,"cards_transformed":["Meteor Strike"],"player_choice":"Transformed","damage_taken":0,"max_hp_gain":0,"max_hp_loss":0,"event_name":"Transmorgrifier","floor":7,"gold_loss":0,"cards_obtained":["Undo"]},{"damage_healed":0,"gold_gain":0,"player_choice":"Forge","damage_taken":0,"max_hp_gain":0,"max_hp_loss":0,"event_name":"Accursed Blacksmith","floor":14,"gold_loss":0,"cards_upgraded":["Glacier"]},{"damage_healed":0,"gold_gain":0,"player_choice":"Fight","damage_taken":0,"max_hp_gain":0,"max_hp_loss":0,"event_name":"Colosseum","floor":25,"gold_loss":0},{"damage_healed":0,"gold_gain":0,"player_choice":"Fled From Nobs","damage_taken":0,"max_hp_gain":0,"max_hp_loss":0,"event_name":"Colosseum","floor":25,"gold_loss":0},{"damage_healed":0,"gold_gain":0,"player_choice":"Embrace Madness","damage_taken":9,"max_hp_gain":0,"max_hp_loss":0,"event_name":"Winding Halls","floor":36,"gold_loss":0,"cards_obtained":["Madness","Madness"]},{"damage_healed":0,"gold_gain":0,"player_choice":"Ignored","damage_taken":0,"max_hp_gain":0,"max_hp_loss":0,"event_name":"Mysterious Sphere","floor":37,"gold_loss":0},{"cards_removed":["Sweeping Beam"],"damage_healed":0,"gold_gain":0,"player_choice":"Removed Attack","damage_taken":0,"max_hp_gain":0,"max_hp_loss":0,"event_name":"Falling","floor":39,"gold_loss":0},{"damage_healed":0,"gold_gain":0,"player_choice":"Memory 1","damage_taken":0,"max_hp_gain":0,"max_hp_loss":0,"event_name":"SensoryStone","floor":44,"gold_loss":0}],"is_beta":false,"boss_relics":[{"not_picked":["Snecko Eye","Runic Pyramid"],"picked":"Sozu"},{"not_picked":["Eternal Feather","Astrolabe"],"picked":"Inserter"}],"items_purged_floors":[],"is_endless":false,"potions_floor_spawned":[2,8,12,16,22,23,25,30,33,45,47],"ascension_level":0}