{"path_per_floor":["M","$","$","?","M","E","R","$","T","R","E","?","E","M","R","B",null,"M","$","M","?","?","R","E","M","T","$","R","M","M","?","R"],"character_chosen":"DEFECT","items_purchased":["Molten Egg 2","Flash of Steel","Sweeping Beam","Go for the Eyes","Barrage"],"gold_per_floor":[368,12,12,12,29,54,54,0,25,25,56,56,88,98,98,197,197,208,87,101,101,16,16,50,60,85,59,59,77,89,14,14,14],"floor_reached":33,"campfire_rested":0,"playtime":2345,"current_hp_per_floor":[68,68,68,68,68,42,42,42,42,42,22,22,18,18,18,10,68,68,68,68,68,68,68,37,34,34,34,34,28,30,30,30,0],"items_purged":["Strike_B"],"gold":14,"score":323,"play_id":"51d5d465-9306-40f6-b371-e187ce30d3f0","local_time":"20180509035115","is_prod":false,"is_daily":false,"chose_seed":false,"is_ascension_mode":true,"campfire_upgraded":6,"timestamp":1525805475,"path_taken":["M","?","$","?","M","E","R","$","T","R","E","?","E","M","R","BOSS","M","$","M","?","?","R","E","M","T","$","R","M","?","?","R","BOSS"],"build_version":"2018-05-07","seed_source_timestamp":0,"purchased_purges":1,"victory":false,"master_deck":["Strike_B","Defend_B","Defend_B","Defend_B","Defend_B","Zap+1","Dualcast+1","BootSequence+1","Flash of Steel+1","Streamline+1","Streamline+1","Sweeping Beam+1","Coolheaded+1","Coolheaded+1","Seek+1","Go for the Eyes+1","Beam Cell+1","Capacitor+1","Barrage+1","Leap+1","Gash+1"],"max_hp_per_floor":[68,68,68,68,68,68,68,68,68,68,68,68,68,68,68,68,68,68,68,68,68,68,68,68,68,68,68,68,68,68,68,68,68],"relics":["Cracked Core","Molten Egg 2","Darkstone Periapt","Art of War","Bag of Preparation","Dream Catcher","Runic Dome","Du-Vu Doll","Blood Vial","Pen Nib"],"card_choices":[{"not_picked":["Undo","Chill"],"picked":"BootSequence","floor":1.0},{"not_picked":["Heatsinks","Skim"],"picked":"Streamline","floor":5.0},{"not_picked":["Consume","Rip and Tear"],"picked":"Streamline","floor":6.0},{"not_picked":["Impulse","Streamline"],"picked":"Coolheaded","floor":13.0},{"not_picked":["Barrage","Sweeping Beam"],"picked":"Coolheaded","floor":14.0},{"not_picked":["Amplify","Creative AI"],"picked":"Seek","floor":16.0},{"not_picked":["FTL","Hologram"],"picked":"Beam Cell","floor":24},{"not_picked":["Creative AI","Defragment"],"picked":"Capacitor","floor":25},{"not_picked":["Turbo","Barrage"],"picked":"Leap","floor":29},{"not_picked":["Go for the Eyes","Leap"],"picked":"Gash","floor":30}],"player_experience":483524,"potions_floor_usage":[33,33,33],"damage_taken":[{"damage":0.0,"enemies":"Cultist","floor":1.0,"turns":4.0},{"damage":0.0,"enemies":"2 Louse","floor":5.0,"turns":2.0},{"damage":26.0,"enemies":"Gremlin Nob","floor":6.0,"turns":4.0},{"damage":20.0,"enemies":"Lagavulin","floor":11.0,"turns":4.0},{"damage":4.0,"enemies":"3 Sentries","floor":13.0,"turns":4.0},{"damage":0.0,"enemies":"Small Slimes","floor":14.0,"turns":2.0},{"damage":8.0,"enemies":"Hexaghost","floor":16.0,"turns":9.0},{"damage":0.0,"enemies":"Shell Parasite","floor":18.0,"turns":2.0},{"damage":0,"enemies":"2 Thieves","floor":20,"turns":2},{"damage":31,"enemies":"Gremlin Leader","floor":24,"turns":6},{"damage":5,"enemies":"Snake Plant","floor":25,"turns":3},{"damage":8,"enemies":"Slaver and Parasite","floor":29,"turns":3},{"damage":0,"enemies":"Centurion and Healer","floor":30,"turns":3},{"damage":32,"enemies":"Collector","floor":33,"turns":5}],"event_choices":[{"event_name":"Bonfire Elementals","player_choice":"BASIC","floor":4.0,"damage_taken":0.0},{"event_name":"Liars Game","player_choice":"disagreed","floor":12.0,"damage_taken":0.0},{"event_name":"Upgrade Shrine","player_choice":"Upgraded","floor":21,"damage_taken":0},{"event_name":"Addict","player_choice":"Obtained Relic","floor":22,"damage_taken":0},{"event_name":"Beggar","player_choice":"Gave Gold","floor":31,"damage_taken":0}],"boss_relics":[],"potions_floor_spawned":[1,6,16,18,25,30],"seed_played":"-8265865947111227199","killed_by":"Collector","ascension_level":3,"is_trial":false}