{"gold_per_floor":[113,113,63,82,82],"floor_reached":5,"playtime":162,"items_purged":[],"score":29,"play_id":"ff8083bc-8164-436d-bb6a-6cfde7135061","local_time":"20180911032003","daily_mods":["Draft"],"is_ascension_mode":false,"campfire_choices":[],"neow_cost":"","seed_source_timestamp":365268224821617,"circlet_count":0,"master_deck":["Thunderclap","Fire Breathing","Cleave","Thunderclap","Clash","Twin Strike","Perfected Strike","Twin Strike","Clash","Anger","Wild Strike","Anger","Warcry","Metallicize","Flex","Spot Weakness","Perfected Strike","Perfected Strike"],"relics":["Burning Blood"],"potions_floor_usage":[],"damage_taken":[{"damage":0,"enemies":"2 Louse","floor":1,"turns":1},{"damage":0,"enemies":"Cultist","floor":4,"turns":2}],"seed_played":"4558055039371880521","potions_obtained":[{"floor":4,"key":"Strength Potion"}],"is_trial":true,"path_per_floor":["M","?","$","M"],"character_chosen":"IRONCLAD","items_purchased":["Perfected Strike"],"campfire_rested":0,"item_purchase_floors":[3],"current_hp_per_floor":[80,80,80,80,80],"gold":82,"neow_bonus":"","is_prod":false,"is_daily":false,"chose_seed":false,"campfire_upgraded":0,"win_rate":0,"timestamp":1536650403,"path_taken":["M","?","$","M","$"],"build_version":"2018-09-06","purchased_purges":0,"victory":false,"max_hp_per_floor":[80,80,80,80,80],"card_choices":[{"not_picked":["True Grit","Havoc"],"picked":"Thunderclap","floor":0},{"not_picked":["Entrench","Searing Blow"],"picked":"Fire Breathing","floor":0},{"not_picked":["Anger","Infernal Blade"],"picked":"Cleave","floor":0},{"not_picked":["Warcry","Havoc"],"picked":"Thunderclap","floor":0},{"not_picked":["Rage","Blood for Blood"],"picked":"Clash","floor":0},{"not_picked":["Whirlwind","Fire Breathing"],"picked":"Twin Strike","floor":0},{"not_picked":["Sword Boomerang","Shockwave"],"picked":"Perfected Strike","floor":0},{"not_picked":["Dropkick","Power Through"],"picked":"Twin Strike","floor":0},{"not_picked":["Corruption","Cleave"],"picked":"Clash","floor":0},{"not_picked":["Second Wind","Sword Boomerang"],"picked":"Anger","floor":0},{"not_picked":["Warcry","Sword Boomerang"],"picked":"Wild Strike","floor":0},{"not_picked":["Flex","Feel No Pain"],"picked":"Anger","floor":0},{"not_picked":["Evolve","Disarm"],"picked":"Warcry","floor":0},{"not_picked":["Clothesline","Second Wind"],"picked":"Metallicize","floor":0},{"not_picked":["Heavy Blade","Entrench"],"picked":"Flex","floor":0},{"not_picked":["Clothesline","Dual Wield"],"picked":"Spot Weakness","floor":1},{"not_picked":["Evolve","Flame Barrier"],"picked":"Perfected Strike","floor":4}],"player_experience":88390,"relics_obtained":[],"event_choices":[{"event_name":"Golden Idol","player_choice":"Ignored","floor":2,"damage_taken":0}],"is_beta":false,"boss_relics":[],"items_purged_floors":[],"is_endless":false,"potions_floor_spawned":[4],"ascension_level":0}