{"gold_per_floor":[109,109,109,14,28,57,57,67,91,111,135,135,163,109,109,210,210,224,224,79,90,90,90,90,108,133,133,144,158,189,218,230,242],"floor_reached":33,"playtime":1248,"items_purged":["Decay"],"score":300,"play_id":"a5ebd29a-063c-432c-b117-3d4f737d6b94","local_time":"20181215122215","is_ascension_mode":false,"campfire_choices":[{"floor":7,"key":"REST"},{"data":"Flex","floor":12,"key":"SMITH"},{"data":"Rage","floor":15,"key":"SMITH"},{"data":"Shrug It Off","floor":23,"key":"SMITH"},{"floor":32,"key":"REST"}],"neow_cost":"NONE","seed_source_timestamp":200847556157217,"circlet_count":0,"master_deck":["Strike_R","Strike_R","Strike_R+1","Strike_R+1","Strike_R+1","Defend_R","Defend_R","Defend_R","Defend_R","Bash","Flex","Flex+1","Clash","Shrug It Off+1","Anger","Heavy Blade","Rage+1","Clash","Flex","Iron Wave","Shrug It Off+1","Doubt","Flex","Inflame"],"relics":["Burning Blood","Lantern","Anchor","Dream Catcher","Whetstone","Pen Nib","Cursed Key","Happy Flower","MawBank"],"potions_floor_usage":[6,10,13,16,16,25,28,29],"damage_taken":[{"damage":0,"enemies":"2 Louse","floor":1,"turns":3},{"damage":1,"enemies":"Jaw Worm","floor":5,"turns":2},{"damage":57,"enemies":"3 Sentries","floor":6,"turns":12},{"damage":0,"enemies":"Small Slimes","floor":8,"turns":1},{"damage":0,"enemies":"2 Fungi Beasts","floor":10,"turns":2},{"damage":13,"enemies":"Lagavulin","floor":13,"turns":5},{"damage":21,"enemies":"Slime Boss","floor":16,"turns":8},{"damage":0,"enemies":"Chosen","floor":18,"turns":4},{"damage":0,"enemies":"3 Byrds","floor":21,"turns":4},{"damage":0,"enemies":"Snecko","floor":25,"turns":3},{"damage":31,"enemies":"Cultist and Chosen","floor":28,"turns":6},{"damage":9,"enemies":"Snake Plant","floor":29,"turns":3},{"damage":23,"enemies":"Slavers","floor":30,"turns":7},{"damage":25,"enemies":"Sentry and Sphere","floor":31,"turns":4},{"damage":57,"enemies":"Collector","floor":33,"turns":6}],"seed_played":"3134107606575109476","potions_obtained":[{"floor":5,"key":"Poison Potion"},{"floor":6,"key":"EntropicBrew"},{"floor":13,"key":"GamblersBrew"},{"floor":18,"key":"GamblersBrew"},{"floor":21,"key":"AttackPotion"},{"floor":28,"key":"Block Potion"}],"is_trial":false,"path_per_floor":["M","?","?","$","M","E","R","M","T","M","T","R","E","$","R","B",null,"M","?","$","M","$","R","?","M","T","?","M","M","E","M","R","B"],"character_chosen":"IRONCLAD","items_purchased":["Flex","Clash","Clash","Flex","Iron Wave"],"campfire_rested":2,"item_purchase_floors":[4,4,14,20,20],"current_hp_per_floor":[80,80,77,77,80,29,53,59,59,65,65,65,58,58,58,43,80,80,80,80,80,80,80,80,80,80,80,55,52,35,16,40,0],"gold":242,"neow_bonus":"UPGRADE_CARD","is_prod":false,"is_daily":false,"chose_seed":false,"campfire_upgraded":3,"win_rate":0,"timestamp":1544894535,"path_taken":["M","?","?","$","M","E","R","?","T","M","?","R","E","$","R","BOSS","M","?","$","M","$","R","?","?","T","?","M","M","E","M","R","BOSS"],"build_version":"2018-12-13","purchased_purges":1,"victory":false,"max_hp_per_floor":[80,80,80,80,80,80,80,80,80,80,80,80,80,80,80,80,80,80,80,80,80,80,80,80,80,80,80,80,80,80,80,80,80],"card_choices":[{"not_picked":["Pummel","Wild Strike"],"picked":"Flex","floor":1},{"not_picked":["Clothesline","Wild Strike"],"picked":"Shrug It Off","floor":5},{"not_picked":["Sword Boomerang","Battle Trance"],"picked":"Anger","floor":6},{"not_picked":["Double Tap","Havoc"],"picked":"Heavy Blade","floor":8},{"not_picked":["Combust","Wild Strike","Intimidate"],"picked":"SKIP","floor":10},{"not_picked":["Cleave","Thunderclap"],"picked":"Rage","floor":13},{"not_picked":["Perfected Strike+1","Havoc+1","Sword Boomerang"],"picked":"SKIP","floor":18},{"not_picked":["Clothesline","Pommel Strike","Body Slam"],"picked":"SKIP","floor":21},{"not_picked":["Intimidate","Ghostly Armor","Carnage"],"picked":"SKIP","floor":25},{"not_picked":["Pommel Strike","Dual Wield","True Grit"],"picked":"SKIP","floor":28},{"not_picked":["Clothesline+1","Entrench","Combust"],"picked":"SKIP","floor":29},{"not_picked":["Second Wind+1","Cleave"],"picked":"Inflame","floor":30},{"not_picked":["Warcry","Pommel Strike+1","Searing Blow"],"picked":"SKIP","floor":31}],"player_experience":314034,"relics_obtained":[{"floor":6,"key":"Anchor"},{"floor":9,"key":"Dream Catcher"},{"floor":11,"key":"Whetstone"},{"floor":13,"key":"Pen Nib"},{"floor":26,"key":"Happy Flower"},{"floor":30,"key":"MawBank"}],"event_choices":[{"damage_healed":0,"gold_gain":0,"player_choice":"Ignored","damage_taken":0,"max_hp_gain":0,"max_hp_loss":0,"event_name":"Golden Wing","floor":2,"gold_loss":0},{"damage_healed":0,"gold_gain":0,"player_choice":"Success","damage_taken":3,"relics_obtained":["Lantern"],"max_hp_gain":0,"max_hp_loss":0,"event_name":"Scrap Ooze","floor":3,"gold_loss":0},{"damage_healed":0,"gold_gain":0,"player_choice":"Smashed Altar","damage_taken":0,"max_hp_gain":0,"max_hp_loss":0,"event_name":"Forgotten Altar","floor":19,"gold_loss":0,"cards_obtained":["Decay"]},{"damage_healed":0,"gold_gain":0,"player_choice":"Copied","damage_taken":0,"max_hp_gain":0,"max_hp_loss":0,"event_name":"Duplicator","floor":24,"gold_loss":0,"cards_obtained":["Shrug It Off"]},{"damage_healed":0,"gold_gain":0,"player_choice":"Read","damage_taken":0,"max_hp_gain":0,"max_hp_loss":0,"event_name":"The Library","floor":27,"gold_loss":0,"cards_obtained":["Flex"]}],"is_beta":false,"boss_relics":[{"not_picked":["Calling Bell","Ectoplasm"],"picked":"Cursed Key"}],"items_purged_floors":[20],"is_endless":false,"potions_floor_spawned":[5,6,10,13,18,21,28],"killed_by":"Collector","ascension_level":0}