{"gold_per_floor":[218,218,218,94,105,105,130,130,185,201,212,212,224,244,244,341,341,353,353,60,75,75],"floor_reached":22,"playtime":728,"items_purged":[],"score":194,"play_id":"2d8dd810-54e0-4dca-8b1f-41ebfa4ca112","local_time":"20190306154745","is_ascension_mode":true,"campfire_choices":[{"data":"Swift Strike","floor":6,"key":"SMITH"},{"floor":8,"key":"REST"},{"data":"Headbutt","floor":12,"key":"SMITH"},{"data":"Armaments","floor":15,"key":"SMITH"}],"neow_cost":"NONE","seed_source_timestamp":1883555006092392,"circlet_count":0,"master_deck":["Strike_R+1","Strike_R+1","Strike_R","Strike_R","Strike_R","Defend_R","Defend_R","Defend_R","Defend_R","Flex","Pommel Strike","Swift Strike+1","Headbutt+1","Armaments+1","Barricade","Disarm","Feel No Pain","Reaper","Shrug It Off"],"relics":["Black Blood","Dodecahedron","Odd Mushroom","Strawberry","Vajra"],"potions_floor_usage":[16,16],"damage_taken":[{"damage":4,"enemies":"Small Slimes","floor":1,"turns":4},{"damage":12,"enemies":"Jaw Worm","floor":5,"turns":2},{"damage":26,"enemies":"The Mushroom Lair","floor":7,"turns":4},{"damage":0,"enemies":"Cultist","floor":10,"turns":2},{"damage":11,"enemies":"3 Louse","floor":11,"turns":3},{"damage":12,"enemies":"Large Slime","floor":13,"turns":3},{"damage":3,"enemies":"Blue Slaver","floor":14,"turns":2},{"damage":11,"enemies":"Slime Boss","floor":16,"turns":6},{"damage":33,"enemies":"2 Thieves","floor":18,"turns":3},{"damage":23,"enemies":"Shell Parasite","floor":21,"turns":7},{"damage":15,"enemies":"Centurion and Healer","floor":22,"turns":5}],"seed_played":"3285620721338850897","potions_obtained":[{"floor":1,"key":"Weak Potion"},{"floor":10,"key":"BloodPotion"},{"floor":13,"key":"FearPotion"},{"floor":18,"key":"BloodPotion"},{"floor":21,"key":"GamblersBrew"}],"is_trial":false,"path_per_floor":["M","?","?","$","M","R","?","R","T","M","M","R","M","M","R","B",null,"M","?","$","M","M"],"character_chosen":"IRONCLAD","items_purchased":["Pommel Strike","Swift Strike","Vajra","Reaper"],"campfire_rested":1,"item_purchase_floors":[4,4,20,20],"current_hp_per_floor":[80,73,57,57,51,51,31,55,62,68,63,63,57,60,60,55,87,64,64,64,51,50],"gold":75,"neow_bonus":"HUNDRED_GOLD","is_prod":false,"is_daily":false,"chose_seed":false,"campfire_upgraded":3,"win_rate":0,"timestamp":1551905265,"path_taken":["M","?","?","$","M","R","?","R","T","M","M","R","M","M","R","BOSS","M","?","$","M","M"],"build_version":"2019-01-23","purchased_purges":0,"victory":false,"max_hp_per_floor":[80,80,80,80,80,80,80,80,87,87,87,87,87,87,87,87,87,87,87,87,87,87],"card_choices":[{"not_picked":["Corruption","Hemokinesis"],"picked":"Flex","floor":1},{"not_picked":["Metallicize","Cleave"],"picked":"Twin Strike","floor":5},{"not_picked":["Burning Pact","Flex","Heavy Blade"],"picked":"SKIP","floor":10},{"not_picked":["Seeing Red","Body Slam"],"picked":"Headbutt","floor":11},{"not_picked":["Blood for Blood","Cleave","Metallicize"],"picked":"SKIP","floor":13},{"not_picked":["True Grit","Hemokinesis"],"picked":"Armaments","floor":14},{"not_picked":["Offering","Bludgeon"],"picked":"Barricade","floor":16},{"not_picked":["Heavy Blade","Iron Wave+1","Spot Weakness"],"picked":"SKIP","floor":18},{"not_picked":["Headbutt+1","True Grit"],"picked":"Shrug It Off","floor":21}],"player_experience":512129,"relics_obtained":[{"floor":7,"key":"Odd Mushroom"},{"floor":9,"key":"Strawberry"}],"event_choices":[{"damage_healed":0,"gold_gain":0,"player_choice":"Success","damage_taken":7,"relics_obtained":["Dodecahedron"],"max_hp_gain":0,"max_hp_loss":0,"event_name":"Scrap Ooze","floor":2,"gold_loss":0},{"damage_healed":0,"gold_gain":0,"player_choice":"Entered Light","damage_taken":16,"max_hp_gain":0,"max_hp_loss":0,"event_name":"Shining Light","floor":3,"gold_loss":0,"cards_upgraded":["Strike_R","Strike_R"]},{"damage_healed":0,"gold_gain":0,"player_choice":"Fought Mushrooms","damage_taken":0,"max_hp_gain":0,"max_hp_loss":0,"event_name":"Mushrooms","floor":7,"gold_loss":0},{"damage_healed":0,"gold_gain":0,"cards_transformed":["Twin Strike","Bash"],"player_choice":"Became Test Subject","damage_taken":0,"max_hp_gain":0,"max_hp_loss":0,"event_name":"Drug Dealer","floor":19,"gold_loss":0,"cards_obtained":["Disarm","Feel No Pain"]}],"is_beta":false,"boss_relics":[{"not_picked":["Calling Bell","Runic Cube"],"picked":"Black Blood"}],"items_purged_floors":[],"is_endless":false,"potions_floor_spawned":[1,10,13,14,18,21],"killed_by":"Centurion and Healer","ascension_level":2}