{"gold_per_floor":[113,136,154,169,179,179,189,189,213,213,240,96,113,128,128,227,227,243,243,243,253,253],"floor_reached":22,"playtime":975,"items_purged":["Strike_B"],"score":226,"play_id":"fd08b821-a0f6-4abf-9ddc-13a76940239b","local_time":"20190307125424","is_ascension_mode":true,"campfire_choices":[{"data":"Zap","floor":6,"key":"SMITH"},{"data":"Go for the Eyes","floor":8,"key":"SMITH"},{"data":"Capacitor","floor":10,"key":"SMITH"},{"data":"Dualcast","floor":15,"key":"SMITH"}],"neow_cost":"NONE","seed_source_timestamp":2376733473482,"circlet_count":0,"master_deck":["Strike_B","Defend_B","Defend_B","Defend_B","Defend_B","Zap+1","Dualcast+1","Capacitor+1","Cold Snap","Leap","Go for the Eyes+1","Ball Lightning","Sunder","Skim","Buffer","Ball Lightning+1","Glacier"],"relics":["Cracked Core","NeowsBlessing","Anchor","DataDisk","Shuriken","Empty Cage"],"potions_floor_usage":[11,11,16],"damage_taken":[{"damage":0,"enemies":"Cultist","floor":1,"turns":1},{"damage":0,"enemies":"Jaw Worm","floor":3,"turns":1},{"damage":0,"enemies":"2 Louse","floor":4,"turns":1},{"damage":6,"enemies":"Red Slaver","floor":5,"turns":4},{"damage":7,"enemies":"Exordium Thugs","floor":7,"turns":6},{"damage":3,"enemies":"3 Sentries","floor":11,"turns":11},{"damage":0,"enemies":"2 Fungi Beasts","floor":13,"turns":3},{"damage":0,"enemies":"3 Louse","floor":14,"turns":3},{"damage":22,"enemies":"Slime Boss","floor":16,"turns":9},{"damage":31,"enemies":"2 Thieves","floor":18,"turns":4},{"damage":17,"enemies":"Colosseum Slavers","floor":19,"turns":4},{"damage":16,"enemies":"Spheric Guardian","floor":21,"turns":5},{"damage":0,"enemies":"Centurion and Healer","floor":22,"turns":1}],"seed_played":"2738106054075895622","potions_obtained":[{"floor":3,"key":"Energy Potion"},{"floor":7,"key":"Fruit Juice"},{"floor":13,"key":"FocusPotion"},{"floor":16,"key":"GamblersBrew"}],"is_trial":false,"path_per_floor":["M","T","M","M","M","R","M","R","T","R","E","$","M","M","R","B",null,"M","?","?","M","M"],"character_chosen":"DEFECT","items_purchased":["Sunder"],"campfire_rested":0,"item_purchase_floors":[12],"current_hp_per_floor":[75,75,75,75,69,69,62,62,62,62,64,64,64,64,64,42,80,49,32,32,16,16],"gold":253,"neow_bonus":"THREE_ENEMY_KILL","is_prod":false,"is_daily":false,"chose_seed":false,"campfire_upgraded":4,"win_rate":0,"timestamp":1551992064,"path_taken":["M","?","M","M","M","R","M","R","T","R","E","$","M","M","R","BOSS","M","?","?","?","M"],"build_version":"2019-01-23","purchased_purges":1,"victory":false,"max_hp_per_floor":[75,75,75,75,75,75,75,75,75,75,80,80,80,80,80,80,80,80,80,80,80,80],"card_choices":[{"not_picked":["Leap","Beam Cell"],"picked":"Capacitor","floor":1},{"not_picked":["Lockon","Undo"],"picked":"Cold Snap","floor":3},{"not_picked":["Gash","Genetic Algorithm","Beam Cell"],"picked":"SKIP","floor":4},{"not_picked":["Cold Snap","Reprogram"],"picked":"Leap","floor":5},{"not_picked":["Gash","Conserve Battery"],"picked":"Go for the Eyes","floor":7},{"not_picked":["Seek","Double Energy"],"picked":"Ball Lightning","floor":11},{"not_picked":["Turbo","Go for the Eyes","Undo"],"picked":"SKIP","floor":13},{"not_picked":["Ball Lightning","Rip and Tear"],"picked":"Skim","floor":14},{"not_picked":["Meteor Strike","Seek"],"picked":"Buffer","floor":16},{"not_picked":["Gash","Sweeping Beam"],"picked":"Ball Lightning+1","floor":18},{"not_picked":["Rebound","Chill+1"],"picked":"Glacier","floor":21}],"player_experience":337964,"relics_obtained":[{"floor":2,"key":"Anchor"},{"floor":9,"key":"DataDisk"},{"floor":11,"key":"Shuriken"}],"event_choices":[{"damage_healed":0,"gold_gain":0,"player_choice":"Fight","damage_taken":0,"max_hp_gain":0,"max_hp_loss":0,"event_name":"Colosseum","floor":19,"gold_loss":0},{"damage_healed":0,"gold_gain":0,"player_choice":"Fled From Nobs","damage_taken":0,"max_hp_gain":0,"max_hp_loss":0,"event_name":"Colosseum","floor":19,"gold_loss":0},{"damage_healed":0,"gold_gain":0,"player_choice":"Bought 0 Potions","damage_taken":0,"max_hp_gain":0,"max_hp_loss":0,"event_name":"The Woman in Blue","floor":20,"gold_loss":0}],"is_beta":false,"boss_relics":[{"not_picked":["Black Star","Fusion Hammer"],"picked":"Empty Cage"}],"items_purged_floors":[12],"is_endless":false,"potions_floor_spawned":[3,7,13,16,19],"killed_by":"Centurion and Healer","ascension_level":4}