{"path_per_floor":["M","?","?","M","M","E","M","E","T","?","R","E","M","M","R","B",null,"M","?","M","?","?","E","M","E","T","R","E","R","$","?","R","B",null,"M","M","M","$","M","R","M","R","T","?","R","M","M","M","R"],"character_chosen":"IRONCLAD","items_purchased":["Transmutation","Panache","Fire Breathing"],"gold_per_floor":[115,115,115,126,142,176,194,225,270,299,299,330,349,366,366,470,470,482,462,474,374,289,318,334,363,439,439,474,474,194,194,194,299,299,319,339,353,75,93,93,104,104,104,104,104,116,132,144,144,144],"floor_reached":50,"campfire_rested":0,"playtime":4522,"current_hp_per_floor":[80,80,80,80,80,46,49,55,55,55,55,44,55,39,39,80,80,64,64,64,64,64,68,49,48,48,48,62,62,62,62,62,66,87,87,72,44,44,44,44,28,28,28,81,81,31,54,71,71,0],"items_purged":["Juggernaut"],"gold":144,"score":675,"play_id":"87c183d9-a021-4f4d-a36a-601c61c730c7","local_time":"20180406230831","is_prod":false,"is_daily":false,"is_ascension_mode":false,"campfire_upgraded":4,"timestamp":1523048911,"path_taken":["M","?","?","M","M","E","M","E","T","?","R","E","M","M","R","BOSS","M","?","M","?","?","E","?","E","T","R","E","R","$","?","R","BOSS","M","M","M","$","M","R","M","R","T","?","R","?","M","M","R","BOSS"],"build_version":"2018-04-05v2","purchased_purges":1,"victory":false,"master_deck":["Strike_R","Strike_R","Strike_R","Strike_R","Strike_R","Defend_R","Defend_R","Defend_R","Defend_R","Bash+1","Regret","Dropkick","Dropkick","Reaper+1","Demon Form+1","Thunderclap","Shockwave","Brutality+1","Shrug It Off+1","Disarm+1","J.A.X.","Flex","Dropkick","Fire Breathing+1","Dual Wield+1","Transmutation+1","Rupture","Reaper","Decay","True Grit+1","Feed","Panache","Fire Breathing","True Grit+1","Heavy Blade+1","Pommel Strike+1","Dropkick"],"max_hp_per_floor":[80,80,80,80,80,80,80,80,80,80,80,80,80,80,80,80,80,80,80,80,80,80,80,80,80,80,80,80,80,80,80,80,80,87,87,87,87,87,90,90,93,93,93,81,81,81,81,81,81,81],"relics":["Burning Blood","Bronze Scales","Meat on the Bone","Red Skull","Ice Cream","Ancient Tea Set","Odd Mushroom","Shovel","Oddly Smooth Stone","Velvet Choker","Pen Nib","Omamori","Bag of Marbles","Mercury Hourglass","Calipers","Blood Vial","Calling Bell","Strawberry","Matryoshka","Lantern","Prayer Wheel","Toxic Egg 2","Orichalcum","Whetstone","Dream Catcher"],"card_choices":[{"not_picked":["Twin Strike","Body Slam"],"picked":"True Grit","floor":1},{"not_picked":["Disarm","True Grit"],"picked":"Dropkick","floor":4},{"not_picked":["Ghostly Armor","Dual Wield"],"picked":"Dropkick","floor":5},{"not_picked":["Rupture","Flex"],"picked":"Reaper","floor":6},{"not_picked":["Flex","True Grit"],"picked":"Demon Form","floor":7},{"not_picked":["Carnage","Anger"],"picked":"Juggernaut","floor":8},{"not_picked":["Iron Wave","Body Slam"],"picked":"Thunderclap","floor":10},{"not_picked":["Searing Blow","Perfected Strike"],"picked":"Shockwave","floor":13},{"not_picked":["Impervious","Bludgeon"],"picked":"Brutality","floor":16},{"not_picked":["Rampage","Corruption"],"picked":"Shrug It Off","floor":18},{"not_picked":["Shrug It Off","Heavy Blade"],"picked":"Disarm","floor":20},{"not_picked":["Cleave","Hemokinesis"],"picked":"Flex","floor":23},{"not_picked":["Carnage","Headbutt"],"picked":"Dropkick","floor":24},{"not_picked":["Clash","Perfected Strike"],"picked":"Fire Breathing","floor":25},{"not_picked":["Cleave","Corruption"],"picked":"Dual Wield","floor":28},{"not_picked":["Limit Break","Dark Embrace"],"picked":"Reaper","floor":33},{"not_picked":["Twin Strike","Flex"],"picked":"True Grit","floor":36},{"not_picked":["Reckless Charge","Flex"],"picked":"Feed","floor":37},{"not_picked":["Twin Strike","Heavy Blade"],"picked":"True Grit","floor":41},{"not_picked":["Metallicize","Brutality"],"picked":"Heavy Blade","floor":43},{"not_picked":["Iron Wave","Twin Strike"],"picked":"Pommel Strike","floor":46},{"not_picked":["Battle Trance","Iron Wave"],"picked":"Dropkick","floor":47}],"player_experience":28139,"potions_floor_usage":[8,16,16,25,25,37,50,50,50],"damage_taken":[{"damage":1,"enemies":"Jaw Worm","floor":1,"turns":4},{"damage":3,"enemies":"Cultist","floor":4,"turns":3},{"damage":2,"enemies":"2 Louse","floor":5,"turns":3},{"damage":52,"enemies":"Lagavulin","floor":6,"turns":8},{"damage":29,"enemies":"Exordium Wildlife","floor":7,"turns":5},{"damage":12,"enemies":"Gremlin Nob","floor":8,"turns":3},{"damage":20,"enemies":"The Mushroom Lair","floor":10,"turns":4},{"damage":29,"enemies":"Lagavulin","floor":12,"turns":5},{"damage":7,"enemies":"2 Fungi Beasts","floor":13,"turns":3},{"damage":34,"enemies":"Exordium Thugs","floor":14,"turns":5},{"damage":6,"enemies":"Slime Boss","floor":16,"turns":7},{"damage":24,"enemies":"2 Thieves","floor":18,"turns":4},{"damage":16,"enemies":"3 Byrds","floor":20,"turns":4},{"damage":34,"enemies":"Gremlin Leader","floor":23,"turns":6},{"damage":37,"enemies":"Sentry and Sphere","floor":24,"turns":5},{"damage":19,"enemies":"Book of Stabbing","floor":25,"turns":3},{"damage":20,"enemies":"Gremlin Leader","floor":28,"turns":5},{"damage":45,"enemies":"Champ","floor":33,"turns":7},{"damage":28,"enemies":"3 Shapes","floor":35,"turns":3},{"damage":41,"enemies":"3 Darklings","floor":36,"turns":5},{"damage":48,"enemies":"Maw","floor":37,"turns":6},{"damage":58,"enemies":"4 Shapes","floor":39,"turns":5},{"damage":52,"enemies":"Sphere and 2 Shapes","floor":41,"turns":4},{"damage":68,"enemies":"Maw","floor":46,"turns":6},{"damage":3,"enemies":"3 Darklings","floor":47,"turns":3},{"damage":24,"enemies":"Sphere and 2 Shapes","floor":48,"turns":4},{"damage":117,"enemies":"Donu and Deca","floor":50,"turns":6}],"event_choices":[{"event_name":"Bonfire Elementals","player_choice":"COMMON","floor":2,"damage_taken":0},{"event_name":"Big Fish","player_choice":"Box","floor":3,"damage_taken":0},{"event_name":"Mushrooms","player_choice":"Fought Mushrooms","floor":10,"damage_taken":0},{"event_name":"The Woman in Blue","player_choice":"Bought 1 Potion","floor":19,"damage_taken":0},{"event_name":"Drug Dealer","player_choice":"Got JAXXED","floor":21,"damage_taken":0},{"event_name":"Addict","player_choice":"Obtained Relic","floor":22,"damage_taken":0},{"event_name":"The Library","player_choice":"Read","floor":31,"damage_taken":0},{"event_name":"The Moai Head","player_choice":"Heal","floor":44,"damage_taken":0}],"boss_relics":[{"not_picked":["Runic Cube","Orrery"],"picked":"Velvet Choker"},{"not_picked":["Mark of Pain","Lizard Tail"],"picked":"Calling Bell"}],"potions_floor_spawned":[4,5,12,13,16,20,23,24,33,35,37,39,46,47],"seed_played":"-9160635089802205888","killed_by":"Donu and Deca","ascension_level":0,"is_trial":false}