{"gold_per_floor":[113,63,63,77,91,120,120,151,151,176,32,32,32],"floor_reached":13,"playtime":448,"items_purged":["Strike_R"],"score":126,"play_id":"cf9ba2b6-b6aa-405c-bc43-37f63bffb046","local_time":"20181112031610","is_ascension_mode":true,"campfire_choices":[{"data":"Fiend Fire","floor":7,"key":"SMITH"}],"neow_cost":"NONE","seed_source_timestamp":118251493638217,"circlet_count":0,"master_deck":["Strike_R","Strike_R","Strike_R+1","Defend_R","Defend_R+1","Defend_R+1","Defend_R+1","Bash","Fiend Fire+1","Armaments","Whirlwind","Feel No Pain","Flame Barrier","Bludgeon","Spot Weakness","Feel No Pain"],"relics":["Burning Blood","War Paint","Bird Faced Urn","Sundial","Pear","Question Card"],"potions_floor_usage":[8,10,13],"damage_taken":[{"damage":12,"enemies":"Jaw Worm","floor":1,"turns":3},{"damage":0,"enemies":"2 Louse","floor":4,"turns":3},{"damage":0,"enemies":"Cultist","floor":5,"turns":2},{"damage":25,"enemies":"3 Sentries","floor":6,"turns":4},{"damage":53,"enemies":"Gremlin Nob","floor":8,"turns":6},{"damage":7,"enemies":"3 Sentries","floor":10,"turns":7},{"damage":14,"enemies":"Exordium Thugs","floor":13,"turns":1}],"seed_played":"-5679479305113717383","potions_obtained":[{"floor":6,"key":"Regen Potion"},{"floor":8,"key":"Dexterity Potion"},{"floor":10,"key":"PowerPotion"}],"is_trial":false,"path_per_floor":["M","?","?","M","M","E","R","E","T","E","$","?","M"],"character_chosen":"IRONCLAD","items_purchased":["Feel No Pain"],"campfire_rested":0,"item_purchase_floors":[11],"current_hp_per_floor":[74,74,58,64,70,51,51,9,9,20,20,8,0],"gold":32,"neow_bonus":"ONE_RANDOM_RARE_CARD","is_prod":false,"is_daily":false,"chose_seed":false,"campfire_upgraded":1,"win_rate":0,"timestamp":1542021370,"path_taken":["M","?","?","M","M","E","R","E","T","E","$","?","?"],"build_version":"2018-11-08","purchased_purges":1,"victory":false,"max_hp_per_floor":[80,80,80,80,80,80,80,80,80,90,90,90,90],"card_choices":[{"not_picked":["Clothesline","Twin Strike"],"picked":"Armaments","floor":1},{"not_picked":["Wild Strike","Double Tap"],"picked":"Whirlwind","floor":4},{"not_picked":["Iron Wave","Spot Weakness"],"picked":"Feel No Pain","floor":5},{"not_picked":["Sever Soul","Rage"],"picked":"Flame Barrier","floor":6},{"not_picked":["Disarm","Pummel"],"picked":"Bludgeon","floor":8},{"not_picked":["Flame Barrier","Dual Wield"],"picked":"Spot Weakness","floor":10}],"player_experience":401305,"relics_obtained":[{"floor":6,"key":"War Paint"},{"floor":8,"key":"Bird Faced Urn"},{"floor":9,"key":"Sundial"},{"floor":10,"key":"Pear"}],"event_choices":[{"cards_removed":["Strike_R"],"damage_healed":0,"gold_gain":0,"player_choice":"Card Removal","damage_taken":0,"max_hp_gain":0,"max_hp_loss":0,"event_name":"The Cleric","floor":2,"gold_loss":50},{"damage_healed":0,"gold_gain":0,"player_choice":"Entered Light","damage_taken":16,"max_hp_gain":0,"max_hp_loss":0,"event_name":"Shining Light","floor":3,"gold_loss":0,"cards_upgraded":["Strike_R","Defend_R"]},{"damage_healed":0,"gold_gain":0,"player_choice":"Success","damage_taken":12,"relics_obtained":["Question Card"],"max_hp_gain":0,"max_hp_loss":0,"event_name":"Scrap Ooze","floor":12,"gold_loss":0}],"is_beta":false,"boss_relics":[],"items_purged_floors":[11],"is_endless":false,"potions_floor_spawned":[6,8,10],"killed_by":"Exordium Thugs","ascension_level":5}