{"path_per_floor":["M","M","M","M","M","R","M","M","T","?","$","?","?","?","R"],"character_chosen":"DEFECT","items_purchased":["Juzu Bracelet"],"gold_per_floor":[112,132,148,166,176,176,186,206,206,206,50,50,50,15,15,15],"floor_reached":16,"campfire_rested":2,"playtime":1052,"item_purchase_floors":[11],"current_hp_per_floor":[73,72,66,50,45,67,55,42,42,42,42,27,20,38,59,0],"items_purged":[],"gold":15,"score":94,"play_id":"e971d8af-376b-4fb0-8012-3fcd1d2e1dec","local_time":"20180623110021","is_prod":false,"is_daily":false,"chose_seed":false,"is_ascension_mode":false,"campfire_upgraded":0,"win_rate":0,"timestamp":1529715621,"campfire_choices":[{"floor":6,"key":"REST"},{"floor":15,"key":"REST"}],"path_taken":["M","M","M","?","M","R","M","M","T","?","$","?","?","?","R","BOSS"],"build_version":"2018-06-21","seed_source_timestamp":2688996416344,"purchased_purges":0,"circlet_count":0,"victory":false,"master_deck":["Strike_B","Strike_B","Strike_B","Strike_B+1","Defend_B","Defend_B","Defend_B","Defend_B+1","Zap","Dualcast","Gash","Hello World","Loop"],"max_hp_per_floor":[75,75,75,75,75,75,75,75,75,75,75,75,72,72,72,72],"relics":["Cracked Core","Emotion Chip","Question Card","Juzu Bracelet"],"card_choices":[{"not_picked":["Steam Power","Scrape"],"picked":"Gash","floor":1},{"not_picked":["Beam Cell","Compile Driver"],"picked":"Hello World","floor":2},{"not_picked":["Steam","Gash"],"picked":"Loop","floor":3},{"not_picked":["Conserve Battery","Streamline","Redo"],"picked":"SKIP","floor":4},{"not_picked":["Stack","Double Energy","Hologram"],"picked":"SKIP","floor":5},{"not_picked":["Skim","Reprogram","Turbo"],"picked":"SKIP","floor":7},{"not_picked":["Turbo","Redo","Hologram"],"picked":"SKIP","floor":8}],"player_experience":451010,"potions_floor_usage":[4,7,16],"damage_taken":[{"damage":2,"enemies":"Cultist","floor":1,"turns":4},{"damage":1,"enemies":"Jaw Worm","floor":2,"turns":3},{"damage":6,"enemies":"Small Slimes","floor":3,"turns":4},{"damage":16,"enemies":"Gremlin Gang","floor":4,"turns":3},{"damage":5,"enemies":"Exordium Wildlife","floor":5,"turns":2},{"damage":12,"enemies":"Large Slime","floor":7,"turns":6},{"damage":13,"enemies":"Blue Slaver","floor":8,"turns":4},{"damage":59,"enemies":"Slime Boss","floor":16,"turns":7}],"relics_obtained":[{"floor":9,"key":"Question Card"}],"event_choices":[{"event_name":"Transmorgrifier","player_choice":"Transform","floor":10,"damage_taken":0},{"event_name":"Shining Light","player_choice":"Entered Light","floor":12,"damage_taken":0},{"event_name":"Golden Wing","player_choice":"Card Removal","floor":13,"damage_taken":0},{"event_name":"The Cleric","player_choice":"Healed","floor":14,"damage_taken":0}],"boss_relics":[],"items_purged_floors":[],"is_endless":true,"potions_floor_spawned":[3,4,8],"seed_played":"-688341262666995702","killed_by":"Slime Boss","ascension_level":0,"potions_obtained":[{"floor":3,"key":"Explosive Potion"},{"floor":4,"key":"PowerPotion"},{"floor":8,"key":"SkillPotion"}],"is_trial":false}