{"gold_per_floor":[114,134,59,76,92,92,123,123,123,123,23,56,56,66,66,168,168,180,55,72,72,84,115,115,115,139,139,156,168,203,213,213,310,310,328,343,359,209,222,222,241,241,292,292,292],"floor_reached":45,"playtime":1667,"items_purged":["Strike_R","Defend_R","Strike_R","Defend_R"],"score":517,"play_id":"00ad6334-4287-41a7-b67c-086861590981","local_time":"20190128181457","is_ascension_mode":true,"campfire_choices":[{"data":"Rampage","floor":6,"key":"SMITH"},{"data":"Flame Barrier","floor":10,"key":"SMITH"},{"floor":13,"key":"REST"},{"data":"Defend_R","floor":15,"key":"SMITH"},{"data":"Bash","floor":24,"key":"SMITH"},{"data":"Defend_R","floor":32,"key":"SMITH"},{"floor":40,"key":"REST"},{"floor":44,"key":"REST"}],"neow_cost":"NONE","seed_source_timestamp":1694243410594556,"circlet_count":0,"master_deck":["Strike_R+1","Defend_R+1","Defend_R+1","Bash+1","Flame Barrier+1","Rampage+1"],"relics":["Burning Blood","Oddly Smooth Stone","Sundial","Thread and Needle","Busted Crown","Kunai","Whetstone","Mummified Hand","Fusion Hammer","Potion Belt"],"potions_floor_usage":[23,33,45,45],"damage_taken":[{"damage":1,"enemies":"2 Louse","floor":1,"turns":4},{"damage":5,"enemies":"Small Slimes","floor":2,"turns":3},{"damage":6,"enemies":"Cultist","floor":4,"turns":3},{"damage":10,"enemies":"2 Fungi Beasts","floor":5,"turns":4},{"damage":37,"enemies":"3 Sentries","floor":7,"turns":9},{"damage":24,"enemies":"Gremlin Nob","floor":12,"turns":4},{"damage":0,"enemies":"Exordium Wildlife","floor":14,"turns":4},{"damage":6,"enemies":"Hexaghost","floor":16,"turns":9},{"damage":0,"enemies":"3 Byrds","floor":18,"turns":3},{"damage":0,"enemies":"Chosen","floor":20,"turns":4},{"damage":0,"enemies":"Centurion and Healer","floor":22,"turns":6},{"damage":0,"enemies":"Gremlin Leader","floor":23,"turns":8},{"damage":0,"enemies":"Snake Plant","floor":28,"turns":3},{"damage":5,"enemies":"Chosen and Byrds","floor":29,"turns":6},{"damage":23,"enemies":"Slavers","floor":30,"turns":5},{"damage":0,"enemies":"Shelled Parasite and Fungi","floor":31,"turns":4},{"damage":24,"enemies":"Collector","floor":33,"turns":11},{"damage":0,"enemies":"3 Darklings","floor":35,"turns":6},{"damage":0,"enemies":"Orb Walker","floor":36,"turns":3},{"damage":7,"enemies":"Sphere and 2 Shapes","floor":37,"turns":8},{"damage":3,"enemies":"4 Shapes","floor":39,"turns":7},{"damage":10,"enemies":"Spire Growth","floor":41,"turns":4},{"damage":93,"enemies":"2 Orb Walkers","floor":45,"turns":6}],"seed_played":"1096316340980111393","potions_obtained":[{"floor":2,"key":"PowerPotion"},{"floor":5,"key":"Explosive Potion"},{"floor":22,"key":"Poison Potion"},{"floor":23,"key":"Dexterity Potion"},{"floor":29,"key":"AttackPotion"},{"floor":41,"key":"Regen Potion"}],"is_trial":false,"path_per_floor":["M","M","$","M","M","R","E","?","T","R","$","E","R","M","R","B",null,"M","$","M","?","M","E","R","?","T","?","M","M","E","M","R","B",null,"M","M","M","$","M","R","M","?","T","R","?"],"character_chosen":"IRONCLAD","items_purchased":[],"campfire_rested":3,"item_purchase_floors":[],"current_hp_per_floor":[88,88,88,88,84,84,53,53,53,53,53,35,61,67,67,67,88,88,88,88,88,88,88,88,88,88,88,88,88,71,77,77,59,88,88,88,87,87,88,88,84,84,84,88,0],"gold":292,"neow_bonus":"TEN_PERCENT_HP_BONUS","is_prod":false,"is_daily":false,"chose_seed":false,"campfire_upgraded":5,"win_rate":0,"timestamp":1548717297,"path_taken":["M","M","$","M","M","R","E","?","T","R","$","E","R","M","R","BOSS","M","$","M","?","M","E","R","?","T","?","M","M","E","M","R","BOSS","M","M","M","$","M","R","M","?","T","R","?"],"build_version":"2019-01-23","purchased_purges":4,"victory":false,"max_hp_per_floor":[88,88,88,88,88,88,88,88,88,88,88,88,88,88,88,88,88,88,88,88,88,88,88,88,88,88,88,88,88,88,88,88,88,88,88,88,88,88,88,88,88,88,88,88,88],"card_choices":[{"not_picked":["Body Slam","Headbutt"],"picked":"Flame Barrier","floor":1},{"not_picked":["Cleave","Dual Wield"],"picked":"Rampage","floor":2},{"not_picked":["Body Slam","Perfected Strike","Fiend Fire"],"picked":"SKIP","floor":4},{"not_picked":["Twin Strike","Second Wind","Clothesline"],"picked":"SKIP","floor":5},{"not_picked":["Feel No Pain","Iron Wave","Fiend Fire"],"picked":"SKIP","floor":7},{"not_picked":["Clothesline","Flame Barrier","Wild Strike"],"picked":"SKIP","floor":12},{"not_picked":["Anger","Havoc","Rupture"],"picked":"SKIP","floor":14},{"not_picked":["Heavy Blade"],"picked":"SKIP","floor":18},{"not_picked":["Flex"],"picked":"SKIP","floor":20},{"not_picked":["Disarm+1"],"picked":"SKIP","floor":22},{"not_picked":["Clash"],"picked":"SKIP","floor":23},{"not_picked":["Feel No Pain"],"picked":"SKIP","floor":28},{"not_picked":["Shockwave"],"picked":"SKIP","floor":29},{"not_picked":["Whirlwind"],"picked":"SKIP","floor":30},{"not_picked":["Disarm"],"picked":"SKIP","floor":31},{"not_picked":["Cleave+1"],"picked":"SKIP","floor":35},{"not_picked":["Dropkick"],"picked":"SKIP","floor":36},{"not_picked":["Clash"],"picked":"SKIP","floor":37},{"not_picked":["Anger+1"],"picked":"SKIP","floor":39},{"not_picked":["Thunderclap+1"],"picked":"SKIP","floor":41}],"player_experience":523237,"relics_obtained":[{"floor":7,"key":"Oddly Smooth Stone"},{"floor":9,"key":"Sundial"},{"floor":12,"key":"Thread and Needle"},{"floor":23,"key":"Kunai"},{"floor":26,"key":"Whetstone"},{"floor":30,"key":"Mummified Hand"},{"floor":43,"key":"Potion Belt"}],"event_choices":[{"cards_removed":["Strike_R"],"damage_healed":0,"gold_gain":0,"player_choice":"Forget","damage_taken":0,"max_hp_gain":0,"max_hp_loss":0,"event_name":"Living Wall","floor":8,"gold_loss":0},{"damage_healed":0,"gold_gain":0,"player_choice":"Ignored","damage_taken":0,"max_hp_gain":0,"max_hp_loss":0,"event_name":"Vampires","floor":21,"gold_loss":0},{"damage_healed":0,"gold_gain":0,"player_choice":"Ignored","damage_taken":0,"max_hp_gain":0,"max_hp_loss":0,"event_name":"Ghosts","floor":25,"gold_loss":0},{"cards_removed":["Strike_R"],"damage_healed":0,"gold_gain":0,"player_choice":"Offered Basic","damage_taken":0,"max_hp_gain":0,"max_hp_loss":0,"event_name":"Bonfire Elementals","floor":27,"gold_loss":0},{"damage_healed":0,"gold_gain":0,"player_choice":"Memory 1","damage_taken":0,"max_hp_gain":0,"max_hp_loss":0,"event_name":"SensoryStone","floor":42,"gold_loss":0},{"damage_healed":0,"gold_gain":0,"player_choice":"Fight","damage_taken":0,"max_hp_gain":0,"max_hp_loss":0,"event_name":"Mysterious Sphere","floor":45,"gold_loss":0}],"is_beta":true,"boss_relics":[{"not_picked":["Lizard Tail","Mark of Pain"],"picked":"Busted Crown"},{"not_picked":["Tiny House","Pandora\u0027s Box"],"picked":"Fusion Hammer"}],"items_purged_floors":[3,11,19,38],"is_endless":false,"potions_floor_spawned":[2,5,22,23,28,29,31,41],"killed_by":"2 Orb Walkers","ascension_level":1}