{"gold_per_floor":[119,119,135,148,159,159,84,84,84,84,111,126,56,66,66,66],"floor_reached":16,"playtime":879,"items_purged":["Defend_R"],"score":102,"play_id":"d921bea1-0ccf-47a3-b307-a6bdecbd53dc","local_time":"20190306034353","is_ascension_mode":false,"campfire_choices":[{"data":"Clumsy","floor":6,"key":"PURGE"},{"data":"Strike_R","floor":10,"key":"PURGE"},{"data":"Defend_R","floor":15,"key":"PURGE"}],"neow_cost":"CURSE","seed_source_timestamp":27834012571654,"circlet_count":0,"master_deck":["Strike_R","Strike_R","Strike_R","Strike_R","Defend_R","Defend_R+1","Bash","Warcry","Uppercut","Perfected Strike","Whirlwind"],"relics":["Burning Blood","Peace Pipe","Du-Vu Doll"],"potions_floor_usage":[11,11,11],"damage_taken":[{"damage":1,"enemies":"Cultist","floor":1,"turns":3},{"damage":0,"enemies":"Small Slimes","floor":3,"turns":3},{"damage":1,"enemies":"Jaw Worm","floor":4,"turns":5},{"damage":10,"enemies":"Looter","floor":5,"turns":3},{"damage":28,"enemies":"Lagavulin","floor":11,"turns":5},{"damage":3,"enemies":"Red Slaver","floor":12,"turns":6},{"damage":19,"enemies":"Blue Slaver","floor":14,"turns":4},{"damage":18,"enemies":"The Guardian","floor":16,"turns":4}],"seed_played":"-1372390923939800264","potions_obtained":[{"floor":1,"key":"Poison Potion"},{"floor":4,"key":"SteroidPotion"},{"floor":5,"key":"LiquidBronze"},{"floor":14,"key":"Explosive Potion"}],"is_trial":false,"path_per_floor":["M","?","M","M","M","R","$","?","T","R","E","M","$","M","R","B"],"character_chosen":"IRONCLAD","items_purchased":["Whirlwind"],"campfire_rested":0,"item_purchase_floors":[13],"current_hp_per_floor":[80,80,80,80,76,76,76,76,76,76,54,57,57,44,44,26],"gold":66,"neow_bonus":"ONE_RARE_RELIC","is_prod":false,"is_daily":false,"chose_seed":false,"campfire_upgraded":0,"win_rate":0,"timestamp":1551811433,"path_taken":["M","?","?","M","?","R","$","?","T","R","E","M","?","M","R","BOSS"],"build_version":"2019-01-23","purchased_purges":1,"victory":false,"max_hp_per_floor":[80,80,80,80,80,80,80,80,80,80,80,80,80,80,80,80],"card_choices":[{"not_picked":["Perfected Strike","Hemokinesis","Clothesline"],"picked":"SKIP","floor":1},{"not_picked":["Cleave","Sword Boomerang"],"picked":"Warcry","floor":3},{"not_picked":["Blood for Blood","Armaments","Headbutt"],"picked":"SKIP","floor":4},{"not_picked":["Headbutt","Fire Breathing","Sword Boomerang"],"picked":"SKIP","floor":5},{"not_picked":["Brutality","True Grit"],"picked":"Uppercut","floor":11},{"not_picked":["Anger","Clash"],"picked":"Perfected Strike","floor":12},{"not_picked":["Corruption","Anger","Iron Wave"],"picked":"SKIP","floor":14}],"player_experience":115630,"relics_obtained":[{"floor":11,"key":"Du-Vu Doll"}],"event_choices":[{"damage_healed":0,"gold_gain":0,"player_choice":"Upgraded","damage_taken":0,"max_hp_gain":0,"max_hp_loss":0,"event_name":"Upgrade Shrine","floor":2,"gold_loss":0,"cards_upgraded":["Defend_R"]},{"damage_healed":0,"gold_gain":0,"player_choice":"Ignored","damage_taken":0,"max_hp_gain":0,"max_hp_loss":0,"event_name":"Liars Game","floor":8,"gold_loss":0}],"is_beta":false,"boss_relics":[],"items_purged_floors":[7],"is_endless":false,"potions_floor_spawned":[1,4,5,14],"killed_by":"The Guardian","ascension_level":0}