{"gold_per_floor":[117,31,31,31,31,67,67,106,106,106,129,164,178,178,178,271,271,271],"floor_reached":18,"playtime":809,"items_purged":[],"score":407,"play_id":"584c1053-d600-497d-8b52-6af69fdfafbf","local_time":"20190110202800","is_ascension_mode":true,"campfire_choices":[{"data":"Battle Trance","floor":7,"key":"SMITH"},{"data":"Disarm","floor":15,"key":"SMITH"}],"neow_cost":"NONE","seed_source_timestamp":147797432061249,"circlet_count":0,"master_deck":["AscendersBane","Strike_R","Strike_R","Strike_R","Strike_R","Strike_R","Defend_R","Defend_R","Defend_R","Defend_R","Bash","Disarm+1","Battle Trance+1","Body Slam","Feel No Pain","Immolate","Juggernaut"],"relics":["Burning Blood","NeowsBlessing","Golden Idol","Potion Belt","Oddly Smooth Stone","Centennial Puzzle","Art of War","Smiling Mask","Ancient Tea Set","Busted Crown"],"potions_floor_usage":[16,16],"damage_taken":[{"damage":0,"enemies":"Jaw Worm","floor":1,"turns":1},{"damage":0,"enemies":"3 Sentries","floor":6,"turns":2},{"damage":0,"enemies":"Gremlin Nob","floor":8,"turns":1},{"damage":0,"enemies":"2 Louse","floor":11,"turns":4},{"damage":19,"enemies":"3 Sentries","floor":12,"turns":13},{"damage":10,"enemies":"Small Slimes","floor":13,"turns":4},{"damage":42,"enemies":"Hexaghost","floor":16,"turns":11},{"damage":0,"enemies":"Spheric Guardian","floor":18,"turns":3}],"seed_played":"-6875917903764197217","potions_obtained":[{"floor":1,"key":"SteroidPotion"},{"floor":6,"key":"AttackPotion"},{"floor":12,"key":"AttackPotion"}],"is_trial":false,"path_per_floor":["M","$","?","$","?","E","R","E","T","?","M","E","M","?","R","B",null,"M"],"character_chosen":"IRONCLAD","items_purchased":["Disarm"],"campfire_rested":0,"item_purchase_floors":[2],"current_hp_per_floor":[74,74,74,74,48,54,54,60,60,60,66,53,49,44,44,8,58,58],"gold":271,"neow_bonus":"THREE_ENEMY_KILL","is_prod":false,"is_daily":false,"chose_seed":false,"campfire_upgraded":2,"win_rate":0,"timestamp":1547170080,"path_taken":["M","$","?","$","?","E","R","E","T","?","M","E","M","?","R","BOSS","M"],"build_version":"2019-01-09","purchased_purges":0,"victory":false,"max_hp_per_floor":[75,75,75,75,75,75,75,75,75,75,75,75,75,75,75,75,75,75],"card_choices":[{"not_picked":["Thunderclap","Cleave","Warcry"],"picked":"SKIP","floor":1},{"not_picked":["Cleave","Iron Wave"],"picked":"Battle Trance","floor":6},{"not_picked":["Fire Breathing","Sentinel"],"picked":"Body Slam","floor":8},{"not_picked":["Burning Pact","Uppercut"],"picked":"Feel No Pain","floor":11},{"not_picked":["Iron Wave","Thunderclap"],"picked":"Immolate","floor":12},{"not_picked":["Sword Boomerang","Iron Wave","Uppercut"],"picked":"SKIP","floor":13},{"not_picked":["Impervious","Reaper"],"picked":"Juggernaut","floor":16}],"player_experience":451396,"relics_obtained":[{"floor":6,"key":"Potion Belt"},{"floor":8,"key":"Oddly Smooth Stone"},{"floor":9,"key":"Centennial Puzzle"},{"floor":12,"key":"Smiling Mask"}],"event_choices":[{"damage_healed":0,"gold_gain":0,"player_choice":"Leave","damage_taken":0,"max_hp_gain":0,"max_hp_loss":0,"event_name":"The Cleric","floor":3,"gold_loss":0},{"damage_healed":0,"gold_gain":0,"player_choice":"Take Damage","damage_taken":26,"relics_obtained":["Golden Idol"],"max_hp_gain":0,"max_hp_loss":0,"event_name":"Golden Idol","floor":5,"gold_loss":0},{"damage_healed":0,"gold_gain":0,"player_choice":"Searched \u00272\u0027 times","damage_taken":0,"relics_obtained":["Art of War"],"max_hp_gain":0,"max_hp_loss":0,"event_name":"Dead Adventurer","floor":10,"gold_loss":0},{"damage_healed":0,"gold_gain":0,"player_choice":"Success","damage_taken":5,"relics_obtained":["Ancient Tea Set"],"max_hp_gain":0,"max_hp_loss":0,"event_name":"Scrap Ooze","floor":14,"gold_loss":0}],"is_beta":true,"boss_relics":[{"not_picked":["Orrery","Runic Dome"],"picked":"Busted Crown"}],"items_purged_floors":[],"is_endless":false,"potions_floor_spawned":[1,6,12],"killed_by":"Spheric Guardian","ascension_level":16}