{"path_per_floor":["M","?","T","$","M","R","M","R","T","?","$","M","M","M","R","B",null,"M","?","?","?","$","M","R","M","T","M","M","$","R","?","R"],"character_chosen":"DEFECT","items_purchased":["Static Discharge","Magnetism","Hello World","Hello World","Auto Shields"],"gold_per_floor":[113,288,312,69,79,79,90,90,90,90,51,67,81,92,92,189,219,202,202,202,202,58,72,72,85,85,100,114,38,38,38,38,38],"floor_reached":33,"campfire_rested":4,"playtime":1435,"item_purchase_floors":[4,4,11,22,29],"current_hp_per_floor":[64,64,64,64,58,58,49,49,49,31,31,31,37,27,47,18,73,47,47,47,47,47,28,49,25,25,24,5,5,26,17,38,0],"items_purged":["Strike_B"],"gold":38,"score":237,"play_id":"1c01469b-4589-4223-b627-3364c8268a1e","local_time":"20180603191439","is_prod":false,"is_daily":false,"chose_seed":false,"is_ascension_mode":false,"campfire_upgraded":2,"win_rate":0,"timestamp":1528017279,"campfire_choices":[{"data":"Magnetism","floor":6,"key":"SMITH"},{"data":"White Noise","floor":8,"key":"SMITH"},{"floor":15,"key":"REST"},{"floor":24,"key":"REST"},{"floor":30,"key":"REST"},{"floor":32,"key":"REST"}],"path_taken":["M","?","?","$","M","R","M","R","T","?","?","M","M","M","R","BOSS","M","?","?","?","$","M","R","M","T","M","M","$","R","?","R","BOSS"],"build_version":"2018-05-30v2","seed_source_timestamp":2795550987963,"purchased_purges":1,"victory":false,"master_deck":["Strike_B","Strike_B","Defend_B","Defend_B","Defend_B","Defend_B","Zap","Dualcast","Electrodynamics","White Noise+1","Static Discharge","Magnetism+1","Genetic Algorithm","Genetic Algorithm+1","Hello World","Loop","White Noise","Heatsinks","Creative AI","Static Discharge","Hello World","Auto Shields"],"max_hp_per_floor":[68,68,68,68,68,68,68,68,68,68,68,68,68,68,68,68,73,73,73,73,73,73,73,73,73,73,73,73,73,73,73,73,73],"relics":["Cracked Core","Ancient Tea Set","Dream Catcher","Turnip","Tiny House","Bag of Preparation","DataDisk"],"card_choices":[{"not_picked":["Hyperbeam","Machine Learning"],"picked":"Electrodynamics","floor":0},{"not_picked":["Rebound","Conserve Battery"],"picked":"White Noise","floor":1},{"not_picked":["Doom and Gloom","Steam"],"picked":"Genetic Algorithm","floor":5},{"not_picked":["Go for the Eyes","Rebound"],"picked":"Genetic Algorithm","floor":7},{"not_picked":["Redo","Turbo","Barrage"],"picked":"SKIP","floor":12},{"not_picked":["Redo","Force Field"],"picked":"Loop","floor":13},{"not_picked":["Barrage","Reprogram"],"picked":"White Noise","floor":14},{"not_picked":["Redo","Rebound"],"picked":"Heatsinks","floor":15},{"not_picked":["Meteor Strike","All For One"],"picked":"Creative AI","floor":16},{"not_picked":["Chill","Tempest"],"picked":"Static Discharge","floor":17},{"not_picked":["Hologram+1","Coolheaded","Rebound"],"picked":"SKIP","floor":18},{"not_picked":["Sweeping Beam","Redo","Stack"],"picked":"SKIP","floor":23},{"not_picked":["Ball Lightning","Scrape+1","Stack"],"picked":"SKIP","floor":25},{"not_picked":["Leap","Steam","Gash+1"],"picked":"SKIP","floor":27},{"not_picked":["Rebound","Streamline","Sunder+1"],"picked":"SKIP","floor":28}],"player_experience":347056,"potions_floor_usage":[12,14,18,18,18,18,28,28,33],"damage_taken":[{"damage":4,"enemies":"2 Louse","floor":1,"turns":2},{"damage":6,"enemies":"Jaw Worm","floor":5,"turns":2},{"damage":9,"enemies":"Cultist","floor":7,"turns":3},{"damage":0,"enemies":"Exordium Wildlife","floor":12,"turns":1},{"damage":1,"enemies":"2 Fungi Beasts","floor":13,"turns":3},{"damage":10,"enemies":"Looter","floor":14,"turns":3},{"damage":29,"enemies":"Slime Boss","floor":16,"turns":8},{"damage":26,"enemies":"2 Thieves","floor":18,"turns":5},{"damage":19,"enemies":"Shell Parasite","floor":23,"turns":5},{"damage":31,"enemies":"Snake Plant","floor":25,"turns":6},{"damage":1,"enemies":"Snecko","floor":27,"turns":5},{"damage":19,"enemies":"Centurion and Healer","floor":28,"turns":5},{"damage":65,"enemies":"Automaton","floor":33,"turns":6}],"relics_obtained":[{"floor":3,"key":"Ancient Tea Set"},{"floor":9,"key":"Dream Catcher"},{"floor":26,"key":"DataDisk"}],"event_choices":[{"event_name":"Liars Game","player_choice":"agreed","floor":2,"damage_taken":0},{"event_name":"Scrap Ooze","player_choice":"success","floor":10,"damage_taken":18},{"event_name":"Back to Basics","player_choice":"Elegance","floor":19,"damage_taken":0},{"event_name":"The Mausoleum","player_choice":"Yes","floor":20,"damage_taken":0},{"event_name":"Fountain of Cleansing","player_choice":"Removed Curse","floor":21,"damage_taken":0},{"event_name":"Cursed Tome","player_choice":"Stopped","floor":31,"damage_taken":0}],"boss_relics":[{"not_picked":["Pandora\u0027s Box","White Beast Statue"],"picked":"Tiny House"}],"items_purged_floors":[22],"potions_floor_spawned":[5,7,16,23,27],"seed_played":"2296708965679884504","killed_by":"Automaton","ascension_level":0,"potions_obtained":[{"floor":5,"key":"Fire Potion"},{"floor":7,"key":"Poison Potion"},{"floor":16,"key":"EntropicBrew"},{"floor":17,"key":"PowerPotion"},{"floor":23,"key":"GamblersBrew"},{"floor":27,"key":"Explosive Potion"}],"is_trial":false}