{"gold_per_floor":[115,115,115,46,146,146,157,157,157,157,173,30,61,79,79,180,180,191,7,0,0,16,16,43,43,91,107,107,32,32],"floor_reached":30,"playtime":1747,"items_purged":["Regret"],"score":244,"play_id":"1c8b22c1-8c8e-42ff-90c7-3486a25c9e8c","local_time":"20190305001433","is_ascension_mode":false,"campfire_choices":[{"data":"Darkness","floor":6,"key":"SMITH"},{"floor":8,"key":"RECALL"},{"floor":15,"key":"REST"},{"floor":23,"key":"REST"},{"floor":25,"key":"REST"}],"neow_cost":"NONE","seed_source_timestamp":13147331643962,"circlet_count":0,"master_deck":["Defend_B","Defend_B","Defend_B","Zap","Dualcast","Hyperbeam+1","Sweeping Beam+1","Capacitor+1","Capacitor","Rebound+1","Darkness+1","Turbo","Steam Power","Zap","Leap","Storm","Reboot","Self Repair","Echo Form","Consume+1","Heatsinks","Leap","Redo+1","Defragment","Hello World"],"relics":["Astrolabe","Molten Egg 2","PreservedInsect","Matryoshka","Black Star","Whetstone","Dream Catcher","Bag of Marbles","Centennial Puzzle","Kunai","Bag of Preparation"],"potions_floor_usage":[16,27,30],"damage_taken":[{"damage":0,"enemies":"2 Louse","floor":1,"turns":1},{"damage":11,"enemies":"Small Slimes","floor":7,"turns":2},{"damage":6,"enemies":"Cultist","floor":11,"turns":4},{"damage":24,"enemies":"3 Sentries","floor":13,"turns":6},{"damage":0,"enemies":"Large Slime","floor":14,"turns":4},{"damage":11,"enemies":"The Guardian","floor":16,"turns":8},{"damage":27,"enemies":"3 Byrds","floor":18,"turns":4},{"damage":44,"enemies":"Shell Parasite","floor":22,"turns":7},{"damage":43,"enemies":"Gremlin Leader","floor":24,"turns":6},{"damage":21,"enemies":"Snake Plant","floor":27,"turns":5},{"damage":21,"enemies":"Sentry and Sphere","floor":30,"turns":3}],"seed_played":"1500287822781236734","potions_obtained":[{"floor":7,"key":"PowerPotion"},{"floor":22,"key":"Weak Potion"},{"floor":27,"key":"Fire Potion"}],"is_trial":false,"path_per_floor":["M","?","?","$","?","R","M","R","T","?","M","$","E","M","R","B",null,"M","$","?","T","M","R","E","R","T","M","?","?","M"],"character_chosen":"DEFECT","items_purchased":["Darkness","Storm","Whetstone","Heatsinks"],"campfire_rested":3,"item_purchase_floors":[4,12,19,19],"current_hp_per_floor":[75,75,75,75,75,75,64,64,64,64,58,58,34,34,56,52,75,62,62,62,62,32,54,18,40,40,19,19,19,0],"gold":32,"neow_bonus":"BOSS_RELIC","is_prod":false,"is_daily":false,"chose_seed":false,"campfire_upgraded":1,"win_rate":0,"timestamp":1551712473,"path_taken":["M","?","?","$","?","R","?","R","T","?","M","$","E","?","R","BOSS","M","$","?","?","M","R","E","R","T","M","?","?","M"],"build_version":"2019-01-23","purchased_purges":1,"victory":false,"max_hp_per_floor":[75,75,75,75,75,75,75,75,75,75,75,75,75,75,75,75,75,75,75,75,75,75,75,75,75,75,75,75,75,75],"card_choices":[{"not_picked":["Cold Snap","Storm"],"picked":"Capacitor","floor":1},{"not_picked":["Stack","Compile Driver+1"],"picked":"Turbo","floor":7},{"not_picked":["Auto Shields","Barrage+1"],"picked":"Leap","floor":11},{"not_picked":["Steam","Undo"],"picked":"Reboot","floor":13},{"not_picked":["Stack","Sunder+1"],"picked":"Self Repair","floor":14},{"not_picked":["Hyperbeam+1","Meteor Strike+1"],"picked":"Echo Form","floor":16},{"not_picked":["Turbo","Blizzard+1"],"picked":"Consume+1","floor":18},{"not_picked":["Go for the Eyes+1","Gash+1","Steam"],"picked":"SKIP","floor":22},{"not_picked":["Steam","Streamline+1"],"picked":"Leap","floor":23},{"not_picked":["Barrage+1","Turbo"],"picked":"Redo+1","floor":24},{"not_picked":["Aggregate","FTL+1"],"picked":"Defragment","floor":25},{"not_picked":["Hologram+1","Gash+1"],"picked":"Hello World","floor":27}],"player_experience":69840,"relics_obtained":[{"floor":9,"key":"PreservedInsect"},{"floor":13,"key":"Matryoshka"},{"floor":21,"key":"Dream Catcher"},{"floor":21,"key":"Bag of Marbles"},{"floor":24,"key":"Centennial Puzzle"},{"floor":24,"key":"Kunai"},{"floor":26,"key":"Bag of Preparation"}],"event_choices":[{"damage_healed":0,"gold_gain":0,"player_choice":"Box","damage_taken":0,"relics_obtained":["Molten Egg 2"],"max_hp_gain":0,"max_hp_loss":0,"event_name":"Big Fish","floor":2,"gold_loss":0,"cards_obtained":["Regret"]},{"damage_healed":0,"gold_gain":0,"cards_transformed":["Strike_B"],"player_choice":"Change","damage_taken":0,"max_hp_gain":0,"max_hp_loss":0,"event_name":"Living Wall","floor":3,"gold_loss":0,"cards_obtained":["Rebound"]},{"damage_healed":0,"gold_gain":100,"player_choice":"Pray","damage_taken":0,"max_hp_gain":0,"max_hp_loss":0,"event_name":"Golden Shrine","floor":5,"gold_loss":0},{"damage_healed":0,"gold_gain":0,"player_choice":"2 cards matched","damage_taken":0,"max_hp_gain":0,"max_hp_loss":0,"event_name":"Match and Keep!","floor":10,"gold_loss":0,"cards_obtained":["Steam Power","Zap"]},{"damage_healed":0,"gold_gain":0,"player_choice":"Paid Fearfully","damage_taken":0,"max_hp_gain":0,"max_hp_loss":0,"event_name":"Masked Bandits","floor":20,"gold_loss":7},{"damage_healed":0,"gold_gain":0,"player_choice":"Ignored","damage_taken":0,"max_hp_gain":0,"max_hp_loss":0,"event_name":"Cursed Tome","floor":28,"gold_loss":0},{"cards_removed":["Defend_B"],"damage_healed":0,"gold_gain":0,"player_choice":"Gave Gold","damage_taken":0,"max_hp_gain":0,"max_hp_loss":0,"event_name":"Beggar","floor":29,"gold_loss":75}],"is_beta":false,"boss_relics":[{"not_picked":["Sozu","Inserter"],"picked":"Black Star"}],"items_purged_floors":[12],"is_endless":false,"potions_floor_spawned":[7,22,27],"killed_by":"Sentry and Sphere","ascension_level":0}