{"gold_per_floor":[99,12,12,12,12,12,12,12,12,0,0,0,0,0,0,0,0,0,0,0,0,0,0,0,0,0,0,0,0,0,0,0,0,0,0,0,0,0,0,0,0,0,0,0,0,0,0,0,0,0],"floor_reached":51,"playtime":3962,"items_purged":[],"score":1315,"play_id":"a8f8a22c-209b-4941-86ea-66951a433e9c","local_time":"20180630113144","is_ascension_mode":true,"campfire_choices":[{"data":"Neutralize","floor":6,"key":"SMITH"},{"data":"Deadly Poison","floor":15,"key":"SMITH"},{"data":"A Thousand Cuts","floor":23,"key":"SMITH"},{"data":"Well Laid Plans","floor":32,"key":"SMITH"},{"data":"Footwork","floor":40,"key":"SMITH"},{"data":"Noxious Fumes","floor":42,"key":"SMITH"},{"data":"Malaise","floor":49,"key":"SMITH"}],"neow_cost":"NONE","seed_source_timestamp":1083965843790011,"circlet_count":0,"master_deck":["Defend_G","Defend_G","Defend_G","Defend_G","Defend_G","Survivor","Neutralize+1","AscendersBane","Predator","Well Laid Plans+1","Deadly Poison+1","Sucker Punch","Riddle With Holes","Dodge and Roll","Cloak And Dagger","Wraith Form v2","PiercingWail","Sucker Punch","A Thousand Cuts+1","Bite","Bite","Bite","Bite","Bite","Cloak And Dagger+1","Acrobatics","Envenom","Footwork+1","Injury","Calculated Gamble","Dash","Footwork","Backflip","Phantasmal Killer","Backflip","Caltrops+1","Backflip","Cloak And Dagger+1","Clumsy","Noxious Fumes+1","Catalyst+1","Malaise+1"],"relics":["Ectoplasm","Sundial","Ornamental Fan","Incense Burner","Mango","Tiny Chest","Cursed Key","Potion Belt","Dream Catcher","Question Card","Orrery","Mercury Hourglass","Turnip","Bird Faced Urn","Red Mask","Tough Bandages"],"potions_floor_usage":[5,11,11,18,28,33,33,33,41,47],"damage_taken":[{"damage":0,"enemies":"Cultist","floor":1,"turns":5},{"damage":7,"enemies":"Jaw Worm","floor":3,"turns":3},{"damage":0,"enemies":"2 Louse","floor":4,"turns":2},{"damage":0,"enemies":"Large Slime","floor":5,"turns":3},{"damage":9,"enemies":"Lagavulin","floor":7,"turns":7},{"damage":2,"enemies":"Red Slaver","floor":8,"turns":4},{"damage":0,"enemies":"Looter","floor":10,"turns":4},{"damage":18,"enemies":"Gremlin Nob","floor":11,"turns":5},{"damage":1,"enemies":"3 Sentries","floor":13,"turns":8},{"damage":0,"enemies":"Blue Slaver","floor":14,"turns":4},{"damage":11,"enemies":"Hexaghost","floor":16,"turns":12},{"damage":0,"enemies":"Chosen","floor":18,"turns":4},{"damage":11,"enemies":"3 Byrds","floor":20,"turns":5},{"damage":0,"enemies":"Centurion and Healer","floor":21,"turns":7},{"damage":25,"enemies":"Book of Stabbing","floor":25,"turns":6},{"damage":10,"enemies":"Snake Plant","floor":27,"turns":6},{"damage":32,"enemies":"Slavers","floor":28,"turns":6},{"damage":2,"enemies":"Slaver and Parasite","floor":29,"turns":7},{"damage":4,"enemies":"Centurion and Healer","floor":30,"turns":7},{"damage":1,"enemies":"Snecko","floor":31,"turns":5},{"damage":14,"enemies":"Automaton","floor":33,"turns":12},{"damage":6,"enemies":"Orb Walker","floor":35,"turns":5},{"damage":23,"enemies":"3 Shapes","floor":37,"turns":5},{"damage":3,"enemies":"Maw","floor":38,"turns":8},{"damage":3,"floor":39,"turns":8},{"damage":52,"enemies":"2 Orb Walkers","floor":41,"turns":7},{"damage":11,"enemies":"4 Shapes","floor":46,"turns":3},{"damage":13,"enemies":"Giant Head","floor":47,"turns":10},{"damage":17,"enemies":"3 Darklings","floor":48,"turns":7},{"damage":52,"enemies":"Time Eater","floor":50,"turns":15}],"seed_played":"7153714312472063187","potions_obtained":[{"floor":1,"key":"SteroidPotion"},{"floor":3,"key":"GhostInAJar"},{"floor":5,"key":"GamblersBrew"},{"floor":14,"key":"FearPotion"},{"floor":25,"key":"SpeedPotion"},{"floor":27,"key":"AttackPotion"},{"floor":29,"key":"Strength Potion"},{"floor":30,"key":"SteroidPotion"},{"floor":38,"key":"Regen Potion"},{"floor":39,"key":"Energy Potion"},{"floor":47,"key":"SpeedPotion"},{"floor":48,"key":"Fire Potion"}],"is_trial":false,"path_per_floor":["M","$","M","M","M","R","E","M","T","M","E","T","E","M","R","B",null,"M","?","M","M","?","R","?","E","T","M","E","M","M","M","R","B",null,"M","T","M","M","?","R","E","R","T","$","?","M","E","M","R","B"],"character_chosen":"THE_SILENT","items_purchased":["Well Laid Plans","Deadly Poison"],"campfire_rested":0,"item_purchase_floors":[2,2],"current_hp_per_floor":[59,59,52,52,52,52,43,41,41,41,23,37,36,36,36,25,66,66,56,51,56,56,56,56,41,41,41,21,27,35,40,40,46,54,52,52,31,44,51,51,21,21,21,21,21,20,43,50,50,26],"gold":0,"neow_bonus":"BOSS_RELIC","is_prod":false,"is_daily":false,"chose_seed":false,"campfire_upgraded":7,"win_rate":0,"timestamp":1530351104,"path_taken":["M","$","M","?","M","R","E","M","T","M","E","?","E","M","R","BOSS","M","?","?","M","?","R","?","E","T","?","E","M","?","?","R","BOSS","M","?","M","?","?","R","E","R","T","$","?","M","E","?","R","BOSS"],"build_version":"2018-06-28","purchased_purges":0,"victory":true,"max_hp_per_floor":[66,66,66,66,66,66,66,66,66,66,66,80,80,80,80,80,80,80,56,56,56,56,56,56,56,56,56,56,56,56,56,56,56,56,56,56,56,56,56,56,56,56,56,56,56,56,56,56,56,56],"card_choices":[{"not_picked":["Flechettes","Deadly Poison"],"picked":"Predator","floor":1},{"not_picked":["Catalyst","Blur"],"picked":"Sucker Punch","floor":3},{"not_picked":["Expertise","Deflect"],"picked":"Riddle With Holes","floor":4},{"not_picked":["Accuracy","Poisoned Stab","Distraction"],"picked":"SKIP","floor":5},{"not_picked":["Outmaneuver","Flying Knee"],"picked":"Dodge and Roll","floor":7},{"not_picked":["Distraction","Well Laid Plans"],"picked":"Cloak And Dagger","floor":8},{"not_picked":["Deflect","Bane","Slice"],"picked":"SKIP","floor":10},{"not_picked":["PiercingWail","Poisoned Stab"],"picked":"Wraith Form v2","floor":11},{"not_picked":["Prepared","Bane"],"picked":"PiercingWail","floor":13},{"not_picked":["Setup","Calculated Gamble"],"picked":"Sucker Punch","floor":14},{"not_picked":["Wraith Form v2","Storm of Steel"],"picked":"A Thousand Cuts","floor":16},{"not_picked":["Escape Plan","Poisoned Stab","Expertise"],"picked":"SKIP","floor":18},{"not_picked":["PiercingWail+1","Dodge and Roll"],"picked":"Cloak And Dagger+1","floor":20},{"not_picked":["Escape Plan","Deflect"],"picked":"Acrobatics","floor":21},{"not_picked":["Cloak And Dagger","Well Laid Plans"],"picked":"Footwork","floor":25},{"not_picked":["Outmaneuver","Heel Hook","Flying Knee"],"picked":"SKIP","floor":27},{"not_picked":["Endless Agony","Underhanded Strike"],"picked":"Calculated Gamble","floor":28},{"not_picked":["Accuracy","Outmaneuver","Bane"],"picked":"Dash","floor":29},{"not_picked":["Doppelganger","Slice","Masterful Stab"],"picked":"Footwork","floor":30},{"not_picked":["Blade Dance","Eviscerate","Deadly Poison"],"picked":"Backflip","floor":31},{"not_picked":["Glass Knife","Bullet Time","Doppelganger"],"picked":"Phantasmal Killer","floor":33},{"not_picked":["Poisoned Stab+1","Terror","Bane"],"picked":"Backflip","floor":34},{"not_picked":["Dash","Endless Agony","Underhanded Strike"],"picked":"Caltrops+1","floor":34},{"not_picked":["Poisoned Stab","Sucker Punch","Dash"],"picked":"Backflip","floor":34},{"not_picked":["Sucker Punch","Masterful Stab","Backflip"],"picked":"Cloak And Dagger+1","floor":34},{"not_picked":["Quick Slash+1","Well Laid Plans+1","Slice","Outmaneuver"],"picked":"SKIP","floor":35},{"not_picked":["Setup","Bane+1","Deadly Poison","Tactician"],"picked":"SKIP","floor":37},{"not_picked":["Cloak And Dagger","Concentrate","Dagger Throw","Prepared"],"picked":"SKIP","floor":38},{"not_picked":["Deflect","Expertise","Grand Finale"],"picked":"Noxious Fumes","floor":41},{"not_picked":["Deadly Poison","Dagger Throw","Flying Knee","Backflip"],"picked":"SKIP","floor":46},{"not_picked":["Eviscerate","Predator","Infinite Blades"],"picked":"Catalyst+1","floor":47},{"not_picked":["Slice+1","PiercingWail","Cloak And Dagger"],"picked":"Malaise","floor":48}],"player_experience":698521,"relics_obtained":[{"floor":7,"key":"Sundial"},{"floor":9,"key":"Ornamental Fan"},{"floor":11,"key":"Incense Burner"},{"floor":12,"key":"Mango"},{"floor":13,"key":"Tiny Chest"},{"floor":25,"key":"Potion Belt"},{"floor":26,"key":"Dream Catcher"},{"floor":28,"key":"Question Card"},{"floor":36,"key":"Mercury Hourglass"},{"floor":39,"key":"Turnip"},{"floor":41,"key":"Bird Faced Urn"},{"floor":47,"key":"Tough Bandages"}],"event_choices":[{"event_name":"Vampires","player_choice":"Became a vampire","floor":19,"damage_taken":0},{"event_name":"Addict","player_choice":"Ignored","floor":22,"damage_taken":0},{"event_name":"The Library","player_choice":"Read","floor":24,"damage_taken":0},{"event_name":"MindBloom","player_choice":"Fight","floor":39,"damage_taken":0},{"event_name":"Tomb of Lord Red Mask","player_choice":"Paid","floor":45,"damage_taken":0}],"boss_relics":[{"not_picked":["White Beast Statue","Philosopher\u0027s Stone"],"picked":"Cursed Key"},{"not_picked":["Sozu","Runic Dome"],"picked":"Orrery"}],"items_purged_floors":[],"is_endless":false,"potions_floor_spawned":[1,3,4,5,14,25,27,29,30,38,39,47,48],"ascension_level":15}