{"gold_per_floor":[113,113,38,48,48,83,97,113,113,113,13,31,31,55,55,55],"floor_reached":16,"playtime":301,"items_purged":["Strike_R","Strike_R"],"score":131,"play_id":"1f6c0f78-e074-4373-8abd-f4c36ec37be4","local_time":"20190128192603","is_ascension_mode":true,"campfire_choices":[{"data":"Dual Wield","floor":15,"key":"SMITH"}],"neow_cost":"NONE","seed_source_timestamp":1699875556932377,"circlet_count":0,"master_deck":["Strike_R","Strike_R","Strike_R","Defend_R","Defend_R","Defend_R+1","Defend_R","Bash+1","Dropkick","Dual Wield+1"],"relics":["Burning Blood","NeowsBlessing","Ancient Tea Set","Darkstone Periapt","Strawberry"],"potions_floor_usage":[16],"damage_taken":[{"damage":0,"enemies":"Small Slimes","floor":1,"turns":1},{"damage":0,"enemies":"Jaw Worm","floor":4,"turns":1},{"damage":0,"enemies":"Lagavulin","floor":6,"turns":1},{"damage":6,"enemies":"2 Louse","floor":7,"turns":2},{"damage":0,"enemies":"Large Slime","floor":8,"turns":4},{"damage":5,"enemies":"Looter","floor":12,"turns":3},{"damage":92,"enemies":"Slime Boss","floor":16,"turns":14}],"seed_played":"-6049271830130516822","potions_obtained":[{"floor":1,"key":"LiquidBronze"},{"floor":7,"key":"GamblersBrew"},{"floor":12,"key":"Fire Potion"}],"is_trial":false,"path_per_floor":["M","?","$","M","?","E","M","M","T","?","$","M","?","T","R","B"],"character_chosen":"IRONCLAD","items_purchased":[],"campfire_rested":0,"item_purchase_floors":[],"current_hp_per_floor":[80,64,64,70,70,76,76,80,80,80,80,80,85,92,92,0],"gold":55,"neow_bonus":"THREE_ENEMY_KILL","is_prod":false,"is_daily":false,"chose_seed":false,"campfire_upgraded":1,"win_rate":0,"timestamp":1548721563,"path_taken":["M","?","$","M","?","E","M","M","T","?","$","M","?","?","R","BOSS"],"build_version":"2019-01-23","purchased_purges":2,"victory":false,"max_hp_per_floor":[80,80,80,80,80,80,80,80,80,80,80,80,85,92,92,92],"card_choices":[{"not_picked":["Battle Trance","Feel No Pain"],"picked":"Dropkick","floor":1},{"not_picked":["Clash","Sword Boomerang","Thunderclap"],"picked":"SKIP","floor":4},{"not_picked":["Combust","Body Slam","Thunderclap"],"picked":"SKIP","floor":6},{"not_picked":["Armaments","Feel No Pain","Spot Weakness"],"picked":"SKIP","floor":7},{"not_picked":["Whirlwind","Ghostly Armor"],"picked":"Dual Wield","floor":8},{"not_picked":["Bloodletting","Rage","Armaments"],"picked":"SKIP","floor":12}],"player_experience":528527,"relics_obtained":[{"floor":6,"key":"Ancient Tea Set"},{"floor":9,"key":"Darkstone Periapt"},{"floor":14,"key":"Strawberry"}],"event_choices":[{"damage_healed":0,"gold_gain":0,"player_choice":"Entered Light","damage_taken":16,"max_hp_gain":0,"max_hp_loss":0,"event_name":"Shining Light","floor":2,"gold_loss":0,"cards_upgraded":["Bash","Defend_R"]},{"damage_healed":0,"gold_gain":0,"player_choice":"Leave","damage_taken":0,"max_hp_gain":0,"max_hp_loss":0,"event_name":"The Cleric","floor":5,"gold_loss":0},{"damage_healed":0,"gold_gain":0,"player_choice":"Ignored","damage_taken":0,"max_hp_gain":0,"max_hp_loss":0,"event_name":"Liars Game","floor":10,"gold_loss":0},{"damage_healed":0,"gold_gain":0,"player_choice":"Donut","damage_taken":0,"max_hp_gain":5,"max_hp_loss":0,"event_name":"Big Fish","floor":13,"gold_loss":0}],"is_beta":true,"boss_relics":[],"items_purged_floors":[3,11],"is_endless":false,"potions_floor_spawned":[1,7,12],"killed_by":"Slime Boss","ascension_level":1}