{"gold_per_floor":[119,16,33,33,46,46,76,48,97,110,110,145,162,162,162,258,258,279,302,4,54,16,16,16],"floor_reached":24,"playtime":877,"items_purged":["Strike_B"],"score":388,"play_id":"ef3a11ae-d1fb-4e41-aeae-2c091927cd82","local_time":"20190120011836","is_ascension_mode":true,"campfire_choices":[{"data":"Recycle","floor":6,"key":"SMITH"},{"data":"Rip and Tear","floor":11,"key":"SMITH"},{"floor":15,"key":"REST"},{"floor":23,"key":"REST"}],"neow_cost":"NONE","seed_source_timestamp":809563766417700,"circlet_count":0,"master_deck":["AscendersBane","Strike_B","Defend_B","Defend_B","Defend_B","Defend_B","Zap","Dualcast","Recycle+1","Rip and Tear+1","Redo","Undo","Cold Snap","Barrage","Ball Lightning","Coolheaded","Compile Driver","Ball Lightning","Creative AI","Streamline","Loop"],"relics":["Cracked Core","Blood Vial","Smiling Mask","Bag of Marbles","Golden Idol","Snecko Eye","Membership Card","Bag of Preparation"],"potions_floor_usage":[7,12,16],"damage_taken":[{"damage":4,"enemies":"Jaw Worm","floor":1,"turns":3},{"damage":0,"enemies":"Cultist","floor":3,"turns":3},{"damage":2,"enemies":"2 Louse","floor":5,"turns":3},{"damage":33,"enemies":"Gremlin Nob","floor":7,"turns":4},{"damage":3,"enemies":"Blue Slaver","floor":10,"turns":4},{"damage":23,"enemies":"3 Sentries","floor":12,"turns":9},{"damage":14,"enemies":"Exordium Thugs","floor":13,"turns":2},{"damage":12,"enemies":"Hexaghost","floor":16,"turns":9},{"damage":28,"enemies":"3 Byrds","floor":18,"turns":4},{"damage":17,"enemies":"Chosen","floor":19,"turns":5},{"damage":33,"enemies":"Gremlin Leader","floor":24,"turns":2}],"seed_played":"5729068024715723385","potions_obtained":[{"floor":1,"key":"FocusPotion"},{"floor":10,"key":"Regen Potion"},{"floor":13,"key":"Weak Potion"}],"is_trial":false,"path_per_floor":["M","$","M","?","M","R","E","$","T","M","R","E","M","?","R","B",null,"M","M","$","?","$","R","E"],"character_chosen":"DEFECT","items_purchased":["Redo","Ball Lightning","Membership Card","Bag of Preparation","Loop"],"campfire_rested":2,"item_purchase_floors":[2,8,20,20,22],"current_hp_per_floor":[60,60,60,60,58,58,25,25,25,24,24,18,6,6,25,15,52,26,11,11,11,11,30,0],"gold":16,"neow_bonus":"TRANSFORM_CARD","is_prod":false,"is_daily":false,"chose_seed":false,"campfire_upgraded":2,"win_rate":0,"timestamp":1547975916,"path_taken":["M","$","M","?","?","R","E","?","T","M","R","E","M","?","R","BOSS","M","M","$","?","?","R","E"],"build_version":"2019-01-17v2","purchased_purges":1,"victory":false,"max_hp_per_floor":[71,71,71,71,71,71,71,71,71,71,71,71,71,64,64,64,64,64,64,64,64,64,64,64],"card_choices":[{"not_picked":["Rebound","Go for the Eyes"],"picked":"Rip and Tear","floor":1},{"not_picked":["Turbo","Reboot"],"picked":"Undo","floor":3},{"not_picked":["Beam Cell","Turbo"],"picked":"Cold Snap","floor":5},{"not_picked":["Turbo","Double Energy"],"picked":"Barrage","floor":7},{"not_picked":["Barrage","Skim"],"picked":"Coolheaded","floor":10},{"not_picked":["Amplify","Recycle"],"picked":"Compile Driver","floor":12},{"not_picked":["Sweeping Beam","Steam Power"],"picked":"Ball Lightning","floor":13},{"not_picked":["Seek","All For One"],"picked":"Creative AI","floor":16},{"not_picked":["Rebound+1","Turbo","Beam Cell"],"picked":"SKIP","floor":18},{"not_picked":["Rebound","Blizzard"],"picked":"Streamline","floor":19}],"player_experience":564573,"relics_obtained":[{"floor":7,"key":"Blood Vial"},{"floor":9,"key":"Smiling Mask"},{"floor":12,"key":"Bag of Marbles"}],"event_choices":[{"cards_removed":["Strike_B"],"damage_healed":0,"gold_gain":0,"player_choice":"Purged","damage_taken":0,"max_hp_gain":0,"max_hp_loss":0,"event_name":"Purifier","floor":4,"gold_loss":0},{"damage_healed":0,"gold_gain":0,"player_choice":"Lose Max HP","damage_taken":0,"relics_obtained":["Golden Idol"],"max_hp_gain":0,"max_hp_loss":7,"event_name":"Golden Idol","floor":14,"gold_loss":0},{"damage_healed":0,"gold_gain":50,"player_choice":"Pray","damage_taken":0,"max_hp_gain":0,"max_hp_loss":0,"event_name":"Golden Shrine","floor":21,"gold_loss":0}],"is_beta":false,"boss_relics":[{"not_picked":["Tiny House","Eternal Feather"],"picked":"Snecko Eye"}],"items_purged_floors":[2],"is_endless":false,"potions_floor_spawned":[1,10,13],"killed_by":"Gremlin Leader","ascension_level":18}