{"gold_per_floor":[112,37,137,148,159,185,205,233,260,260],"floor_reached":10,"playtime":400,"items_purged":["Strike_R"],"score":98,"play_id":"b18ba239-eac8-4727-9f6f-e53a107bcd25","local_time":"20190205204324","is_ascension_mode":true,"campfire_choices":[],"neow_cost":"NONE","seed_source_timestamp":339097739894013,"circlet_count":0,"master_deck":["Strike_R","Strike_R","Strike_R","Defend_R","Defend_R","Defend_R","Defend_R","Bash","Headbutt","Seeing Red","Clash"],"relics":["Burning Blood","Strawberry","Potion Belt","Juzu Bracelet"],"potions_floor_usage":[6,6,8],"damage_taken":[{"damage":6,"enemies":"Jaw Worm","floor":1,"turns":6},{"damage":18,"enemies":"Cultist","floor":4,"turns":6},{"damage":4,"enemies":"Small Slimes","floor":5,"turns":4},{"damage":44,"enemies":"Lagavulin","floor":6,"turns":8},{"damage":8,"enemies":"Red Slaver","floor":7,"turns":6},{"damage":24,"enemies":"Gremlin Nob","floor":8,"turns":4},{"damage":25,"enemies":"Lagavulin","floor":10,"turns":3}],"seed_played":"784314328401522643","potions_obtained":[{"floor":5,"key":"EntropicBrew"},{"floor":7,"key":"SmokeBomb"},{"floor":8,"key":"LiquidBronze"}],"is_trial":false,"path_per_floor":["M","$","?","M","M","E","M","E","T","E"],"character_chosen":"IRONCLAD","items_purchased":[],"campfire_rested":0,"item_purchase_floors":[],"current_hp_per_floor":[80,80,80,68,70,39,37,19,19,0],"gold":260,"neow_bonus":"REMOVE_CARD","is_prod":false,"is_daily":false,"chose_seed":false,"campfire_upgraded":0,"win_rate":0,"timestamp":1549388604,"path_taken":["M","$","?","M","M","E","M","E","T","E"],"build_version":"2019-01-23","purchased_purges":1,"victory":false,"max_hp_per_floor":[80,80,80,80,80,87,87,87,87,87],"card_choices":[{"not_picked":["Sword Boomerang","Intimidate","Havoc"],"picked":"SKIP","floor":1},{"not_picked":["Rupture","Clothesline"],"picked":"Headbutt","floor":4},{"not_picked":["Wild Strike","Heavy Blade"],"picked":"Seeing Red","floor":5},{"not_picked":["Blood for Blood","Whirlwind","Dual Wield"],"picked":"SKIP","floor":6},{"not_picked":["Power Through","Body Slam","Clash"],"picked":"SKIP","floor":7},{"not_picked":["Power Through","Body Slam"],"picked":"Clash","floor":7},{"not_picked":["Entrench","Thunderclap","Hemokinesis"],"picked":"SKIP","floor":8}],"player_experience":257963,"relics_obtained":[{"floor":6,"key":"Strawberry"},{"floor":8,"key":"Potion Belt"},{"floor":9,"key":"Juzu Bracelet"}],"event_choices":[{"damage_healed":0,"gold_gain":100,"player_choice":"Pray","damage_taken":0,"max_hp_gain":0,"max_hp_loss":0,"event_name":"Golden Shrine","floor":3,"gold_loss":0}],"is_beta":false,"boss_relics":[],"items_purged_floors":[2],"is_endless":false,"potions_floor_spawned":[5,7,8],"killed_by":"Lagavulin","ascension_level":5}