{"gold_per_floor":[111,127,140,140,153,153,186,186,186,24,39,4,29,29,29,29],"floor_reached":16,"playtime":497,"items_purged":["Strike_G"],"score":121,"play_id":"2a1c1a7d-00fe-4b1a-beaf-58fcadcca52e","local_time":"20190218160551","is_ascension_mode":true,"campfire_choices":[{"floor":6,"key":"REST"},{"floor":15,"key":"REST"}],"neow_cost":"NONE","seed_source_timestamp":5539097308427448,"circlet_count":0,"master_deck":["Defend_G","Defend_G","Defend_G","Defend_G","Defend_G","Strike_G+1","Strike_G","Strike_G+1","Survivor","Neutralize+1","Blade Dance","All Out Attack","Flying Knee","Poisoned Stab","All Out Attack","Catalyst","Catalyst","Poisoned Stab"],"relics":["Ring of the Snake","Bottled Lightning","Letter Opener","Ninja Scroll"],"potions_floor_usage":[13],"damage_taken":[{"damage":2,"enemies":"Cultist","floor":1,"turns":4},{"damage":4,"enemies":"2 Louse","floor":2,"turns":3},{"damage":0,"enemies":"Small Slimes","floor":3,"turns":3},{"damage":1,"enemies":"Exordium Wildlife","floor":5,"turns":2},{"damage":16,"enemies":"Gremlin Nob","floor":7,"turns":4},{"damage":4,"enemies":"Large Slime","floor":11,"turns":4},{"damage":31,"enemies":"Lagavulin","floor":13,"turns":6},{"damage":40,"enemies":"Hexaghost","floor":16,"turns":9}],"seed_played":"-6871800011114643722","potions_obtained":[{"floor":1,"key":"Energy Potion"},{"floor":5,"key":"SkillPotion"},{"floor":13,"key":"SpeedPotion"}],"is_trial":false,"path_per_floor":["M","M","M","?","M","R","E","?","T","$","M","?","E","$","R","B"],"character_chosen":"THE_SILENT","items_purchased":["Catalyst","Poisoned Stab"],"campfire_rested":2,"item_purchase_floors":[10,10],"current_hp_per_floor":[68,64,64,50,49,70,54,54,54,54,50,50,19,19,40,0],"gold":29,"neow_bonus":"UPGRADE_CARD","is_prod":false,"is_daily":false,"chose_seed":false,"campfire_upgraded":0,"win_rate":0,"timestamp":1550523951,"path_taken":["M","?","M","?","M","R","E","?","T","?","M","?","E","$","R","BOSS"],"build_version":"2019-01-23","purchased_purges":1,"victory":false,"max_hp_per_floor":[70,70,70,70,70,70,70,70,70,70,70,70,70,70,70,70],"card_choices":[{"not_picked":["Caltrops","Flying Knee"],"picked":"Blade Dance","floor":1},{"not_picked":["Prepared","Quick Slash"],"picked":"All Out Attack","floor":2},{"not_picked":["Acrobatics","Leg Sweep"],"picked":"Flying Knee","floor":3},{"not_picked":["Dodge and Roll","Caltrops"],"picked":"Poisoned Stab","floor":5},{"not_picked":["Acrobatics","Dodge and Roll"],"picked":"All Out Attack","floor":7},{"not_picked":["Masterful Stab","Terror","Acrobatics"],"picked":"SKIP","floor":11},{"not_picked":["Accuracy","Phantasmal Killer","Escape Plan"],"picked":"SKIP","floor":13}],"player_experience":92253,"relics_obtained":[{"floor":7,"key":"Bottled Lightning"},{"floor":9,"key":"Letter Opener"},{"floor":13,"key":"Ninja Scroll"}],"event_choices":[{"damage_healed":0,"gold_gain":0,"player_choice":"Entered Light","damage_taken":14,"max_hp_gain":0,"max_hp_loss":0,"event_name":"Shining Light","floor":4,"gold_loss":0,"cards_upgraded":["Strike_G","Strike_G"]},{"damage_healed":0,"gold_gain":0,"cards_transformed":["Strike_G"],"player_choice":"Change","damage_taken":0,"max_hp_gain":0,"max_hp_loss":0,"event_name":"Living Wall","floor":8,"gold_loss":0,"cards_obtained":["Catalyst"]},{"damage_healed":0,"gold_gain":0,"player_choice":"Left Gold","damage_taken":0,"max_hp_gain":0,"max_hp_loss":0,"event_name":"World of Goop","floor":12,"gold_loss":35}],"is_beta":false,"boss_relics":[],"items_purged_floors":[10],"is_endless":false,"potions_floor_spawned":[1,5,13],"killed_by":"Hexaghost","ascension_level":2}