{"gold_per_floor":[368,368,28,28,28,55,74,88,112,146,14,14,25,25,25,128,128,148,166,166,178,277,277,292,24,24,50,62,75,75,75,75,177,177,191,39,53,69,85,85,101,101,101,101,101,120,120,136,136,136],"floor_reached":50,"playtime":917,"items_purged":["Defend_R"],"score":474,"play_id":"3ecc5495-bbdc-4566-af8e-b36538e08b69","local_time":"20190114004538","is_ascension_mode":false,"campfire_choices":[{"data":"Armaments","floor":12.0,"key":"SMITH"},{"data":"Perfected Strike","floor":15.0,"key":"SMITH"},{"data":"Perfected Strike","floor":23.0,"key":"SMITH"},{"data":"Dual Wield","floor":30.0,"key":"SMITH"},{"data":"Shockwave","floor":32.0,"key":"SMITH"},{"data":"Immolate","floor":40,"key":"SMITH"},{"floor":42,"key":"RECALL"},{"data":"Pommel Strike","floor":44,"key":"SMITH"},{"floor":49,"key":"REST"}],"neow_cost":"TEN_PERCENT_HP_LOSS","seed_source_timestamp":129330271052431,"circlet_count":0,"master_deck":["Strike_R+1","Strike_R+1","Strike_R+1","Strike_R+1","Strike_R+1","Defend_R+1","Defend_R+1","Defend_R+1","Bash+1","Shockwave+1","Cleave","Pommel Strike+1","Perfected Strike+1","Armaments+1","Ghostly Armor","Dual Wield+1","Uppercut+1","Headbutt+1","Perfected Strike+1","Pommel Strike","Immolate+1","Twin Strike+1","Twin Strike+1","Wild Strike"],"special_seed":0,"relics":["Burning Blood","PreservedInsect","Bag of Marbles","Red Skull","Ancient Tea Set","Anchor","Lantern","Velvet Choker","Strawberry","Whetstone","Smiling Mask","Busted Crown","Happy Flower","Potion Belt"],"potions_floor_usage":[33,50,50,50,50],"damage_taken":[{"damage":12.0,"enemies":"Small Slimes","floor":1.0,"turns":3.0},{"damage":24.0,"enemies":"Gremlin Nob","floor":6.0,"turns":4.0},{"damage":5.0,"enemies":"2 Louse","floor":7.0,"turns":2.0},{"damage":0.0,"enemies":"Cultist","floor":8.0,"turns":2.0},{"damage":13.0,"enemies":"3 Sentries","floor":10.0,"turns":4.0},{"damage":7.0,"enemies":"Large Slime","floor":13.0,"turns":5.0},{"damage":11.0,"enemies":"The Guardian","floor":16.0,"turns":9.0},{"damage":12.0,"enemies":"3 Byrds","floor":18.0,"turns":6.0},{"damage":0.0,"enemies":"Chosen","floor":19.0,"turns":3.0},{"damage":18.0,"enemies":"Snake Plant","floor":21.0,"turns":3.0},{"damage":12.0,"enemies":"Centurion and Healer","floor":24.0,"turns":5.0},{"damage":17.0,"enemies":"Gremlin Leader","floor":27.0,"turns":4.0},{"damage":0.0,"enemies":"Chosen and Byrds","floor":28.0,"turns":4.0},{"damage":10.0,"enemies":"Snake Plant","floor":29.0,"turns":3.0},{"damage":40,"enemies":"Automaton","floor":33,"turns":6},{"damage":0,"enemies":"Orb Walker","floor":35,"turns":1},{"damage":11,"enemies":"3 Darklings","floor":37,"turns":3},{"damage":17,"enemies":"4 Shapes","floor":38,"turns":4},{"damage":0,"enemies":"Jaw Worm Horde","floor":39,"turns":2},{"damage":0,"enemies":"Sphere and 2 Shapes","floor":41,"turns":3},{"damage":0,"enemies":"Transient","floor":46,"turns":5},{"damage":32,"enemies":"Maw","floor":48,"turns":5},{"damage":83,"enemies":"Awakened One","floor":50,"turns":7}],"seed_played":"5368920427570714308","potions_obtained":[{"floor":1.0,"key":"Strength Potion"},{"floor":8.0,"key":"PowerPotion"},{"floor":10.0,"key":"Ancient Potion"},{"floor":18.0,"key":"FearPotion"},{"floor":33,"key":"Dexterity Potion"},{"floor":46,"key":"SneckoOil"},{"floor":48,"key":"Weak Potion"}],"is_trial":false,"path_per_floor":["M","?","$","?","$","E","M","M","T","E","$","R","M","?","R","B",null,"M","M","?","M","?","R","M","$","T","E","M","M","R","?","R","B",null,"M","$","M","M","M","R","M","R","T","R","?","M","?","M","R","B"],"character_chosen":"IRONCLAD","items_purchased":["PreservedInsect","Bag of Marbles","Cleave","Armaments","Ghostly Armor","Pommel Strike","Whetstone","Happy Flower"],"campfire_rested":1,"item_purchase_floors":[3,3,3,11,11,25,25,36],"current_hp_per_floor":[66,52,52,52,52,34,35,41,41,34,34,34,33,21,21,16,72,66,72,79,67,67,67,61,61,61,50,56,52,52,52,52,18,79,79,79,74,63,69,69,75,75,75,75,75,79,79,53,76,0],"gold":136,"neow_bonus":"TWO_FIFTY_GOLD","is_prod":false,"is_daily":false,"chose_seed":false,"campfire_upgraded":7,"win_rate":0,"timestamp":1547394338,"path_taken":["M","?","$","?","$","E","?","M","T","E","$","R","M","?","R","BOSS","M","M","?","M","?","R","M","$","T","E","M","M","R","?","R","BOSS","M","$","M","M","M","R","M","R","T","R","?","?","?","?","R","BOSS"],"build_version":"2019-01-10","purchased_purges":1,"victory":false,"max_hp_per_floor":[72,72,72,72,72,72,72,72,72,72,72,72,72,72,72,72,72,72,72,79,79,79,79,79,79,79,79,79,79,79,79,79,79,79,79,79,79,79,79,79,79,79,79,79,79,79,79,79,79,79],"card_choices":[{"not_picked":["Bloodletting","Warcry"],"picked":"Shockwave","floor":1.0},{"not_picked":["Dual Wield","Heavy Blade"],"picked":"Pommel Strike","floor":6.0},{"not_picked":["Dropkick","Pommel Strike"],"picked":"Perfected Strike","floor":7.0},{"not_picked":["Pummel","Havoc","Shockwave"],"picked":"SKIP","floor":8.0},{"not_picked":["Flex","Seeing Red","Rupture"],"picked":"SKIP","floor":10.0},{"not_picked":["Rupture","Heavy Blade"],"picked":"Dual Wield","floor":13.0},{"not_picked":["Armaments+1","Heavy Blade"],"picked":"Uppercut+1","floor":18.0},{"not_picked":["Power Through","Thunderclap+1"],"picked":"Headbutt","floor":19.0},{"not_picked":["Fire Breathing","Dropkick+1"],"picked":"Perfected Strike","floor":21.0},{"not_picked":["Thunderclap","Pummel","Power Through"],"picked":"SKIP","floor":24.0},{"not_picked":["Rage","Flex+1"],"picked":"Headbutt","floor":27.0},{"not_picked":["Reckless Charge","Fiend Fire","Rage"],"picked":"SKIP","floor":28.0},{"not_picked":["Warcry","Wild Strike","Heavy Blade+1"],"picked":"SKIP","floor":29.0},{"not_picked":["Fiend Fire","Feed"],"picked":"Immolate","floor":33},{"not_picked":[],"picked":"Twin Strike+1","floor":35},{"not_picked":["Dual Wield"],"picked":"SKIP","floor":37},{"not_picked":["Corruption+1"],"picked":"SKIP","floor":38},{"not_picked":[],"picked":"Twin Strike+1","floor":39},{"not_picked":["Rampage"],"picked":"SKIP","floor":41},{"not_picked":["Sword Boomerang+1"],"picked":"SKIP","floor":46},{"not_picked":["Body Slam"],"picked":"SKIP","floor":48}],"player_experience":781219,"relics_obtained":[{"floor":6.0,"key":"Red Skull"},{"floor":9.0,"key":"Ancient Tea Set"},{"floor":10.0,"key":"Anchor"},{"floor":27.0,"key":"Smiling Mask"},{"floor":43,"key":"Potion Belt"}],"event_choices":[{"damage_healed":0.0,"max_hp_gain":0.0,"max_hp_loss":0.0,"gold_gain":0.0,"event_name":"Shining Light","player_choice":"Entered Light","floor":2.0,"gold_loss":0.0,"damage_taken":14.0,"cards_upgraded":["Bash","Defend_R"]},{"damage_healed":0.0,"max_hp_gain":0.0,"max_hp_loss":0.0,"gold_gain":0.0,"event_name":"NoteForYourself","player_choice":"Ignored","floor":4.0,"gold_loss":0.0,"damage_taken":0.0},{"damage_healed":0.0,"max_hp_gain":0.0,"max_hp_loss":0.0,"gold_gain":0.0,"event_name":"Scrap Ooze","player_choice":"Success","floor":14.0,"gold_loss":0.0,"damage_taken":12.0,"relics_obtained":["Lantern"]},{"damage_healed":0.0,"max_hp_gain":0.0,"max_hp_loss":0.0,"gold_gain":0.0,"event_name":"The Mausoleum","player_choice":"Opened","floor":20.0,"gold_loss":0.0,"damage_taken":0.0,"relics_obtained":["Strawberry"]},{"damage_healed":0.0,"max_hp_gain":0.0,"max_hp_loss":0.0,"gold_gain":99.0,"event_name":"Nest","player_choice":"Stole From Cult","floor":22.0,"gold_loss":0.0,"damage_taken":0.0},{"damage_healed":0.0,"max_hp_gain":0.0,"max_hp_loss":0.0,"gold_gain":0.0,"event_name":"Back to Basics","player_choice":"Simplicity","floor":31.0,"gold_loss":0.0,"damage_taken":0.0,"cards_upgraded":["Strike_R","Strike_R","Strike_R","Strike_R","Defend_R","Defend_R"]},{"cards_removed":["Headbutt"],"damage_healed":0,"gold_gain":0,"player_choice":"Card Removal","damage_taken":0,"max_hp_gain":0,"max_hp_loss":0,"event_name":"Wheel of Change","floor":45,"gold_loss":0},{"damage_healed":0,"gold_gain":0,"player_choice":"1 cards matched","damage_taken":0,"max_hp_gain":0,"max_hp_loss":0,"event_name":"Match and Keep!","floor":47,"gold_loss":0,"cards_obtained":["Wild Strike"]}],"is_beta":false,"boss_relics":[{"not_picked":["Orrery","Calling Bell"],"picked":"Velvet Choker"},{"not_picked":["Black Star","Mark of Pain"],"picked":"Busted Crown"}],"items_purged_floors":[25],"is_endless":false,"potions_floor_spawned":[1,8,10,16,18,28,29,33,35,37,41,46,48],"killed_by":"Awakened One","ascension_level":0}