{"path_per_floor":["M","?","$","?","?","E","M","$","T","M","?","M","R","M","R","B",null,"M","M","?","?","M","R","M","R","T","M","M","M","M","$","R","B",null,"M","$","M","?","$","E","R","E","T","R","?","M","M","M","R"],"character_chosen":"THE_SILENT","items_purchased":["Flying Knee","Die Die Die","Matryoshka"],"gold_per_floor":[112,112,37,112,112,148,167,13,40,63,63,84,84,107,107,236,236,255,279,204,204,224,224,248,248,325,340,356,374,397,246,246,374,374,387,18,33,33,33,72,72,108,134,134,134,148,173,186,186,186],"floor_reached":50,"campfire_rested":0,"playtime":1783,"current_hp_per_floor":[70,53,53,42,42,29,40,40,47,47,47,47,47,44,44,43,74,64,64,64,64,38,38,38,38,38,37,41,41,36,36,36,15,74,73,73,52,52,52,39,39,39,39,39,39,44,44,44,44,0],"items_purged":["Doubt","Parasite","Strike_G"],"gold":186,"score":530,"play_id":"103b1e91-c6e9-4374-9d79-d7b2542fee36","local_time":"20180417164641","is_prod":false,"is_daily":false,"chose_seed":false,"is_ascension_mode":false,"campfire_upgraded":8,"timestamp":1523951201,"path_taken":["M","?","$","?","?","E","?","$","T","M","?","M","R","M","R","BOSS","M","M","?","?","M","R","M","R","T","M","M","M","M","$","R","BOSS","M","$","M","?","$","E","R","E","T","R","?","?","M","M","R","BOSS"],"build_version":"2018-04-12","seed_source_timestamp":1797626491523322,"purchased_purges":3,"victory":false,"master_deck":["Defend_G+1","Defend_G","Defend_G","Defend_G","Defend_G+1","Strike_G","Strike_G","Strike_G","Survivor+1","Neutralize+1","Predator+1","Terror","Leg Sweep+1","Flying Knee+1","Flechettes+1","Bouncing Flask+1","Catalyst+1","Bullet Time","Crippling Poison+1","Choke+1","Dash+1","Die Die Die+1","Envenom","Eviscerate+1","Underhanded Strike+1","Bullet Time","Dash+1","Underhanded Strike+1","Noxious Fumes+1","Riddle With Holes+1"],"max_hp_per_floor":[70,70,70,70,70,70,70,67,74,74,74,74,74,74,74,74,74,74,74,74,74,74,74,74,74,74,74,74,74,74,74,74,74,74,74,74,74,74,74,74,74,74,74,74,74,74,74,74,74,74],"relics":["Calling Bell","Meat on the Bone","Art of War","War Paint","Golden Idol","Spirit Poop","Letter Opener","Strawberry","Snecko Eye","Molten Egg 2","Runic Dome","Matryoshka","Dream Catcher","Pen Nib","Orichalcum","Oddly Smooth Stone"],"card_choices":[{"not_picked":["Deadly Poison","Dagger Throw"],"picked":"Predator","floor":1},{"not_picked":["Sucker Punch","Dagger Throw"],"picked":"Terror","floor":6},{"not_picked":["Cloak And Dagger","Prepared"],"picked":"Leg Sweep","floor":7},{"not_picked":["Cloak And Dagger","Wraith Form v2"],"picked":"Flechettes","floor":10},{"not_picked":["Poisoned Stab","Caltrops"],"picked":"Bouncing Flask","floor":12},{"not_picked":["Outmaneuver","Skewer"],"picked":"Catalyst","floor":14},{"not_picked":["Night Terror","Glass Knife"],"picked":"Bullet Time","floor":16},{"not_picked":["Flying Knee","Escape Plan"],"picked":"Crippling Poison","floor":28},{"not_picked":["Distraction","Deadly Poison"],"picked":"Choke","floor":29},{"not_picked":["Heel Hook","Choke"],"picked":"Dash","floor":30},{"not_picked":["Burst","Tactician"],"picked":"Envenom","floor":33},{"not_picked":["Bane","Prepared"],"picked":"Eviscerate","floor":35},{"not_picked":["Acrobatics","Footwork"],"picked":"Underhanded Strike","floor":37},{"not_picked":["Bane","Endless Agony"],"picked":"Dash","floor":40},{"not_picked":["Bane","Backflip"],"picked":"Underhanded Strike","floor":46},{"not_picked":["Bane","Quick Slash"],"picked":"Noxious Fumes","floor":47},{"not_picked":["Terror","Crippling Poison"],"picked":"Riddle With Holes","floor":48}],"player_experience":453161,"potions_floor_usage":[29,33,50],"damage_taken":[{"damage":0,"enemies":"2 Louse","floor":1,"turns":5},{"damage":25,"enemies":"Lagavulin","floor":6,"turns":9},{"damage":1,"enemies":"Jaw Worm","floor":7,"turns":4},{"damage":0,"enemies":"Small Slimes","floor":10,"turns":3},{"damage":0,"enemies":"Looter","floor":12,"turns":3},{"damage":3,"enemies":"Exordium Wildlife","floor":14,"turns":4},{"damage":1,"enemies":"The Guardian","floor":16,"turns":7},{"damage":10,"enemies":"Shell Parasite","floor":18,"turns":3},{"damage":0,"enemies":"Chosen","floor":19,"turns":3},{"damage":26,"enemies":"3 Cultists","floor":22,"turns":5},{"damage":0,"enemies":"Snake Plant","floor":24,"turns":4},{"damage":13,"enemies":"Sentry and Sphere","floor":27,"turns":4},{"damage":8,"enemies":"Slaver and Parasite","floor":28,"turns":5},{"damage":0,"enemies":"Chosen and Byrds","floor":29,"turns":4},{"damage":17,"enemies":"Sentry and Sphere","floor":30,"turns":4},{"damage":33,"enemies":"Champ","floor":33,"turns":8},{"damage":1,"enemies":"3 Shapes","floor":35,"turns":3},{"damage":21,"enemies":"3 Darklings","floor":37,"turns":4},{"damage":25,"enemies":"2 Orb Walkers","floor":40,"turns":4},{"damage":0,"enemies":"Giant Head","floor":42,"turns":5},{"damage":7,"enemies":"Maw","floor":46,"turns":5},{"damage":0,"enemies":"Sphere and 2 Shapes","floor":47,"turns":3},{"damage":0,"enemies":"4 Shapes","floor":48,"turns":4},{"damage":46,"enemies":"Donu and Deca","floor":50,"turns":5}],"event_choices":[{"event_name":"Golden Idol","player_choice":"Take Damage","floor":2,"damage_taken":0},{"event_name":"World of Goop","player_choice":"Gather Gold","floor":4,"damage_taken":0},{"event_name":"Bonfire Elementals","player_choice":"CURSE","floor":5,"damage_taken":0},{"event_name":"Living Wall","player_choice":"Grow","floor":11,"damage_taken":0},{"event_name":"Beggar","player_choice":"Gave Gold","floor":20,"damage_taken":0},{"event_name":"Ghosts","player_choice":"Ignored","floor":21,"damage_taken":0},{"event_name":"Duplicator","player_choice":"One dupe","floor":38,"damage_taken":0},{"event_name":"The Lab","player_choice":"Got Potions","floor":45,"damage_taken":0}],"boss_relics":[{"not_picked":["Runic Pyramid","Velvet Choker"],"picked":"Snecko Eye"},{"not_picked":["White Beast Statue","Orrery"],"picked":"Runic Dome"}],"potions_floor_spawned":[1,6,19,22,28,33,42,46,47],"seed_played":"-82740947853519923","killed_by":"Donu and Deca","ascension_level":0,"is_trial":false}