{"gold_per_floor":[111,111,127,53,67,67,92,92,116,128,128,140,171,171,171,274,274,274,33,33,33,33,33,33,33,33,33,33,33,33,33,33,33,33,33,33,0,0,0,0,0,0,0,0,0,0,0,0,0,0],"floor_reached":51,"playtime":3034,"items_purged":[],"score":1126,"play_id":"5f4e167b-e7c9-4add-8a06-0b9ca1c9b9a2","local_time":"20190223093737","is_ascension_mode":true,"campfire_choices":[{"data":"Rage","floor":6.0,"key":"SMITH"},{"floor":15.0,"key":"REST"},{"floor":24,"key":"REST"},{"data":"Body Slam","floor":27,"key":"SMITH"},{"floor":32,"key":"REST"},{"floor":41,"key":"REST"},{"floor":45,"key":"REST"},{"floor":49,"key":"REST"}],"neow_cost":"NONE","seed_source_timestamp":0,"circlet_count":0,"master_deck":["Strike_R","Strike_R","Strike_R","Strike_R+1","Strike_R","Defend_R","Defend_R","Defend_R","Defend_R+1","Bash","Double Tap+1","Headbutt","Battle Trance","Feed","Rage+1","Body Slam+1","Shrug It Off","Evolve","Shrug It Off","Bludgeon","Cleave","Iron Wave","Offering","Iron Wave","Clothesline","Shrug It Off+1","Metallicize+1","Immolate","Spot Weakness+1","Impervious","Violence","Whirlwind+1","True Grit+1","Thunderclap+1"],"special_seed":0,"relics":["Burning Blood","Smiling Mask","Pantograph","Art of War","Kunai","Ectoplasm","Gremlin Horn","Prayer Wheel","Charon\u0027s Ashes","Pear","Girya","Black Star","Mango","Red Mask","PreservedInsect","Bronze Scales","Bag of Preparation","Dream Catcher","Potion Belt","Nunchaku","Dead Branch"],"potions_floor_usage":[22,23,28,30,30,33,36,50,50],"damage_taken":[{"damage":8.0,"enemies":"Jaw Worm","floor":1.0,"turns":5.0},{"damage":7.0,"enemies":"Small Slimes","floor":3.0,"turns":3.0},{"damage":6.0,"enemies":"Cultist","floor":5.0,"turns":4.0},{"damage":31.0,"enemies":"Lagavulin","floor":7.0,"turns":8.0},{"damage":4.0,"enemies":"2 Fungi Beasts","floor":10.0,"turns":3.0},{"damage":9.0,"enemies":"Exordium Wildlife","floor":12.0,"turns":4.0},{"damage":9.0,"enemies":"3 Sentries","floor":13.0,"turns":10.0},{"damage":50.0,"enemies":"Slime Boss","floor":16.0,"turns":12.0},{"damage":11,"enemies":"Shell Parasite","floor":18,"turns":6},{"damage":1,"enemies":"Spheric Guardian","floor":20,"turns":4},{"damage":22,"enemies":"Cultist and Chosen","floor":21,"turns":6},{"damage":20,"enemies":"Shelled Parasite and Fungi","floor":22,"turns":3},{"damage":41,"enemies":"Book of Stabbing","floor":23,"turns":4},{"damage":12,"enemies":"Gremlin Leader","floor":25,"turns":8},{"damage":27,"enemies":"Centurion and Healer","floor":28,"turns":5},{"damage":24,"enemies":"Book of Stabbing","floor":30,"turns":5},{"damage":3,"enemies":"Snake Plant","floor":31,"turns":4},{"damage":85,"enemies":"Champ","floor":33,"turns":13},{"damage":18,"enemies":"3 Darklings","floor":35,"turns":6},{"damage":39,"enemies":"2 Orb Walkers","floor":36,"turns":4},{"damage":23,"enemies":"Orb Walker","floor":39,"turns":4},{"damage":40,"enemies":"Nemesis","floor":40,"turns":5},{"damage":15,"enemies":"Giant Head","floor":42,"turns":5},{"damage":28,"enemies":"Reptomancer","floor":46,"turns":4},{"damage":65,"enemies":"Donu and Deca","floor":50,"turns":10}],"seed_played":"4246221775432039682","potions_obtained":[{"floor":10.0,"key":"Poison Potion"},{"floor":12.0,"key":"Dexterity Potion"},{"floor":13.0,"key":"SpeedPotion"},{"floor":21,"key":"AttackPotion"},{"floor":23,"key":"Block Potion"},{"floor":25,"key":"Energy Potion"},{"floor":30,"key":"Regen Potion"},{"floor":31,"key":"EssenceOfSteel"},{"floor":35,"key":"Fruit Juice"},{"floor":40,"key":"EssenceOfSteel"}],"is_trial":false,"path_per_floor":["M","?","M","$","M","R","E","?","T","M","$","M","E","?","R","B",null,"M","$","M","M","M","E","R","E","T","R","M","?","E","M","R","B",null,"M","?","?","$","M","E","R","E","T","?","R","E","$","?","R","B",null],"character_chosen":"IRONCLAD","items_purchased":["Feed","Gremlin Horn"],"campfire_rested":6,"item_purchase_floors":[4,19],"current_hp_per_floor":[70,63,62,62,65,65,40,23,23,28,28,28,28,28,55,39,81,76,76,81,68,57,22,52,46,56,56,35,35,17,20,53,14,87,75,64,64,64,47,13,52,43,43,43,82,60,60,60,97,66],"gold":0,"neow_bonus":"ONE_RANDOM_RARE_CARD","is_prod":false,"is_daily":false,"chose_seed":false,"campfire_upgraded":2,"win_rate":0,"timestamp":1550932657,"path_taken":["M","?","M","$","M","R","E","?","T","M","$","M","E","?","R","BOSS","M","$","M","M","M","E","R","E","T","R","M","?","E","M","R","BOSS","M","?","?","$","?","E","R","E","T","?","R","E","$","?","R","BOSS"],"build_version":"2019-01-23","purchased_purges":0,"victory":true,"max_hp_per_floor":[80,80,80,80,83,83,83,83,83,86,86,89,92,92,92,95,95,95,95,95,98,101,101,101,101,111,111,111,111,111,111,111,111,111,111,133,133,133,133,133,133,133,133,133,133,133,133,126,126,129],"card_choices":[{"not_picked":["Combust","Sever Soul"],"picked":"Headbutt","floor":1.0},{"not_picked":["Flex","True Grit"],"picked":"Battle Trance","floor":3.0},{"not_picked":["Perfected Strike","Headbutt"],"picked":"Rage","floor":5.0},{"not_picked":["Pommel Strike","Inflame"],"picked":"Body Slam","floor":7.0},{"not_picked":["Heavy Blade","Iron Wave"],"picked":"Shrug It Off","floor":10.0},{"not_picked":["Battle Trance","Perfected Strike"],"picked":"Evolve","floor":12.0},{"not_picked":["Iron Wave","Sever Soul"],"picked":"Shrug It Off","floor":13.0},{"not_picked":["Fiend Fire","Impervious"],"picked":"Bludgeon","floor":16.0},{"not_picked":["Heavy Blade","Havoc"],"picked":"Cleave","floor":18},{"not_picked":["Havoc","Rampage"],"picked":"Iron Wave","floor":20},{"not_picked":["Dropkick+1","Sword Boomerang","Searing Blow"],"picked":"SKIP","floor":21},{"not_picked":["Shrug It Off","Corruption"],"picked":"Offering","floor":22},{"not_picked":["Sword Boomerang","Sever Soul+1","Anger"],"picked":"SKIP","floor":23},{"not_picked":["Iron Wave","Heavy Blade","Bloodletting"],"picked":"SKIP","floor":25},{"not_picked":["Infernal Blade","Flex"],"picked":"Iron Wave","floor":28},{"not_picked":["Searing Blow","Sword Boomerang","Heavy Blade"],"picked":"SKIP","floor":28},{"not_picked":["Havoc","Barricade"],"picked":"Clothesline","floor":30},{"not_picked":["Warcry","Rage"],"picked":"Shrug It Off+1","floor":31},{"not_picked":["Sentinel","Sword Boomerang"],"picked":"Metallicize+1","floor":31},{"not_picked":["Bludgeon","Demon Form"],"picked":"Immolate","floor":33},{"not_picked":["Fire Breathing+1","Perfected Strike","Clash+1"],"picked":"SKIP","floor":35},{"not_picked":["Perfected Strike","Feel No Pain+1","Wild Strike"],"picked":"SKIP","floor":35},{"not_picked":["Flex+1","Battle Trance"],"picked":"Spot Weakness+1","floor":39},{"not_picked":["Havoc+1","Warcry+1","Clash"],"picked":"SKIP","floor":39},{"not_picked":["Evolve+1","Searing Blow+1","Second Wind+1"],"picked":"SKIP","floor":40},{"not_picked":["Berserk","Headbutt+1"],"picked":"Impervious","floor":42},{"not_picked":["Thinking Ahead","Swift Strike"],"picked":"Violence","floor":44},{"not_picked":["Thunderclap","Twin Strike"],"picked":"Whirlwind+1","floor":45},{"not_picked":["Heavy Blade+1","Clash+1"],"picked":"True Grit+1","floor":46},{"not_picked":["Heavy Blade+1","Carnage+1"],"picked":"Thunderclap+1","floor":49}],"player_experience":216986,"relics_obtained":[{"floor":7.0,"key":"Pantograph"},{"floor":9.0,"key":"Art of War"},{"floor":13.0,"key":"Kunai"},{"floor":23,"key":"Prayer Wheel"},{"floor":25,"key":"Charon\u0027s Ashes"},{"floor":26,"key":"Pear"},{"floor":30,"key":"Girya"},{"floor":36,"key":"Mango"},{"floor":40,"key":"PreservedInsect"},{"floor":40,"key":"Bronze Scales"},{"floor":42,"key":"Bag of Preparation"},{"floor":42,"key":"Dream Catcher"},{"floor":43,"key":"Potion Belt"},{"floor":46,"key":"Nunchaku"},{"floor":46,"key":"Dead Branch"}],"event_choices":[{"damage_healed":0.0,"max_hp_gain":0.0,"max_hp_loss":0.0,"gold_gain":0.0,"event_name":"Scrap Ooze","player_choice":"Success","floor":2.0,"gold_loss":0.0,"damage_taken":7.0,"relics_obtained":["Smiling Mask"]},{"damage_healed":0.0,"max_hp_gain":0.0,"max_hp_loss":0.0,"gold_gain":0.0,"event_name":"Shining Light","player_choice":"Entered Light","floor":8.0,"gold_loss":0.0,"damage_taken":17.0,"cards_upgraded":["Strike_R","Defend_R"]},{"damage_healed":0.0,"max_hp_gain":0.0,"max_hp_loss":0.0,"gold_gain":0.0,"event_name":"Dead Adventurer","player_choice":"Searched \u00270\u0027 times","floor":14.0,"gold_loss":0.0,"damage_taken":0.0},{"damage_healed":0,"gold_gain":0,"player_choice":"Forge","damage_taken":0,"max_hp_gain":0,"max_hp_loss":0,"event_name":"Accursed Blacksmith","floor":29,"gold_loss":0,"cards_upgraded":["Double Tap"]},{"damage_healed":0,"gold_gain":0,"player_choice":"Fight","damage_taken":0,"max_hp_gain":0,"max_hp_loss":0,"event_name":"Mysterious Sphere","floor":36,"gold_loss":0},{"damage_healed":0,"gold_gain":0,"player_choice":"Paid","damage_taken":0,"relics_obtained":["Red Mask"],"max_hp_gain":0,"max_hp_loss":0,"event_name":"Tomb of Lord Red Mask","floor":37,"gold_loss":33},{"damage_healed":0,"gold_gain":0,"player_choice":"Memory 1","damage_taken":0,"max_hp_gain":0,"max_hp_loss":0,"event_name":"SensoryStone","floor":44,"gold_loss":0},{"damage_healed":0,"gold_gain":0,"player_choice":"Max HP","damage_taken":0,"max_hp_gain":0,"max_hp_loss":7,"event_name":"Winding Halls","floor":48,"gold_loss":0}],"is_beta":false,"boss_relics":[{"not_picked":["White Beast Statue","Runic Cube"],"picked":"Ectoplasm"},{"not_picked":["Orrery","Empty Cage"],"picked":"Black Star"}],"items_purged_floors":[],"is_endless":false,"potions_floor_spawned":[10,12,13,16,21,23,25,30,31,35,40],"ascension_level":8}