{"gold_per_floor":[119,130,150,164,89,89,104,104,104,122,122,122,132,148,148,247,247,261,272,172,172,186,186,276,290,290,290,300,175,175,193,193,292,292,305,305,405,176,196,196,214,214,214,229,255,255,255,255,255,255],"floor_reached":50,"playtime":2457,"items_purged":["Defend_R","Shockwave","Shockwave","Havoc+1"],"score":491,"play_id":"56f9807b-08eb-46bc-bd50-f62acda255d9","local_time":"20190127212325","is_ascension_mode":false,"campfire_choices":[{"data":"Spot Weakness","floor":6.0,"key":"SMITH"},{"floor":8.0,"key":"REST"},{"data":"Limit Break","floor":12.0,"key":"SMITH"},{"data":"Heavy Blade","floor":15.0,"key":"SMITH"},{"data":"Shrug It Off","floor":23.0,"key":"SMITH"},{"floor":27.0,"key":"REST"},{"floor":32.0,"key":"REST"},{"data":"Inflame","floor":40.0,"key":"SMITH"},{"floor":42.0,"key":"RECALL"},{"floor":46.0,"key":"REST"},{"data":"Shrug It Off","floor":49.0,"key":"SMITH"}],"neow_cost":"NONE","seed_source_timestamp":3655217784951218,"circlet_count":0,"master_deck":["Bash","Limit Break+1","Shrug It Off+1","Uppercut","Cleave","Spot Weakness+1","Heavy Blade+1","Shrug It Off+1","Offering","Impervious","Body Slam+1","Infernal Blade+1","Shrug It Off+1","Iron Wave+1","Sword Boomerang+1","Dual Wield+1","Clothesline+1","Rampage","Inflame+1"],"special_seed":0,"relics":["Burning Blood","Self Forming Clay","Pandora\u0027s Box","Astrolabe","Incense Burner","Ornamental Fan","Dream Catcher","Mummified Hand"],"potions_floor_usage":[],"damage_taken":[{"damage":6.0,"enemies":"Jaw Worm","floor":1.0,"turns":6.0},{"damage":11.0,"enemies":"Small Slimes","floor":2.0,"turns":4.0},{"damage":6.0,"enemies":"2 Louse","floor":3.0,"turns":3.0},{"damage":26.0,"enemies":"Exordium Thugs","floor":4.0,"turns":7.0},{"damage":9.0,"enemies":"2 Fungi Beasts","floor":7.0,"turns":3.0},{"damage":1.0,"enemies":"Exordium Wildlife","floor":10.0,"turns":5.0},{"damage":8.0,"enemies":"Large Slime","floor":13.0,"turns":3.0},{"damage":0.0,"enemies":"Blue Slaver","floor":14.0,"turns":4.0},{"damage":14.0,"enemies":"Slime Boss","floor":16.0,"turns":7.0},{"damage":9.0,"enemies":"Shell Parasite","floor":18.0,"turns":5.0},{"damage":20.0,"enemies":"3 Byrds","floor":19.0,"turns":6.0},{"damage":14.0,"enemies":"Shelled Parasite and Fungi","floor":22.0,"turns":5.0},{"damage":21.0,"enemies":"Centurion and Healer","floor":25.0,"turns":5.0},{"damage":19.0,"enemies":"Chosen and Byrds","floor":28.0,"turns":5.0},{"damage":6.0,"enemies":"Cultist and Chosen","floor":31.0,"turns":5.0},{"damage":53.0,"enemies":"Automaton","floor":33.0,"turns":8.0},{"damage":6.0,"enemies":"Orb Walker","floor":35.0,"turns":3.0},{"damage":18.0,"enemies":"Mind Bloom Boss Battle","floor":37.0,"turns":7.0},{"damage":15.0,"enemies":"3 Shapes","floor":39.0,"turns":5.0},{"damage":5.0,"enemies":"Transient","floor":41.0,"turns":5.0},{"damage":17.0,"enemies":"Spire Growth","floor":44.0,"turns":5.0},{"damage":11.0,"enemies":"Giant Head","floor":45.0,"turns":6.0},{"damage":82,"enemies":"Donu and Deca","floor":50,"turns":6}],"seed_played":"-8181007996113699511","potions_obtained":[{"floor":1.0,"key":"SkillPotion"},{"floor":3.0,"key":"SpeedPotion"},{"floor":14.0,"key":"AttackPotion"},{"floor":19.0,"key":"BloodPotion"},{"floor":22.0,"key":"Weak Potion"},{"floor":25.0,"key":"Swift Potion"},{"floor":28.0,"key":"AttackPotion"},{"floor":35.0,"key":"Energy Potion"},{"floor":41.0,"key":"Block Potion"}],"is_trial":false,"path_per_floor":["M","M","M","M","$","R","M","R","T","M","?","R","M","M","R","B",null,"M","M","$","?","M","R","?","M","T","R","M","$","?","M","R","B",null,"M","?","?","$","M","R","M","R","T","M","E","R","T","$","R","B"],"character_chosen":"IRONCLAD","items_purchased":["Inflame"],"campfire_rested":4,"item_purchase_floors":[38],"current_hp_per_floor":[80,75,75,55,55,55,52,76,76,80,64,64,62,68,68,60,80,77,63,63,63,55,55,39,24,24,48,35,35,35,35,59,12,80,80,80,68,68,59,59,60,60,60,49,44,68,68,68,68,0],"gold":255,"neow_bonus":"TRANSFORM_CARD","is_prod":false,"is_daily":false,"chose_seed":false,"campfire_upgraded":6,"win_rate":0,"timestamp":1548642205,"path_taken":["M","M","M","M","$","R","M","R","T","M","?","R","M","M","R","BOSS","M","M","$","?","M","R","?","M","T","R","?","$","?","M","R","BOSS","M","?","?","?","M","R","M","R","T","M","E","R","?","$","R","BOSS"],"build_version":"2019-01-23","purchased_purges":4,"victory":false,"max_hp_per_floor":[80,80,80,80,80,80,80,80,80,80,80,80,80,80,80,80,80,80,80,80,80,80,80,80,80,80,80,80,80,80,80,80,80,80,80,80,80,80,80,80,80,80,80,80,80,80,80,80,80,80],"card_choices":[{"not_picked":["Shockwave","Sentinel"],"picked":"Shrug It Off","floor":1.0},{"not_picked":["Sentinel","Warcry"],"picked":"Uppercut","floor":2.0},{"not_picked":["Wild Strike","Clothesline"],"picked":"Cleave","floor":3.0},{"not_picked":["Armaments","Clash"],"picked":"Spot Weakness","floor":4.0},{"not_picked":["Havoc","Perfected Strike","True Grit"],"picked":"SKIP","floor":7.0},{"not_picked":["Twin Strike","Headbutt"],"picked":"Heavy Blade","floor":10.0},{"not_picked":["Barricade","Headbutt"],"picked":"Shrug It Off","floor":13.0},{"not_picked":["Clash","Havoc","Dark Embrace"],"picked":"SKIP","floor":14.0},{"not_picked":["Reaper","Impervious"],"picked":"Offering","floor":16.0},{"not_picked":["Combust","Flame Barrier+1"],"picked":"Body Slam+1","floor":18.0},{"not_picked":["Intimidate","True Grit+1","Burning Pact"],"picked":"SKIP","floor":19.0},{"not_picked":["Uppercut","Headbutt"],"picked":"Infernal Blade+1","floor":22.0},{"not_picked":["Sword Boomerang","Second Wind+1"],"picked":"Shrug It Off","floor":25.0},{"not_picked":["Dual Wield","Havoc+1"],"picked":"Iron Wave+1","floor":28.0},{"not_picked":["Wild Strike","Shrug It Off"],"picked":"Sword Boomerang+1","floor":31.0},{"not_picked":["Iron Wave+1","Reckless Charge","Dual Wield"],"picked":"SKIP","floor":35.0},{"not_picked":["Warcry+1","Pommel Strike"],"picked":"Rampage","floor":37.0},{"not_picked":["Pummel+1","Corruption+1","Rage"],"picked":"SKIP","floor":39.0},{"not_picked":["Burning Pact+1","Dropkick","Perfected Strike"],"picked":"SKIP","floor":41.0},{"not_picked":["Thunderclap","Perfected Strike+1","Sword Boomerang+1"],"picked":"SKIP","floor":44.0},{"not_picked":["Sword Boomerang","Wild Strike","Second Wind"],"picked":"SKIP","floor":45.0}],"player_experience":50604,"relics_obtained":[{"floor":9.0,"key":"Self Forming Clay"},{"floor":37.0,"key":"Incense Burner"},{"floor":43.0,"key":"Ornamental Fan"},{"floor":45.0,"key":"Dream Catcher"},{"floor":47.0,"key":"Mummified Hand"}],"event_choices":[{"damage_healed":0.0,"max_hp_gain":0.0,"max_hp_loss":0.0,"gold_gain":0.0,"event_name":"Shining Light","player_choice":"Entered Light","floor":11.0,"gold_loss":0.0,"damage_taken":16.0,"cards_upgraded":["Shrug It Off","Strike_R"]},{"damage_healed":0.0,"max_hp_gain":0.0,"max_hp_loss":0.0,"gold_gain":0.0,"event_name":"Ghosts","player_choice":"Ignored","floor":21.0,"gold_loss":0.0,"damage_taken":0.0},{"damage_healed":0.0,"max_hp_gain":0.0,"max_hp_loss":0.0,"gold_gain":90.0,"event_name":"Knowing Skull","player_choice":"GOLD ","floor":24.0,"potions_obtained":[],"gold_loss":0.0,"damage_taken":16.0,"cards_obtained":[]},{"cards_removed":["Warcry"],"damage_healed":0.0,"max_hp_gain":0.0,"max_hp_loss":0.0,"gold_gain":0.0,"event_name":"Back to Basics","player_choice":"Elegance","floor":30.0,"gold_loss":0.0,"damage_taken":0.0},{"damage_healed":0.0,"max_hp_gain":0.0,"max_hp_loss":0.0,"gold_gain":0.0,"event_name":"Tomb of Lord Red Mask","player_choice":"Ignored","floor":36.0,"gold_loss":0.0,"damage_taken":0.0},{"damage_healed":0.0,"max_hp_gain":0.0,"max_hp_loss":0.0,"gold_gain":0.0,"event_name":"MindBloom","player_choice":"Fight","floor":37.0,"gold_loss":0.0,"damage_taken":0.0}],"is_beta":false,"boss_relics":[{"not_picked":["Black Star","Philosopher\u0027s Stone"],"picked":"Pandora\u0027s Box"},{"not_picked":["Lizard Tail","Tiny House"],"picked":"Astrolabe"}],"items_purged_floors":[5,20,29,38],"is_endless":false,"potions_floor_spawned":[1,3,14,19,22,25,28,35,39,41],"killed_by":"Donu and Deca","ascension_level":0}