{"gold_per_floor":[116,127,137,152,168,168,187,187,232,244,244,22,34,52,52,156,156,166,186,196,196],"floor_reached":21,"playtime":1418,"items_purged":[],"score":179,"play_id":"c55a9762-e532-4f58-b912-66f62b929f7e","local_time":"20180910132551","is_ascension_mode":false,"campfire_choices":[{"data":"Headbutt","floor":6,"key":"SMITH"},{"data":"Fiend Fire","floor":8,"key":"SMITH"},{"data":"Armaments","floor":11,"key":"SMITH"},{"data":"Spot Weakness","floor":15,"key":"SMITH"}],"neow_cost":"NONE","seed_source_timestamp":315606643846196,"circlet_count":0,"master_deck":["Strike_R","Strike_R","Strike_R","Strike_R","Strike_R+1","Defend_R","Defend_R","Defend_R","Defend_R","Bash","Pommel Strike","Pommel Strike","Fiend Fire+1","Warcry","Headbutt+1","Armaments+1","Spot Weakness+1","Battle Trance","Double Tap","Warcry"],"relics":["Burning Blood","Bag of Marbles","Vajra"],"potions_floor_usage":[16,16,16,19,19],"damage_taken":[{"damage":1,"enemies":"Cultist","floor":1,"turns":3},{"damage":0,"enemies":"Small Slimes","floor":2,"turns":3},{"damage":8,"enemies":"Jaw Worm","floor":3,"turns":3},{"damage":16,"enemies":"Exordium Thugs","floor":4,"turns":4},{"damage":11,"enemies":"Lots of Slimes","floor":5,"turns":5},{"damage":12,"enemies":"Blue Slaver","floor":7,"turns":2},{"damage":4,"enemies":"2 Fungi Beasts","floor":10,"turns":2},{"damage":3,"enemies":"Gremlin Gang","floor":13,"turns":5},{"damage":0,"enemies":"Blue Slaver","floor":14,"turns":1},{"damage":46,"enemies":"Hexaghost","floor":16,"turns":5},{"damage":27,"enemies":"3 Byrds","floor":18,"turns":6},{"damage":27,"enemies":"Spheric Guardian","floor":19,"turns":3},{"damage":26,"enemies":"Cultist and Chosen","floor":20,"turns":5},{"damage":18,"enemies":"Snake Plant","floor":21,"turns":2}],"seed_played":"-670101310001449120","potions_obtained":[{"floor":1,"key":"SkillPotion"},{"floor":7,"key":"Fire Potion"},{"floor":13,"key":"Energy Potion"},{"floor":16,"key":"LiquidBronze"},{"floor":18,"key":"FearPotion"}],"is_trial":false,"path_per_floor":["M","M","M","M","M","R","M","R","T","M","R","$","M","M","R","B",null,"M","M","M"],"character_chosen":"IRONCLAD","items_purchased":["Spot Weakness","Vajra"],"campfire_rested":0,"item_purchase_floors":[12,12],"current_hp_per_floor":[80,80,78,68,63,63,57,57,57,59,59,59,62,68,68,28,80,59,38,18,0],"gold":196,"neow_bonus":"UPGRADE_CARD","is_prod":false,"is_daily":false,"chose_seed":false,"campfire_upgraded":4,"win_rate":0.0,"timestamp":1536600351,"path_taken":["M","M","M","M","M","R","?","R","T","M","R","$","M","M","R","BOSS","M","M","M","M"],"build_version":"2018-09-06","purchased_purges":0,"victory":false,"max_hp_per_floor":[80,80,80,80,80,80,80,80,80,80,80,80,80,80,80,80,80,80,80,80,80],"card_choices":[{"not_picked":["Ghostly Armor","Thunderclap"],"picked":"Pommel Strike","floor":1},{"not_picked":["Dual Wield","Clash"],"picked":"Pommel Strike","floor":2},{"not_picked":["Iron Wave","Armaments"],"picked":"Fiend Fire","floor":3},{"not_picked":["Sword Boomerang","Iron Wave"],"picked":"Warcry","floor":4},{"not_picked":["Carnage","Pommel Strike"],"picked":"Headbutt","floor":5},{"not_picked":["Clothesline","Searing Blow"],"picked":"Armaments","floor":7},{"not_picked":["Perfected Strike","Hemokinesis","Rage"],"picked":"SKIP","floor":10},{"not_picked":["Iron Wave","Entrench","Armaments"],"picked":"SKIP","floor":13},{"not_picked":["Dual Wield","Sword Boomerang"],"picked":"Battle Trance","floor":14},{"not_picked":["Dark Embrace","Berserk"],"picked":"Double Tap","floor":16},{"not_picked":["Pommel Strike","Sword Boomerang","Clash"],"picked":"SKIP","floor":18},{"not_picked":["Anger","Power Through"],"picked":"Warcry","floor":19},{"not_picked":["Corruption","Shrug It Off","Intimidate"],"picked":"SKIP","floor":20}],"player_experience":61504,"relics_obtained":[{"floor":9,"key":"Bag of Marbles"}],"event_choices":[],"is_beta":false,"boss_relics":[{"not_picked":["Runic Dome","Snecko Eye","Philosopher\u0027s Stone"]}],"items_purged_floors":[],"is_endless":false,"potions_floor_spawned":[1,7,13,14,16,18],"killed_by":"Snake Plant","ascension_level":0}