{"path_per_floor":["M","M","?","?","M","R","E","R","T","?","M","M","R","$","R","B",null,"M","M","M","M","?","E","R","?","T","E","$","?","R","M","R"],"character_chosen":"THE_SILENT","items_purchased":["Envenom","Deflect","Crippling Poison","Infinite Blades+1"],"gold_per_floor":[109,122,297,247,257,257,289,289,289,289,303,320,320,8,8,110,110,121,141,141,160,160,192,192,192,192,224,190,190,190,202,202,202],"floor_reached":33,"campfire_rested":4,"playtime":1609,"item_purchase_floors":[14,14,14,28],"current_hp_per_floor":[70,70,70,70,70,70,57,57,57,57,55,60,60,60,75,40,75,51,51,51,42,36,36,58,58,58,14,14,14,36,11,33,0],"items_purged":["Defend_G"],"gold":202,"score":310,"play_id":"1167c75d-a7cd-4749-bc8c-7040e2f9865b","local_time":"20180620213040","is_prod":false,"is_daily":false,"chose_seed":false,"is_ascension_mode":false,"campfire_upgraded":3,"win_rate":0,"timestamp":1529494240,"campfire_choices":[{"data":"Crippling Poison","floor":6,"key":"SMITH"},{"data":"Dagger Spray","floor":8,"key":"SMITH"},{"data":"Sucker Punch","floor":13,"key":"SMITH"},{"floor":15,"key":"REST"},{"floor":24,"key":"REST"},{"floor":30,"key":"REST"},{"floor":32,"key":"REST"}],"path_taken":["M","M","?","?","?","R","E","R","T","?","M","M","R","?","R","BOSS","M","M","?","?","?","E","R","?","T","E","$","?","R","M","R","BOSS"],"build_version":"2018-06-19v2","seed_source_timestamp":2602053130450,"purchased_purges":1,"circlet_count":0,"victory":false,"master_deck":["Defend_G","Defend_G","Defend_G","Strike_G","Strike_G","Strike_G","Strike_G","Strike_G","Survivor","Neutralize","Cloak And Dagger","Crippling Poison+1","Dagger Spray+1","Dash","Poisoned Stab","Sucker Punch+1","Envenom","Deflect","Crippling Poison","Die Die Die","Slice","Cloak And Dagger+1","RitualDagger","Sucker Punch+1","Infinite Blades+1","Skewer"],"max_hp_per_floor":[70,70,70,70,70,70,70,70,70,70,70,75,75,75,75,75,75,75,75,75,75,75,75,75,75,75,75,75,75,75,75,75,75],"relics":["Pantograph","Oddly Smooth Stone","White Beast Statue","Lantern","Nloth\u0027s Gift","Blue Candle","Frozen Egg 2"],"card_choices":[{"not_picked":["Setup","Skewer"],"picked":"Cloak And Dagger","floor":1},{"not_picked":["Bane","Underhanded Strike"],"picked":"Crippling Poison","floor":2},{"not_picked":["Eviscerate","Underhanded Strike"],"picked":"Dagger Spray","floor":5},{"not_picked":["Dagger Throw","Concentrate"],"picked":"Dash","floor":7},{"not_picked":["Adrenaline","Terror"],"picked":"Poisoned Stab","floor":11},{"not_picked":["Poisoned Stab","Acrobatics"],"picked":"Sucker Punch","floor":12},{"not_picked":["Night Terror","Storm of Steel"],"picked":"Die Die Die","floor":16},{"not_picked":["Escape Plan+1","Expertise+1"],"picked":"Slice","floor":18},{"not_picked":["Acrobatics","Poisoned Stab"],"picked":"Cloak And Dagger+1","floor":19},{"not_picked":["Outmaneuver","Flechettes","Dagger Throw"],"picked":"SKIP","floor":21},{"not_picked":["Cloak And Dagger","PiercingWail"],"picked":"Sucker Punch+1","floor":23},{"not_picked":["Bullet Time","Malaise"],"picked":"Deflect","floor":27},{"not_picked":["Setup+1","Prepared","Bullet Time"],"picked":"SKIP","floor":31}],"player_experience":443571,"potions_floor_usage":[5,12,12,18,19,20,23,27,31,33,33],"damage_taken":[{"damage":0,"enemies":"2 Louse","floor":1,"turns":3},{"damage":0,"enemies":"Small Slimes","floor":2,"turns":5},{"damage":0,"enemies":"Jaw Worm","floor":5,"turns":2},{"damage":13,"enemies":"Gremlin Nob","floor":7,"turns":5},{"damage":2,"enemies":"2 Fungi Beasts","floor":11,"turns":3},{"damage":0,"enemies":"Exordium Wildlife","floor":12,"turns":3},{"damage":35,"enemies":"Hexaghost","floor":16,"turns":8},{"damage":24,"enemies":"Shell Parasite","floor":18,"turns":5},{"damage":0,"enemies":"2 Thieves","floor":19,"turns":3},{"damage":0,"enemies":"Centurion and Healer","floor":20,"turns":1},{"damage":9,"enemies":"Snake Plant","floor":21,"turns":5},{"damage":0,"enemies":"Gremlin Leader","floor":23,"turns":6},{"damage":44,"enemies":"Slavers","floor":27,"turns":5},{"damage":25,"enemies":"Chosen and Byrds","floor":31,"turns":6},{"damage":60,"enemies":"Champ","floor":33,"turns":14}],"relics_obtained":[{"floor":7,"key":"Pantograph"},{"floor":9,"key":"Oddly Smooth Stone"},{"floor":23,"key":"Lantern"},{"floor":26,"key":"Blue Candle"},{"floor":27,"key":"Frozen Egg 2"}],"event_choices":[{"event_name":"Liars Game","player_choice":"agreed","floor":3,"damage_taken":0},{"event_name":"The Cleric","player_choice":"Card Removal","floor":4,"damage_taken":0},{"event_name":"Purifier","player_choice":"One Purge","floor":10,"damage_taken":0},{"event_name":"Nest","player_choice":"Joined the Cult","floor":22,"damage_taken":0},{"event_name":"N\u0027loth","player_choice":"Traded a Philosopher\u0027s Stone","floor":25,"damage_taken":0},{"event_name":"Transmorgrifier","player_choice":"Transform","floor":29,"damage_taken":0}],"boss_relics":[{"not_picked":["Cursed Key","Calling Bell"],"picked":"White Beast Statue"}],"items_purged_floors":[14],"is_endless":true,"potions_floor_spawned":[1,5,11,12,16,18,19,20,21,23,27,31],"seed_played":"-4105702161202510683","killed_by":"Champ","ascension_level":0,"potions_obtained":[{"floor":1,"key":"AttackPotion"},{"floor":5,"key":"GamblersBrew"},{"floor":11,"key":"Fruit Juice"},{"floor":12,"key":"SneckoOil"},{"floor":16,"key":"Strength Potion"},{"floor":18,"key":"Block Potion"},{"floor":19,"key":"SmokeBomb"},{"floor":21,"key":"PowerPotion"},{"floor":23,"key":"PowerPotion"},{"floor":27,"key":"SteroidPotion"},{"floor":31,"key":"EssenceOfSteel"}],"is_trial":false}