{"gold_per_floor":[116,116,41,61,61,61,81,92,92,38,38,38,38,38,38,38],"floor_reached":16,"playtime":238,"items_purged":["Defend_R"],"score":88,"play_id":"e252d523-762d-4eda-937e-bb65b81cafb6","local_time":"20180914193816","is_ascension_mode":false,"campfire_choices":[{"data":"Cleave","floor":6,"key":"SMITH"},{"data":"Twin Strike","floor":11,"key":"SMITH"},{"data":"Strike_R","floor":13,"key":"SMITH"},{"data":"Strike_R","floor":15,"key":"SMITH"}],"neow_cost":"NONE","seed_source_timestamp":141820499548914,"circlet_count":0,"master_deck":["Strike_R","Strike_R","Strike_R+1","Strike_R+1","Strike_R+1","Defend_R","Defend_R","Defend_R","Bash","Cleave+1","Twin Strike+1"],"relics":["Burning Blood","NeowsBlessing","Mummified Hand","Pear"],"potions_floor_usage":[8],"damage_taken":[{"damage":0,"enemies":"2 Louse","floor":1,"turns":1},{"damage":0,"enemies":"Cultist","floor":4,"turns":1},{"damage":0,"enemies":"Jaw Worm","floor":7,"turns":1},{"damage":6,"enemies":"Exordium Thugs","floor":8,"turns":3},{"damage":94,"enemies":"The Guardian","floor":16,"turns":9}],"seed_played":"2006762009486757221","potions_obtained":[{"floor":1,"key":"GamblersBrew"},{"floor":4,"key":"AttackPotion"}],"is_trial":false,"path_per_floor":["M","?","$","M","$","R","M","M","T","$","R","T","R","$","R"],"character_chosen":"IRONCLAD","items_purchased":["Twin Strike"],"campfire_rested":0,"item_purchase_floors":[10],"current_hp_per_floor":[80,80,80,80,80,80,80,80,80,80,80,90,90,90,90,0],"gold":38,"neow_bonus":"THREE_ENEMY_KILL","is_prod":false,"is_daily":false,"chose_seed":false,"campfire_upgraded":4,"win_rate":0,"timestamp":1536968296,"path_taken":["M","?","$","M","?","R","M","?","T","$","R","?","R","$","R","BOSS"],"build_version":"2018-09-06","purchased_purges":1,"victory":false,"max_hp_per_floor":[80,80,80,80,80,80,80,80,80,80,80,90,90,90,90,90],"card_choices":[{"not_picked":["Combust","Iron Wave"],"picked":"Cleave","floor":1},{"not_picked":["Fire Breathing","Pummel","Feel No Pain"],"picked":"SKIP","floor":4},{"not_picked":["Armaments","Dropkick","Iron Wave"],"picked":"SKIP","floor":7},{"not_picked":["Combust","Dropkick","Shrug It Off"],"picked":"SKIP","floor":8}],"player_experience":140429,"relics_obtained":[{"floor":9,"key":"Mummified Hand"},{"floor":12,"key":"Pear"}],"event_choices":[{"event_name":"Accursed Blacksmith","player_choice":"Forge","floor":2,"damage_taken":0}],"is_beta":false,"boss_relics":[],"items_purged_floors":[3],"is_endless":false,"potions_floor_spawned":[1,4],"killed_by":"The Guardian","ascension_level":0}