{"gold_per_floor":[117,134,58,76,76,110,110,137,137,62,62,77,77,93,93,195,195,215,66,96,96,106,136,155,155,155,30,48,48,48,48,48,143,143,163,163,385,385,397,428,445,545,571,147,172,172,188,207,207,207,207,207,5,32,32],"floor_reached":56,"playtime":11673,"items_purged":["Strike_R","Strike_R","Bash"],"score":1233,"play_id":"726e1970-f5f0-49c5-91f5-1a034726cf72","local_time":"20190225162311","is_ascension_mode":false,"campfire_choices":[{"data":"Barricade","floor":7.0,"key":"SMITH"},{"data":"Juggernaut","floor":11.0,"key":"SMITH"},{"data":"Inflame","floor":15.0,"key":"SMITH"},{"data":"RitualDagger","floor":25.0,"key":"SMITH"},{"floor":30.0,"key":"REST"},{"floor":32.0,"key":"REST"},{"data":"Evolve","floor":46.0,"key":"SMITH"},{"floor":49.0,"key":"RECALL"},{"data":"Pommel Strike","floor":52,"key":"SMITH"}],"neow_cost":"NONE","seed_source_timestamp":0,"circlet_count":0,"master_deck":["Strike_R","Strike_R","Defend_R","Defend_R","Defend_R","Immolate","Feel No Pain","Inflame+1","Headbutt","Juggernaut+1","Barricade+1","Shrug It Off+1","Disarm+1","Offering+1","Pommel Strike+1","True Grit+1","Iron Wave+1","RitualDagger+1","Intimidate+1","Battle Trance+1","Body Slam","Corruption","Warcry+1","Disarm+1","Whirlwind+1","Flame Barrier+1","Evolve+1","Pommel Strike+1","Battle Trance+1"],"special_seed":0,"relics":["Black Blood","Toxic Egg 2","Sundial","Red Mask","Gremlin Horn","Orichalcum","Vajra","Mark of Pain","Girya","Pen Nib","Turnip","Potion Belt","Centennial Puzzle","Toy Ornithopter","Mummified Hand","Bag of Preparation","Blue Candle"],"potions_floor_usage":[50,55,55],"damage_taken":[{"damage":6.0,"enemies":"Cultist","floor":1.0,"turns":3.0},{"damage":5.0,"enemies":"Small Slimes","floor":2.0,"turns":3.0},{"damage":11.0,"enemies":"Jaw Worm","floor":4.0,"turns":3.0},{"damage":14.0,"enemies":"Gremlin Nob","floor":6.0,"turns":3.0},{"damage":27.0,"enemies":"3 Sentries","floor":8.0,"turns":4.0},{"damage":19.0,"enemies":"Exordium Wildlife","floor":12.0,"turns":3.0},{"damage":0.0,"enemies":"Looter","floor":14.0,"turns":4.0},{"damage":13.0,"enemies":"Hexaghost","floor":16.0,"turns":13.0},{"damage":27.0,"enemies":"2 Thieves","floor":18.0,"turns":3.0},{"damage":18.0,"enemies":"Masked Bandits","floor":20.0,"turns":5.0},{"damage":32.0,"enemies":"Shell Parasite","floor":22.0,"turns":6.0},{"damage":6.0,"enemies":"Gremlin Leader","floor":23.0,"turns":11.0},{"damage":14.0,"enemies":"Snake Plant","floor":24.0,"turns":5.0},{"damage":18.0,"enemies":"Snecko","floor":28.0,"turns":7.0},{"damage":16.0,"enemies":"Automaton","floor":33.0,"turns":9.0},{"damage":5.0,"enemies":"Orb Walker","floor":35.0,"turns":4.0},{"damage":10.0,"enemies":"3 Shapes","floor":39.0,"turns":3.0},{"damage":17.0,"enemies":"Giant Head","floor":40.0,"turns":7.0},{"damage":9.0,"enemies":"3 Darklings","floor":41.0,"turns":5.0},{"damage":9.0,"enemies":"Mind Bloom Boss Battle","floor":42.0,"turns":8.0},{"damage":29.0,"enemies":"Reptomancer","floor":45.0,"turns":6.0},{"damage":6.0,"enemies":"Maw","floor":47.0,"turns":7.0},{"damage":11.0,"enemies":"Writhing Mass","floor":48.0,"turns":4.0},{"damage":22,"enemies":"Awakened One","floor":50,"turns":14},{"damage":15,"enemies":"Shield and Spear","floor":54,"turns":5},{"damage":38,"enemies":"The Heart","floor":55,"turns":8}],"seed_played":"3891170220066555384","potions_obtained":[{"floor":2.0,"key":"Explosive Potion"},{"floor":4.0,"key":"Fire Potion"},{"floor":12.0,"key":"Fruit Juice"},{"floor":20.0,"key":"Explosive Potion"},{"floor":22.0,"key":"FairyPotion"},{"floor":33.0,"key":"AttackPotion"},{"floor":40.0,"key":"Dexterity Potion"},{"floor":41.0,"key":"SkillPotion"},{"floor":42.0,"key":"BloodPotion"},{"floor":45.0,"key":"Block Potion"},{"floor":54,"key":"GamblersBrew"}],"is_trial":false,"path_per_floor":["M","M","$","M","?","E","R","E","T","$","R","M","?","M","R","B",null,"M","$","?","?","M","E","M","R","T","$","M","?","R","T","R","B",null,"M","?","?","T","M","E","M","?","T","$","E","R","M","M","R","B",null,"R","$","E","B",null],"character_chosen":"IRONCLAD","items_purchased":["Inflame","True Grit+1","Centennial Puzzle","Toy Ornithopter","Evolve","Bag of Preparation","AttackPotion"],"campfire_rested":2,"item_purchase_floors":[3,19,44,44,44,53,53],"current_hp_per_floor":[80,80,80,75,75,67,67,46,46,46,46,33,33,44,44,37,85,68,68,60,54,32,36,32,32,32,32,24,24,49,49,74,68,85,85,85,85,85,85,78,79,80,80,80,61,61,65,69,69,70,85,85,85,80,62],"gold":32,"neow_bonus":"ONE_RANDOM_RARE_CARD","is_prod":false,"is_daily":false,"chose_seed":false,"campfire_upgraded":6,"win_rate":0,"timestamp":1551111791,"path_taken":["M","M","$","M","?","E","R","E","T","$","R","M","?","M","R","BOSS","M","$","?","?","M","E","M","R","T","$","M","?","R","?","R","BOSS","M","?","?","?","M","E","M","?","T","$","E","R","M","M","R","BOSS","R","$","E","BOSS"],"build_version":"2019-01-23","purchased_purges":3,"victory":true,"max_hp_per_floor":[80,80,80,80,80,80,80,80,80,80,80,80,80,85,85,85,85,85,85,85,85,85,85,85,85,85,85,85,85,85,85,85,85,85,85,85,85,85,85,85,85,85,85,85,85,85,85,85,85,85,85,85,85,85,85],"card_choices":[{"not_picked":["Twin Strike","Wild Strike","Clash"],"picked":"SKIP","floor":1.0},{"not_picked":["Clothesline","Headbutt"],"picked":"Feel No Pain","floor":2.0},{"not_picked":["Wild Strike","Clash"],"picked":"Headbutt","floor":4.0},{"not_picked":["Second Wind","Flex"],"picked":"Barricade","floor":6.0},{"not_picked":["Clash","Sword Boomerang"],"picked":"Shrug It Off+1","floor":8.0},{"not_picked":["Bloodletting+1","Perfected Strike","Sword Boomerang"],"picked":"SKIP","floor":12.0},{"not_picked":["Warcry+1","Hemokinesis"],"picked":"Disarm+1","floor":14.0},{"not_picked":["Reaper","Fiend Fire"],"picked":"Offering+1","floor":16.0},{"not_picked":["Anger","Burning Pact+1"],"picked":"Pommel Strike","floor":18.0},{"not_picked":["True Grit+1","Burning Pact+1"],"picked":"Iron Wave+1","floor":20.0},{"not_picked":["Whirlwind","Anger"],"picked":"Intimidate+1","floor":22.0},{"not_picked":["Uppercut+1","Perfected Strike"],"picked":"Battle Trance+1","floor":23.0},{"not_picked":["Spot Weakness+1","Heavy Blade"],"picked":"Body Slam","floor":24.0},{"not_picked":["Thunderclap","Sword Boomerang","Uppercut+1"],"picked":"SKIP","floor":28.0},{"not_picked":["Feel No Pain+1","Iron Wave+1"],"picked":"Corruption","floor":35.0},{"not_picked":["Heavy Blade","Anger+1"],"picked":"Warcry+1","floor":39.0},{"not_picked":["Sword Boomerang+1","Clothesline"],"picked":"Disarm+1","floor":40.0},{"not_picked":["Fiend Fire","Reckless Charge+1"],"picked":"Whirlwind+1","floor":41.0},{"not_picked":["Disarm+1","Thunderclap"],"picked":"Flame Barrier+1","floor":42.0},{"not_picked":["Sword Boomerang+1","Carnage","Perfected Strike+1"],"picked":"SKIP","floor":45.0},{"not_picked":["Combust","Cleave"],"picked":"Pommel Strike+1","floor":47.0},{"not_picked":["Pommel Strike","Feed","Twin Strike"],"picked":"SKIP","floor":48.0},{"not_picked":["Sword Boomerang","Perfected Strike+1"],"picked":"Battle Trance+1","floor":54}],"player_experience":442082,"relics_obtained":[{"floor":6.0,"key":"Toxic Egg 2"},{"floor":8.0,"key":"Sundial"},{"floor":20.0,"key":"Red Mask"},{"floor":23.0,"key":"Gremlin Horn"},{"floor":26.0,"key":"Orichalcum"},{"floor":31.0,"key":"Vajra"},{"floor":38.0,"key":"Girya"},{"floor":40.0,"key":"Pen Nib"},{"floor":42.0,"key":"Turnip"},{"floor":43.0,"key":"Potion Belt"},{"floor":45.0,"key":"Mummified Hand"},{"floor":54,"key":"Blue Candle"}],"event_choices":[{"damage_healed":0.0,"max_hp_gain":0.0,"max_hp_loss":0.0,"gold_gain":0.0,"cards_transformed":["Strike_R"],"event_name":"Living Wall","player_choice":"Change","floor":5.0,"gold_loss":0.0,"damage_taken":0.0,"cards_obtained":["Juggernaut"]},{"damage_healed":0.0,"max_hp_gain":0.0,"max_hp_loss":0.0,"gold_gain":0.0,"event_name":"Liars Game","player_choice":"Ignored","floor":13.0,"gold_loss":0.0,"damage_taken":0.0},{"damage_healed":0.0,"max_hp_gain":0.0,"max_hp_loss":0.0,"gold_gain":0.0,"event_name":"Masked Bandits","player_choice":"Fought Bandits","floor":20.0,"gold_loss":0.0,"damage_taken":0.0},{"damage_healed":0.0,"max_hp_gain":0.0,"max_hp_loss":0.0,"gold_gain":0.0,"event_name":"Nest","player_choice":"Joined the Cult","floor":21.0,"gold_loss":0.0,"damage_taken":6.0,"cards_obtained":["RitualDagger"]},{"damage_healed":0.0,"max_hp_gain":0.0,"max_hp_loss":0.0,"gold_gain":0.0,"event_name":"Beggar","player_choice":"Ignored","floor":29.0,"gold_loss":0.0,"damage_taken":0.0},{"cards_removed":["Defend_R"],"damage_healed":0.0,"max_hp_gain":0.0,"max_hp_loss":0.0,"gold_gain":0.0,"event_name":"Falling","player_choice":"Removed Skill","floor":36.0,"gold_loss":0.0,"damage_taken":0.0},{"damage_healed":0.0,"max_hp_gain":0.0,"max_hp_loss":0.0,"gold_gain":222.0,"event_name":"Tomb of Lord Red Mask","player_choice":"Wore Mask","floor":37.0,"gold_loss":0.0,"damage_taken":0.0},{"damage_healed":0.0,"max_hp_gain":0.0,"max_hp_loss":0.0,"gold_gain":0.0,"event_name":"MindBloom","player_choice":"Fight","floor":42.0,"gold_loss":0.0,"damage_taken":0.0}],"is_beta":false,"boss_relics":[{"not_picked":["Ectoplasm","Lizard Tail"],"picked":"Black Blood"},{"not_picked":["Coffee Dripper","Empty Cage"],"picked":"Mark of Pain"}],"items_purged_floors":[10,19,27],"is_endless":false,"potions_floor_spawned":[2,4,12,20,22,33,40,41,42,45,54],"ascension_level":0}