{"gold_per_floor":[368,382,47,67,40,72,92,92,92,92,110,126,126,126,126,257,257,278,292,0,0,0],"floor_reached":22,"playtime":834,"items_purged":["Clumsy"],"score":251,"play_id":"e23dda75-2e32-45a6-917b-83434ab0b933","local_time":"20181016210220","is_ascension_mode":true,"campfire_choices":[{"data":"Zap","floor":8,"key":"SMITH"},{"data":"Redo","floor":10,"key":"SMITH"},{"floor":15,"key":"REST"}],"neow_cost":"CURSE","seed_source_timestamp":179457380226946,"circlet_count":0,"master_deck":["Strike_B","Strike_B","Strike_B","Strike_B","Defend_B","Defend_B","Defend_B","Defend_B","Zap+1","Dualcast","Hologram","Redo+1","Gash","Conserve Battery","Gash","Redo+1","Capacitor+1","Buffer","Melter","Coolheaded"],"relics":["Cracked Core","Shuriken","Blue Candle","Kunai","Golden Idol","Busted Crown","Nunchaku"],"potions_floor_usage":[12,16,16,22],"damage_taken":[{"damage":2,"enemies":"Jaw Worm","floor":1,"turns":3},{"damage":6,"enemies":"Small Slimes","floor":2,"turns":4},{"damage":6,"enemies":"2 Louse","floor":4,"turns":2},{"damage":22,"enemies":"Lagavulin","floor":6,"turns":8},{"damage":0,"enemies":"2 Fungi Beasts","floor":7,"turns":3},{"damage":11,"enemies":"Exordium Wildlife","floor":11,"turns":3},{"damage":0,"enemies":"Lots of Slimes","floor":12,"turns":1},{"damage":13,"enemies":"Slime Boss","floor":16,"turns":10},{"damage":11,"enemies":"3 Byrds","floor":18,"turns":5},{"damage":24,"enemies":"Shell Parasite","floor":19,"turns":5},{"damage":24,"enemies":"Colosseum Slavers","floor":22,"turns":2}],"seed_played":"-51093351938258269","potions_obtained":[{"floor":1,"key":"PowerPotion"},{"floor":4,"key":"Fire Potion"},{"floor":7,"key":"Block Potion"},{"floor":18,"key":"Strength Potion"}],"is_trial":false,"path_per_floor":["M","M","$","M","$","E","M","R","T","R","M","M","?","?","R","B",null,"M","M","$","$"],"character_chosen":"DEFECT","items_purchased":["Shuriken","Conserve Battery","Nunchaku"],"campfire_rested":1,"item_purchase_floors":[3,5,20],"current_hp_per_floor":[66,60,60,54,54,32,32,32,32,32,21,21,6,6,26,13,55,44,20,20,20,0],"gold":0,"neow_bonus":"TWO_FIFTY_GOLD","is_prod":false,"is_daily":false,"chose_seed":false,"campfire_upgraded":2,"win_rate":0,"timestamp":1539748940,"path_taken":["M","M","$","M","$","E","M","R","T","R","M","M","?","?","R","BOSS","M","M","?","$","?"],"build_version":"2018-10-11","purchased_purges":1,"victory":false,"max_hp_per_floor":[75,75,75,75,75,75,75,75,75,75,75,75,75,69,69,69,69,69,69,69,69,69],"card_choices":[{"not_picked":["Redo","Beam Cell"],"picked":"Hologram","floor":1},{"not_picked":["Aggregate","Reinforced Body"],"picked":"Redo","floor":2},{"not_picked":["Steam Power","Redo"],"picked":"Gash","floor":4},{"not_picked":["Blizzard","Streamline"],"picked":"Gash","floor":6},{"not_picked":["Undo","Rebound"],"picked":"Redo","floor":7},{"not_picked":["Blizzard","Streamline","Stack"],"picked":"SKIP","floor":11},{"not_picked":["Coolheaded","Storm"],"picked":"Capacitor","floor":12},{"not_picked":["Thunder Strike","Amplify"],"picked":"Buffer","floor":16},{"not_picked":[],"picked":"Melter","floor":18},{"not_picked":[],"picked":"Coolheaded","floor":19}],"player_experience":276541,"relics_obtained":[{"floor":6,"key":"Blue Candle"},{"floor":9,"key":"Kunai"}],"event_choices":[{"event_name":"Shining Light","player_choice":"Entered Light","floor":13,"damage_taken":0},{"event_name":"Golden Idol","player_choice":"Lose Max HP","floor":14,"damage_taken":0},{"event_name":"Colosseum","player_choice":"Fight","floor":22,"damage_taken":0}],"is_beta":false,"boss_relics":[{"not_picked":["Orrery","Ectoplasm"],"picked":"Busted Crown"}],"items_purged_floors":[3],"is_endless":false,"potions_floor_spawned":[1,4,7,11,18],"killed_by":"Colosseum Slavers","ascension_level":7}