{"gold_per_floor":[113,13,33,33,108,142,142,168,168,168,187,187,200,215,215,319,319,338,263,11,27,39,39,49,49,121,131,131,143,155,155,155,155],"floor_reached":33,"playtime":1567,"items_purged":["Defend_B","Defend_B"],"score":324,"play_id":"fe0ce869-f480-4e0c-9493-4615f8306439","local_time":"20180916133631","is_ascension_mode":true,"campfire_choices":[{"floor":7,"key":"REST"},{"data":"Hologram","floor":10,"key":"SMITH"},{"data":"Conserve Battery","floor":12,"key":"SMITH"},{"data":"Double Energy","floor":15,"key":"SMITH"},{"data":"Biased Cognition","floor":23,"key":"SMITH"},{"data":"Darkness","floor":25,"key":"SMITH"},{"data":"Coolheaded","floor":28,"key":"SMITH"},{"data":"Redo","floor":32,"key":"SMITH"}],"neow_cost":"NONE","seed_source_timestamp":155225184681025,"circlet_count":0,"master_deck":["Strike_B","Strike_B","Defend_B","Defend_B","Zap","Dualcast","Coolheaded+1","Gash","Rebound","Self Repair","Hologram+1","Conserve Battery+1","Core Surge","Double Energy+1","Biased Cognition+1","Streamline+1","Electrodynamics","Sunder+1","Heatsinks+1","Darkness+1","Chaos+1","Redo+1","Melter+1","Multi-Cast","Redo+1"],"relics":["Cracked Core","Ice Cream","StoneCalendar","Pantograph","White Beast Statue","Shuriken"],"potions_floor_usage":[6,14,21,21,24,27,29,29,33,33],"damage_taken":[{"damage":2,"enemies":"Jaw Worm","floor":1,"turns":3},{"damage":0,"enemies":"2 Louse","floor":3,"turns":2},{"damage":35,"enemies":"3 Sentries","floor":6,"turns":7},{"damage":14,"enemies":"Lagavulin","floor":8,"turns":7},{"damage":0,"enemies":"Cultist","floor":11,"turns":3},{"damage":1,"enemies":"Blue Slaver","floor":13,"turns":3},{"damage":5,"enemies":"Gremlin Gang","floor":14,"turns":3},{"damage":29,"enemies":"The Guardian","floor":16,"turns":11},{"damage":24,"enemies":"2 Thieves","floor":18,"turns":4},{"damage":9,"enemies":"Shell Parasite","floor":21,"turns":4},{"damage":30,"enemies":"Shelled Parasite and Fungi","floor":22,"turns":5},{"damage":0,"enemies":"3 Cultists","floor":24,"turns":4},{"damage":0,"enemies":"Sentry and Sphere","floor":27,"turns":3},{"damage":4,"enemies":"Centurion and Healer","floor":29,"turns":5},{"damage":12,"enemies":"3 Cultists","floor":30,"turns":4},{"damage":74,"enemies":"Champ","floor":33,"turns":9}],"seed_played":"5481262946839998500","potions_obtained":[{"floor":1,"key":"AttackPotion"},{"floor":6,"key":"SteroidPotion"},{"floor":11,"key":"SpeedPotion"},{"floor":16,"key":"LiquidBronze"},{"floor":18,"key":"Fire Potion"},{"floor":21,"key":"AttackPotion"},{"floor":22,"key":"Dexterity Potion"},{"floor":24,"key":"Explosive Potion"},{"floor":27,"key":"Explosive Potion"},{"floor":29,"key":"Swift Potion"},{"floor":30,"key":"AttackPotion"}],"is_trial":false,"path_per_floor":["M","$","M","$","?","E","R","E","T","R","M","R","M","M","R","B",null,"M","?","$","M","M","R","M","R","T","M","R","M","M","?","R"],"character_chosen":"DEFECT","items_purchased":["Gash","Electrodynamics"],"campfire_rested":1,"item_purchase_floors":[2,20],"current_hp_per_floor":[73,73,73,73,62,27,49,42,42,42,49,49,55,50,50,53,70,53,53,53,51,28,28,35,35,35,42,42,45,40,40,40,0],"gold":155,"neow_bonus":"REMOVE_CARD","is_prod":false,"is_daily":false,"chose_seed":false,"campfire_upgraded":7,"win_rate":0,"timestamp":1537119391,"path_taken":["M","$","M","$","?","E","R","E","T","R","M","R","M","M","R","BOSS","M","?","$","M","M","R","M","R","T","?","R","M","M","?","R","BOSS"],"build_version":"2018-09-06","purchased_purges":2,"victory":false,"max_hp_per_floor":[75,75,75,75,75,75,75,75,75,75,75,75,75,75,75,75,75,75,75,75,75,75,75,75,75,75,75,75,75,75,75,75,75],"card_choices":[{"not_picked":["Reinforced Body","Leap"],"picked":"Coolheaded","floor":1},{"not_picked":["Sunder","Sweeping Beam"],"picked":"Rebound","floor":3},{"not_picked":["Cold Snap","Redo"],"picked":"Self Repair","floor":6},{"not_picked":["Leap","Compile Driver"],"picked":"Hologram","floor":8},{"not_picked":["Steam Power","Compile Driver"],"picked":"Conserve Battery","floor":11},{"not_picked":["Coolheaded","Scrape"],"picked":"Core Surge","floor":13},{"not_picked":["Steam","Leap"],"picked":"Double Energy","floor":14},{"not_picked":["Buffer","Creative AI"],"picked":"Biased Cognition","floor":16},{"not_picked":["Leap","Conserve Battery"],"picked":"Streamline+1","floor":18},{"not_picked":["Sweeping Beam","Steam"],"picked":"Sunder+1","floor":21},{"not_picked":["Streamline","Skim"],"picked":"Heatsinks+1","floor":22},{"not_picked":["Steam+1","Go for the Eyes"],"picked":"Darkness","floor":24},{"not_picked":["Ball Lightning","Beam Cell+1"],"picked":"Chaos+1","floor":27},{"not_picked":["Compile Driver","Leap"],"picked":"Redo+1","floor":29},{"not_picked":["Steam Power","Stack"],"picked":"Melter+1","floor":30}],"player_experience":192034,"relics_obtained":[{"floor":6,"key":"Ice Cream"},{"floor":8,"key":"StoneCalendar"},{"floor":9,"key":"Pantograph"},{"floor":26,"key":"Shuriken"}],"event_choices":[{"event_name":"World of Goop","player_choice":"Gather Gold","floor":5,"damage_taken":0},{"event_name":"Beggar","player_choice":"Gave Gold","floor":19,"damage_taken":0},{"event_name":"Match and Keep!","player_choice":"2 cards matched","floor":31,"damage_taken":0}],"is_beta":false,"boss_relics":[{"not_picked":["Busted Crown","Black Star"],"picked":"White Beast Statue"}],"items_purged_floors":[2,20],"is_endless":false,"potions_floor_spawned":[1,6,11,16,18,21,22,24,27,29,30],"killed_by":"Champ","ascension_level":5}