{"path_per_floor":["M","M","?","?","M","R","?","R","T","R","M","M","T","?","R","B",null,"M","M"],"character_chosen":"DEFECT","items_purchased":[],"gold_per_floor":[112,128,128,128,147,147,147,147,147,147,164,181,205,205,205,335,335,354,368,368],"floor_reached":20,"campfire_rested":1,"playtime":876,"current_hp_per_floor":[72,63,48,53,50,50,50,50,50,50,50,45,45,45,74,15,74,54,19,0],"items_purged":[],"gold":368,"score":164,"play_id":"599f0abc-d6f3-4b66-a703-5891edb194b1","local_time":"20180427182653","is_prod":false,"is_daily":false,"chose_seed":false,"is_ascension_mode":false,"campfire_upgraded":3,"timestamp":1524817613,"path_taken":["M","M","?","?","M","R","?","R","T","R","M","?","?","?","R","BOSS","M","M","M"],"build_version":"2018-04-26v2","seed_source_timestamp":244463180853112,"purchased_purges":0,"victory":false,"master_deck":["Strike_B","Strike_B","Strike_B","Strike_B+1","Defend_B","Defend_B+1","Defend_B","Defend_B","Zap+1","Dualcast","Axe Kick","Impulse+1","Gash+1","Capacitor","Double Energy","Rainbow","Chill+1","Axe Kick+1"],"max_hp_per_floor":[75,75,75,80,80,80,80,80,80,80,80,80,80,74,74,74,74,74,74,74],"relics":["Cracked Core","Matryoshka","Lantern","Regal Pillow","Golden Idol","Inserter"],"card_choices":[{"not_picked":["Rip and Tear","Skim"],"picked":"Axe Kick","floor":1},{"not_picked":["Melter","Allocate"],"picked":"Impulse","floor":2},{"not_picked":["Darkness","Barrage"],"picked":"Gash","floor":5},{"not_picked":["Go for the Eyes","Hello World"],"picked":"Capacitor","floor":11},{"not_picked":["Reinforced Body","Storm"],"picked":"Double Energy","floor":12},{"not_picked":["Prime","Biased Cognition"],"picked":"Rainbow","floor":16},{"not_picked":["Gash","Coolheaded"],"picked":"Chill","floor":18},{"not_picked":["Cold Snap","Impulse"],"picked":"Axe Kick","floor":19}],"player_experience":139931,"potions_floor_usage":[11,16,16,16,19],"damage_taken":[{"damage":3,"enemies":"2 Louse","floor":1,"turns":2},{"damage":9,"enemies":"Small Slimes","floor":2,"turns":3},{"damage":3,"enemies":"Jaw Worm","floor":5,"turns":3},{"damage":0,"enemies":"3 Louse","floor":11,"turns":1},{"damage":5,"enemies":"Looter","floor":12,"turns":3},{"damage":74,"enemies":"Hexaghost","floor":16,"turns":12},{"damage":20,"enemies":"Chosen","floor":18,"turns":6},{"damage":35,"enemies":"Spheric Guardian","floor":19,"turns":6},{"damage":20,"enemies":"Snake Plant","floor":20,"turns":2}],"event_choices":[{"event_name":"Shining Light","player_choice":"Entered Light","floor":3,"damage_taken":0},{"event_name":"Big Fish","player_choice":"Donut","floor":4,"damage_taken":0},{"event_name":"The Lab","player_choice":"Got Potions","floor":7,"damage_taken":0},{"event_name":"Golden Idol","player_choice":"Lose Max HP","floor":14,"damage_taken":0}],"boss_relics":[{"not_picked":["Ectoplasm","Snecko Eye"],"picked":"Inserter"}],"potions_floor_spawned":[1,11,18,19],"seed_played":"-2673320050985382931","killed_by":"Snake Plant","ascension_level":0,"is_trial":false}