{"gold_per_floor":[119,119,119,132,147,147,177,187,187,67,94,124,124,124,124,222,222,236,236,252,268,183,212,19,19,99,129,129,129,139,139,139,139],"floor_reached":33,"playtime":1259,"items_purged":["Strike_R","Strike_R"],"score":422,"play_id":"9d29c204-c283-4c90-921a-461f322ba2e7","local_time":"20190203043222","is_ascension_mode":true,"campfire_choices":[{"data":"Shrug It Off","floor":6.0,"key":"SMITH"},{"data":"Armaments","floor":13.0,"key":"SMITH"},{"data":"Seeing Red","floor":15.0,"key":"SMITH"},{"data":"Barricade","floor":25.0,"key":"SMITH"},{"data":"Offering","floor":29.0,"key":"SMITH"},{"data":"Shrug It Off","floor":32.0,"key":"SMITH"}],"neow_cost":"NONE","seed_source_timestamp":0,"circlet_count":0,"master_deck":["Strike_R","Strike_R","Defend_R","Defend_R","Defend_R+1","Bash","Ghostly Armor","Bludgeon+1","Shrug It Off+1","Seeing Red+1","Shrug It Off+1","Armaments+1","Thunderclap","Barricade+1","Corruption","Twin Strike+1","Dropkick+1","Clash+1","Perfected Strike","Offering+1","Twin Strike+1","Decay"],"special_seed":0,"relics":["Burning Blood","Happy Flower","Darkstone Periapt","Bottled Flame","Ginger","Smiling Mask","Coffee Dripper","Boot","Art of War","Lantern","Dodecahedron","Mummified Hand"],"potions_floor_usage":[33],"damage_taken":[{"damage":5.0,"enemies":"Small Slimes","floor":1.0,"turns":4.0},{"damage":1.0,"enemies":"Cultist","floor":4.0,"turns":4.0},{"damage":2.0,"enemies":"2 Louse","floor":5.0,"turns":3.0},{"damage":16.0,"enemies":"Gremlin Nob","floor":7.0,"turns":3.0},{"damage":0.0,"enemies":"Blue Slaver","floor":8.0,"turns":1.0},{"damage":26.0,"enemies":"Lagavulin","floor":11.0,"turns":7.0},{"damage":22.0,"enemies":"The Guardian","floor":16.0,"turns":12.0},{"damage":14.0,"enemies":"2 Thieves","floor":18.0,"turns":5.0},{"damage":14.0,"enemies":"Shell Parasite","floor":20.0,"turns":6.0},{"damage":4.0,"enemies":"Snecko","floor":21.0,"turns":5.0},{"damage":21.0,"enemies":"Slavers","floor":23.0,"turns":7.0},{"damage":28.0,"enemies":"Book of Stabbing","floor":27.0,"turns":4.0},{"damage":19.0,"enemies":"Snake Plant","floor":30.0,"turns":4.0},{"damage":38,"enemies":"Champ","floor":33,"turns":8}],"seed_played":"7484186302694565067","potions_obtained":[{"floor":3.0,"key":"Regen Potion"},{"floor":3.0,"key":"SmokeBomb"},{"floor":3.0,"key":"Block Potion"},{"floor":4.0,"key":"AttackPotion"},{"floor":5.0,"key":"Strength Potion"},{"floor":11.0,"key":"Poison Potion"},{"floor":18.0,"key":"Poison Potion"},{"floor":21.0,"key":"Dexterity Potion"}],"is_trial":false,"path_per_floor":["M","?","?","M","M","R","E","M","T","$","E","?","R","?","R","B",null,"M","?","M","M","?","E","$","R","T","E","?","R","M","?","R","B"],"character_chosen":"IRONCLAD","items_purchased":["Armaments","Lantern"],"campfire_rested":0,"item_purchase_floors":[10,24],"current_hp_per_floor":[73,70,70,75,79,79,69,75,75,75,55,55,55,39,39,23,66,58,58,50,52,52,37,37,37,37,27,27,27,14,20,20,0],"gold":139,"neow_bonus":"RANDOM_COMMON_RELIC","is_prod":false,"is_daily":false,"chose_seed":false,"campfire_upgraded":6,"win_rate":0,"timestamp":1549186342,"path_taken":["M","?","?","M","M","R","E","?","T","$","E","?","R","?","R","BOSS","BOSS","M","?","M","?","?","E","$","R","T","E","?","R","M","?","R","BOSS"],"build_version":"2019-01-23","purchased_purges":2,"victory":false,"max_hp_per_floor":[80,80,80,80,80,80,80,80,80,80,80,80,80,80,80,80,80,80,80,80,80,80,80,80,80,80,80,80,80,80,86,86,86],"card_choices":[{"not_picked":["True Grit","Warcry"],"picked":"Ghostly Armor","floor":1.0},{"not_picked":["Infernal Blade","Pommel Strike"],"picked":"Bludgeon","floor":4.0},{"not_picked":["Armaments","Rage"],"picked":"Shrug It Off","floor":5.0},{"not_picked":["Pummel","Inflame"],"picked":"Seeing Red","floor":7.0},{"not_picked":["Havoc","Exhume"],"picked":"Shrug It Off","floor":8.0},{"not_picked":["Carnage","Intimidate"],"picked":"Thunderclap","floor":11.0},{"not_picked":["Demon Form","Limit Break"],"picked":"Barricade","floor":16.0},{"not_picked":["Flex","Clothesline","Reckless Charge"],"picked":"SKIP","floor":18.0},{"not_picked":["Rupture","Sword Boomerang"],"picked":"Twin Strike+1","floor":20.0},{"not_picked":["Disarm","Thunderclap"],"picked":"Dropkick+1","floor":21.0},{"not_picked":["Rage","Wild Strike+1"],"picked":"Clash+1","floor":23.0},{"not_picked":["Corruption","Heavy Blade","Anger"],"picked":"SKIP","floor":27.0},{"not_picked":["Armaments","Headbutt"],"picked":"Twin Strike+1","floor":30.0}],"player_experience":316349,"relics_obtained":[{"floor":7.0,"key":"Bottled Flame"},{"floor":11.0,"key":"Ginger"},{"floor":23.0,"key":"Art of War"},{"floor":26.0,"key":"Dodecahedron"},{"floor":27.0,"key":"Mummified Hand"}],"event_choices":[{"damage_healed":0.0,"max_hp_gain":0.0,"max_hp_loss":0.0,"gold_gain":0.0,"event_name":"Scrap Ooze","player_choice":"Success","floor":2.0,"gold_loss":0.0,"damage_taken":3.0,"relics_obtained":["Darkstone Periapt"]},{"damage_healed":0.0,"max_hp_gain":0.0,"max_hp_loss":0.0,"gold_gain":0.0,"event_name":"Lab","player_choice":"Got Potions","floor":3.0,"gold_loss":0.0,"damage_taken":0.0},{"damage_healed":0.0,"max_hp_gain":0.0,"max_hp_loss":0.0,"gold_gain":30.0,"event_name":"Dead Adventurer","player_choice":"Searched \u00273\u0027 times","floor":12.0,"gold_loss":0.0,"damage_taken":0.0,"relics_obtained":["Smiling Mask"]},{"damage_healed":0.0,"max_hp_gain":0.0,"max_hp_loss":0.0,"gold_gain":0.0,"event_name":"Shining Light","player_choice":"Entered Light","floor":14.0,"gold_loss":0.0,"damage_taken":16.0,"cards_upgraded":["Defend_R","Bludgeon"]},{"damage_healed":0.0,"max_hp_gain":0.0,"max_hp_loss":0.0,"gold_gain":0.0,"event_name":"Match and Keep!","player_choice":"1 cards matched","floor":19.0,"gold_loss":0.0,"damage_taken":0.0,"cards_obtained":["Corruption"]},{"damage_healed":0.0,"max_hp_gain":0.0,"max_hp_loss":0.0,"gold_gain":0.0,"event_name":"Addict","player_choice":"Obtained Relic","floor":22.0,"gold_loss":85.0,"damage_taken":0.0,"relics_obtained":["Boot"]},{"damage_healed":0.0,"max_hp_gain":0.0,"max_hp_loss":0.0,"gold_gain":0.0,"cards_transformed":["Strike_R","Defend_R"],"event_name":"Drug Dealer","player_choice":"Became Test Subject","floor":28.0,"gold_loss":0.0,"damage_taken":0.0,"cards_obtained":["Perfected Strike","Offering"]},{"damage_healed":0.0,"max_hp_gain":0.0,"max_hp_loss":0.0,"gold_gain":0.0,"event_name":"Forgotten Altar","player_choice":"Smashed Altar","floor":31.0,"gold_loss":0.0,"damage_taken":0.0,"cards_obtained":["Decay"]}],"is_beta":false,"boss_relics":[{"not_picked":["Runic Dome","Eternal Feather"],"picked":"Coffee Dripper"}],"items_purged_floors":[10,24],"is_endless":false,"potions_floor_spawned":[4,5,11,18,21],"killed_by":"Champ","ascension_level":9}