{"gold_per_floor":[110,31,31,181,198,224,224,255,290,302,348,21,21,40,40,111,111,121,121,56,68,68,68,68,87,87,87],"floor_reached":27,"playtime":2320,"items_purged":["Doubt"],"score":544,"play_id":"640572c5-0608-466e-94c8-37b43009b83c","local_time":"20190218023104","is_ascension_mode":true,"campfire_choices":[{"floor":7.0,"key":"REST"},{"floor":13.0,"key":"REST"},{"data":"Dualcast","floor":15.0,"key":"SMITH"},{"floor":24,"key":"REST"}],"neow_cost":"NONE","seed_source_timestamp":0,"circlet_count":0,"master_deck":["AscendersBane","Strike_B","Strike_B","Strike_B","Defend_B","Defend_B","Defend_B","Defend_B","Zap+1","Dualcast+1","Compile Driver","Self Repair","Go for the Eyes","Compile Driver","Cold Snap","FTL","Recycle","Steam","Coolheaded","Scrape","BootSequence","Electrodynamics","Sweeping Beam","Consume","Compile Driver+1","Leap+1","Creative AI"],"special_seed":0,"relics":["Cracked Core","Strawberry","Dream Catcher","Happy Flower","The Courier","Darkstone Periapt","Tiny Chest","Inserter","Nloth\u0027s Gift","Toxic Egg 2"],"potions_floor_usage":[27,27],"damage_taken":[{"damage":1.0,"enemies":"Cultist","floor":1.0,"turns":3.0},{"damage":1.0,"enemies":"2 Louse","floor":5.0,"turns":3.0},{"damage":43.0,"enemies":"Lagavulin","floor":6.0,"turns":8.0},{"damage":42.0,"enemies":"3 Sentries","floor":8.0,"turns":7.0},{"damage":0.0,"enemies":"Gremlin Nob","floor":11.0,"turns":2.0},{"damage":0.0,"enemies":"Jaw Worm","floor":14.0,"turns":3.0},{"damage":34.0,"enemies":"The Guardian","floor":16.0,"turns":13.0},{"damage":20.0,"enemies":"Spheric Guardian","floor":18.0,"turns":4.0},{"damage":10.0,"enemies":"2 Thieves","floor":21.0,"turns":4.0},{"damage":37.0,"enemies":"Book of Stabbing","floor":23.0,"turns":5.0},{"damage":19,"enemies":"Centurion and Healer","floor":25,"turns":8},{"damage":18,"enemies":"Snake Plant","floor":27,"turns":3}],"seed_played":"-4829247396892521597","potions_obtained":[{"floor":6.0,"key":"AttackPotion"},{"floor":8.0,"key":"SmokeBomb"},{"floor":16.0,"key":"SpeedPotion"},{"floor":25,"key":"LiquidBronze"}],"is_trial":false,"path_per_floor":["M","$","?","?","M","E","R","E","T","T","E","$","R","M","R","B",null,"M","?","$","M","?","E","R","M","T","M"],"character_chosen":"DEFECT","items_purchased":["Self Repair","Steam","Coolheaded","Tiny Chest","Scrape","BootSequence","Consume"],"campfire_rested":3,"item_purchase_floors":[2,12,12,12,12,12,20],"current_hp_per_floor":[70,70,70,70,76,40,63,28,28,28,28,28,51,51,51,24,65,52,52,52,42,42,5,28,16,16,0],"gold":87,"neow_bonus":"RANDOM_COMMON_RELIC","is_prod":false,"is_daily":false,"chose_seed":false,"campfire_upgraded":1,"win_rate":0,"timestamp":1550453464,"path_taken":["M","$","?","?","M","E","R","E","T","?","E","?","R","?","R","BOSS","M","?","$","?","?","E","R","M","T","?"],"build_version":"2019-02-06","purchased_purges":1,"victory":false,"max_hp_per_floor":[78,78,78,78,78,78,78,78,78,78,78,78,78,78,78,78,78,78,78,78,78,78,78,78,78,78,78],"card_choices":[{"not_picked":["Leap","Scrape"],"picked":"Compile Driver","floor":1.0},{"not_picked":["Coolheaded","Redo"],"picked":"Go for the Eyes","floor":5.0},{"not_picked":["Barrage","Fusion"],"picked":"Compile Driver","floor":6.0},{"not_picked":["Reinforced Body","Beam Cell"],"picked":"Cold Snap","floor":7.0},{"not_picked":["Leap","Blizzard"],"picked":"FTL","floor":8.0},{"not_picked":["Stack","Amplify"],"picked":"Recycle","floor":11.0},{"not_picked":["Cold Snap","Sweeping Beam","Ball Lightning"],"picked":"SKIP","floor":14.0},{"not_picked":["Fission","Buffer"],"picked":"Electrodynamics","floor":16.0},{"not_picked":["Turbo","Static Discharge"],"picked":"Sweeping Beam","floor":18.0},{"not_picked":["Genetic Algorithm","Sweeping Beam"],"picked":"Compile Driver+1","floor":21.0},{"not_picked":["Gash+1","Loop"],"picked":"Leap+1","floor":24},{"not_picked":["Stack","Amplify"],"picked":"Creative AI","floor":25}],"player_experience":1215328,"relics_obtained":[{"floor":6.0,"key":"Dream Catcher"},{"floor":8.0,"key":"MawBank"},{"floor":9.0,"key":"Happy Flower"},{"floor":10.0,"key":"The Courier"},{"floor":11.0,"key":"Darkstone Periapt"},{"floor":26,"key":"Toxic Egg 2"}],"event_choices":[{"damage_healed":0.0,"max_hp_gain":0.0,"max_hp_loss":0.0,"gold_gain":0.0,"event_name":"Living Wall","player_choice":"Grow","floor":3.0,"gold_loss":0.0,"damage_taken":0.0,"cards_upgraded":["Zap"]},{"damage_healed":0.0,"max_hp_gain":0.0,"max_hp_loss":0.0,"gold_gain":150.0,"event_name":"Liars Game","player_choice":"AGREE","floor":4.0,"gold_loss":0.0,"damage_taken":0.0,"cards_obtained":["Doubt"]},{"cards_removed":["Strike_B"],"damage_healed":0.0,"max_hp_gain":0.0,"max_hp_loss":0.0,"gold_gain":0.0,"event_name":"Purifier","player_choice":"Purged","floor":19.0,"gold_loss":0.0,"damage_taken":0.0},{"damage_healed":0.0,"max_hp_gain":0.0,"max_hp_loss":0.0,"gold_gain":0.0,"event_name":"N\u0027loth","player_choice":"Traded Relic","floor":22.0,"relics_lost":["MawBank"],"gold_loss":0.0,"damage_taken":0.0,"relics_obtained":["Nloth\u0027s Gift"]}],"is_beta":true,"boss_relics":[{"not_picked":["Velvet Choker","Runic Pyramid"],"picked":"Inserter"}],"items_purged_floors":[12],"is_endless":false,"potions_floor_spawned":[6,8,16,23,25],"killed_by":"Snake Plant","ascension_level":20}