{"path_per_floor":["M","M","?","?","$","E","R","E","T","R","M","M","R","M","R","B",null,"M","?","$","?","M","R","E","?","T","R","M","R","M","?","R","B",null,"M","?","$","M","M","E","R","M","T","M","M","$","M","M","R","B"],"character_chosen":"IRONCLAD","items_purchased":["Heavy Blade","Flex","Heavy Blade","Pommel Strike","Finesse","Sword Boomerang"],"gold_per_floor":[115,127,127,202,23,58,58,93,93,93,109,129,129,144,144,245,245,264,264,5,5,22,22,55,55,82,82,93,93,112,112,112,209,209,225,225,51,65,77,103,103,123,168,184,204,54,69,82,82,82],"floor_reached":51,"campfire_rested":5,"playtime":3714,"current_hp_per_floor":[76,76,69,58,58,52,76,51,51,51,56,62,62,68,68,42,80,72,57,57,57,49,49,30,30,30,30,26,51,44,28,53,8,85,84,84,84,85,69,53,78,62,62,68,56,56,40,46,85,28],"items_purged":["Strike_R","Strike_R","Defend_R","Defend_R"],"gold":82,"play_id":"17dd3d83-3297-41c0-859a-bd8d2f57b04d","is_prod":false,"is_daily":false,"campfire_rituals":0,"campfire_upgraded":5,"is_hardmode":false,"path_taken":["M","M","?","?","$","E","R","E","T","R","M","?","R","M","R","BOSS","M","?","$","?","M","R","E","?","T","R","M","R","M","?","R","BOSS","M","?","$","M","M","E","R","M","T","M","M","$","M","?","R","BOSS"],"build_version":"2017-12-21-PROD1","purchased_purges":4,"victory":true,"master_deck":["Strike_R","Strike_R","Strike_R","Defend_R","Defend_R","Bash","Evolve","Metallicize","Heavy Blade","Flex","Thunderclap","Metallicize","Battle Trance","Flame Barrier","Wild Strike","Juggernaut","Shrug It Off","Heavy Blade","Pommel Strike","Finesse","Shrug It Off","Pommel Strike","Whirlwind","Dropkick","Double Tap","Dual Wield","Sword Boomerang","Seeing Red","Clothesline","Shrug It Off","Seeing Red","Rampage","Flex","Shrug It Off","Feed"],"max_hp_per_floor":[80,80,80,80,80,80,80,80,80,80,80,80,80,80,80,80,80,80,85,85,85,85,85,85,85,85,85,85,85,85,85,85,85,85,85,85,85,85,85,85,85,85,85,85,85,85,85,85,85,85],"relics":["Burning Blood","Vajra","Lantern","Paper Frog","Bag of Preparation","Red Skull","Sozu","Happy Flower","Pen Nib","Nilry\u0027s Codex","Mark of Pain","Centennial Puzzle","Regal Pillow"],"campfire_meditates":0,"card_choices":[{"not_picked":["Thunderclap","Warcry"],"picked":"Evolve"},{"not_picked":["Armaments","Feel No Pain"],"picked":"Metallicize"},{"not_picked":["Immolate","Second Wind"],"picked":"Thunderclap"},{"not_picked":["Pommel Strike","Headbutt"],"picked":"Metallicize"},{"not_picked":["True Grit","Rupture"],"picked":"Battle Trance"},{"not_picked":["Body Slam","Sword Boomerang"],"picked":"Flame Barrier"},{"not_picked":["Clothesline","Dual Wield"],"picked":"Wild Strike"},{"not_picked":["Dark Embrace","Impervious"],"picked":"Juggernaut"},{"not_picked":["Twin Strike","Flex"],"picked":"Shrug It Off"},{"not_picked":["Searing Blow","Reckless Charge"],"picked":"Shrug It Off"},{"not_picked":["Second Wind","Iron Wave"],"picked":"Pommel Strike"},{"not_picked":["Iron Wave","Sword Boomerang"],"picked":"Whirlwind"},{"not_picked":["Pummel","Clothesline"],"picked":"Dropkick"},{"not_picked":["Dark Embrace","Immolate"],"picked":"Double Tap"},{"not_picked":["Flex","Burning Pact"],"picked":"Dual Wield"},{"not_picked":["Thunderclap","Whirlwind"],"picked":"Seeing Red"},{"not_picked":["Perfected Strike","Body Slam"],"picked":"Clothesline"},{"not_picked":["Second Wind","Rupture"],"picked":"Shrug It Off"},{"not_picked":["Searing Blow","Flex"],"picked":"Seeing Red"},{"not_picked":["Rage","Clash"],"picked":"Rampage"},{"not_picked":["Warcry","Uppercut"],"picked":"Flex"},{"not_picked":["Warcry","Heavy Blade"],"picked":"Shrug It Off"},{"not_picked":["Twin Strike","Shrug It Off"],"picked":"Feed"}],"player_experience":58109,"potions_floor_usage":[],"damage_taken":[{"damage":10,"enemies":"Looter","floor":1,"turns":4},{"damage":6,"enemies":"Cultist","floor":2,"turns":3},{"damage":12,"enemies":"Gremlin Nob","floor":6,"turns":4},{"damage":31,"enemies":"Lagavulin","floor":8,"turns":5},{"damage":1,"enemies":"Jaw Worm","floor":11,"turns":3},{"damage":0,"enemies":"3 Louse","floor":12,"turns":1},{"damage":0,"enemies":"Large Slime","floor":14,"turns":4},{"damage":32,"enemies":"Hexaghost","floor":16,"turns":6},{"damage":14,"enemies":"Chosen","floor":18,"turns":4},{"damage":14,"enemies":"Spheric Guardian","floor":22,"turns":4},{"damage":25,"enemies":"Slavers","floor":24,"turns":5},{"damage":10,"enemies":"Snake Plant","floor":28,"turns":2},{"damage":13,"enemies":"Chosen and Byrds","floor":30,"turns":4},{"damage":51,"enemies":"Automaton","floor":33,"turns":7},{"damage":7,"enemies":"Orb Walker","floor":35,"turns":3},{"damage":0,"enemies":"3 Darklings","floor":38,"turns":1},{"damage":22,"enemies":"Maw","floor":39,"turns":5},{"damage":22,"enemies":"Nemesis","floor":40,"turns":4},{"damage":22,"enemies":"Sphere and 2 Shapes","floor":42,"turns":5},{"damage":0,"enemies":"3 Darklings","floor":44,"turns":1},{"damage":18,"enemies":"4 Shapes","floor":45,"turns":4},{"damage":22,"enemies":"Maw","floor":47,"turns":4},{"damage":0,"enemies":"3 Darklings","floor":48,"turns":1},{"damage":63,"enemies":"Awakened One","floor":50,"turns":9}],"event_choices":[{"event_name":"Scrap Ooze","player_choice":"success","floor":3,"damage_taken":7},{"event_name":"World of Goop","player_choice":"Gather Gold","floor":4,"damage_taken":0},{"event_name":"Forgotten Altar","player_choice":"Shed Blood","floor":19,"damage_taken":0},{"event_name":"Beggar","player_choice":"Ignored","floor":21,"damage_taken":0},{"event_name":"Addict","player_choice":"Ignored","floor":25,"damage_taken":0},{"event_name":"Cursed Tome","player_choice":"Obtained Book","floor":31,"damage_taken":0},{"event_name":"The Lab","player_choice":"Got Potions","floor":36,"damage_taken":0}],"boss_relics":[{"not_picked":["Lizard Tail","Eternal Feather"],"picked":"Sozu"},{"not_picked":["Runic Pyramid","Black Blood"],"picked":"Mark of Pain"}],"potions_floor_spawned":[1,8,14,16,22,30,33,39,44,48],"seed_played":"-4114681106256138367","is_trial":false}