{"gold_per_floor":[111,134,134,134,147,173,191,191,191,245,262,281,297,312,312,411,411,422,422,46,146,146,146,172,172,199,199,199,199,99,118,118,214,214,230,248,123,141,141,171,171,202,202,202,202,202,220,75,75,75,75,75,75,104,104],"floor_reached":55,"playtime":2924,"items_purged":["Strike_R","Strike_R+1","Strike_R+1"],"score":746,"play_id":"887def9c-dc86-4ec1-8d04-76ffab3b4f77","local_time":"20190101115828","is_ascension_mode":false,"campfire_choices":[{"data":"Body Slam","floor":8.0,"key":"SMITH"},{"data":"Power Through","floor":15.0,"key":"SMITH"},{"data":"Battle Trance","floor":23.0,"key":"SMITH"},{"data":"Defend_R","floor":25.0,"key":"SMITH"},{"data":"Metallicize","floor":28.0,"key":"SMITH"},{"floor":32.0,"key":"RECALL"},{"floor":45.0,"key":"REST"},{"data":"Juggernaut","floor":49.0,"key":"SMITH"},{"floor":52,"key":"REST"}],"neow_cost":"NONE","seed_source_timestamp":605736723245046,"circlet_count":0,"master_deck":["Defend_R+1","Defend_R+1","Defend_R+1","Defend_R+1","Body Slam+1","Body Slam+1","Battle Trance+1","Power Through+1","Metallicize+1","Juggernaut+1"],"special_seed":0,"relics":["Burning Blood","NeowsBlessing","Whetstone","Blood Vial","Boot","Tiny Chest","Empty Cage","Happy Flower","Bronze Scales","Torii","Letter Opener","Question Card","Vajra","Pen Nib","Shuriken","Busted Crown","Juzu Bracelet","Pantograph","Oddly Smooth Stone","Orichalcum"],"potions_floor_usage":[50,50,55,55],"damage_taken":[{"damage":0.0,"enemies":"Cultist","floor":1.0,"turns":1.0},{"damage":0.0,"enemies":"Jaw Worm","floor":5.0,"turns":1.0},{"damage":0.0,"enemies":"Lagavulin","floor":6.0,"turns":1.0},{"damage":4.0,"enemies":"2 Louse","floor":7.0,"turns":4.0},{"damage":3.0,"enemies":"Lots of Slimes","floor":11.0,"turns":3.0},{"damage":1.0,"enemies":"Exordium Wildlife","floor":12.0,"turns":3.0},{"damage":11.0,"enemies":"Large Slime","floor":13.0,"turns":5.0},{"damage":2.0,"enemies":"Looter","floor":14.0,"turns":3.0},{"damage":27.0,"enemies":"The Guardian","floor":16.0,"turns":14.0},{"damage":18.0,"enemies":"3 Byrds","floor":18.0,"turns":7.0},{"damage":0.0,"enemies":"Colosseum Slavers","floor":21.0,"turns":4.0},{"damage":14.0,"enemies":"Colosseum Nobs","floor":21.0,"turns":5.0},{"damage":2.0,"enemies":"Slavers","floor":24.0,"turns":5.0},{"damage":0.0,"enemies":"Chosen","floor":31.0,"turns":3.0},{"damage":36.0,"enemies":"Champ","floor":33.0,"turns":12.0},{"damage":0.0,"enemies":"3 Darklings","floor":35.0,"turns":3.0},{"damage":0.0,"enemies":"3 Shapes","floor":36.0,"turns":2.0},{"damage":0.0,"enemies":"Sphere and 2 Shapes","floor":38.0,"turns":3.0},{"damage":24.0,"enemies":"Nemesis","floor":40.0,"turns":6.0},{"damage":29.0,"enemies":"Reptomancer","floor":42.0,"turns":7.0},{"damage":0.0,"enemies":"Writhing Mass","floor":47.0,"turns":3.0},{"damage":25,"enemies":"Donu and Deca","floor":50,"turns":10},{"damage":11,"enemies":"Shield and Spear","floor":54,"turns":3},{"damage":98,"enemies":"The Heart","floor":55,"turns":5}],"seed_played":"6968040251198340405","potions_obtained":[{"floor":1.0,"key":"SteroidPotion"},{"floor":4.0,"key":"Block Potion"},{"floor":4.0,"key":"Swift Potion"},{"floor":7.0,"key":"AttackPotion"},{"floor":13.0,"key":"AttackPotion"},{"floor":16.0,"key":"Dexterity Potion"},{"floor":18.0,"key":"Energy Potion"},{"floor":24.0,"key":"Energy Potion"},{"floor":35.0,"key":"Strength Potion"},{"floor":36.0,"key":"Regen Potion"},{"floor":54,"key":"Fire Potion"}],"is_trial":false,"path_per_floor":["M","T","?","?","M","E","E","M","R","T","T","M","M","M","M","R","B",null,"M","?","$","?","T","R","E","R","T","?","R","T","$","M","R","B",null,"M","M","$","M","?","E","?","E","T","$","R","$","M","$","R","B",null,"R","$","E","B"],"character_chosen":"IRONCLAD","items_purchased":["Happy Flower","Bronze Scales","Oddly Smooth Stone"],"campfire_rested":2,"item_purchase_floors":[20,20,48],"current_hp_per_floor":[80,80,80,80,80,80,80,80,80,80,80,80,75,80,80,59,80,68,68,68,70,70,70,76,76,76,76,76,76,76,80,80,50,80,80,80,80,80,80,62,62,41,41,41,65,65,73,73,73,61,80,80,80,75,0],"gold":104,"neow_bonus":"THREE_ENEMY_KILL","is_prod":false,"is_daily":false,"chose_seed":false,"campfire_upgraded":6,"win_rate":0,"timestamp":1546361908,"path_taken":["M","?","?","?","?","E","M","R","T","?","M","M","M","M","R","BOSS","M","?","$","?","?","R","E","R","T","?","R","?","?","M","R","BOSS","M","M","$","M","?","E","?","E","T","?","R","$","M","$","R","BOSS","R","$","E","BOSS"],"build_version":"2018-12-20","purchased_purges":3,"victory":false,"max_hp_per_floor":[80,80,80,80,80,80,80,80,80,80,80,80,80,80,80,80,80,80,80,80,80,80,80,80,80,80,80,80,80,80,80,80,80,80,80,80,80,80,80,80,80,80,80,80,80,80,80,80,80,80,80,80,80,80,80],"card_choices":[{"not_picked":["Corruption","Sever Soul"],"picked":"Body Slam","floor":1.0},{"not_picked":["Heavy Blade","Warcry"],"picked":"Body Slam","floor":5.0},{"not_picked":["Havoc","Shockwave"],"picked":"Battle Trance","floor":6.0},{"not_picked":["Sword Boomerang","Rupture","Clash"],"picked":"SKIP","floor":7.0},{"not_picked":["True Grit","Pommel Strike","Sword Boomerang"],"picked":"SKIP","floor":11.0},{"not_picked":["Sword Boomerang","Flex"],"picked":"Power Through","floor":12.0},{"not_picked":["Bloodletting","Dual Wield"],"picked":"Metallicize","floor":13.0},{"not_picked":["Armaments","Dropkick","Wild Strike"],"picked":"SKIP","floor":14.0},{"not_picked":["Rupture+1","Perfected Strike","Iron Wave"],"picked":"SKIP","floor":18.0},{"not_picked":["Intimidate","Bloodletting","Havoc","True Grit+1"],"picked":"SKIP","floor":24.0},{"not_picked":["Anger","Rage","Rupture","Heavy Blade+1"],"picked":"SKIP","floor":31.0},{"not_picked":["Immolate","Impervious","Berserk"],"picked":"Juggernaut","floor":33.0},{"not_picked":["Sentinel"],"picked":"Body Slam","floor":35.0},{"not_picked":["Spot Weakness+1","Infernal Blade+1"],"picked":"SKIP","floor":36.0},{"not_picked":["Perfected Strike","Iron Wave"],"picked":"SKIP","floor":38.0},{"not_picked":["Havoc","Battle Trance"],"picked":"SKIP","floor":40.0},{"not_picked":["True Grit+1","Flex"],"picked":"SKIP","floor":42.0},{"not_picked":["Clothesline+1","Havoc+1"],"picked":"SKIP","floor":47.0},{"not_picked":["Anger+1","Juggernaut"],"picked":"SKIP","floor":54}],"player_experience":377155,"relics_obtained":[{"floor":2.0,"key":"Whetstone"},{"floor":6.0,"key":"Blood Vial"},{"floor":9.0,"key":"Boot"},{"floor":10.0,"key":"Tiny Chest"},{"floor":21.0,"key":"Torii"},{"floor":21.0,"key":"Letter Opener"},{"floor":22.0,"key":"Question Card"},{"floor":24.0,"key":"Vajra"},{"floor":26.0,"key":"Pen Nib"},{"floor":29.0,"key":"Shuriken"},{"floor":40.0,"key":"Juzu Bracelet"},{"floor":42.0,"key":"Pantograph"},{"floor":54,"key":"Orichalcum"}],"event_choices":[{"cards_removed":["Strike_R"],"damage_healed":0.0,"max_hp_gain":0.0,"max_hp_loss":0.0,"gold_gain":0.0,"event_name":"Living Wall","player_choice":"Forget","floor":3.0,"gold_loss":0.0,"damage_taken":0.0},{"damage_healed":0.0,"max_hp_gain":0.0,"max_hp_loss":0.0,"gold_gain":0.0,"event_name":"Lab","player_choice":"Got Potions","floor":4.0,"gold_loss":0.0,"damage_taken":0.0},{"damage_healed":0.0,"max_hp_gain":0.0,"max_hp_loss":0.0,"gold_gain":0.0,"event_name":"Vampires","player_choice":"Ignored","floor":19.0,"gold_loss":0.0,"damage_taken":0.0},{"damage_healed":0.0,"max_hp_gain":0.0,"max_hp_loss":0.0,"gold_gain":0.0,"event_name":"Colosseum","player_choice":"Fight","floor":21.0,"gold_loss":0.0,"damage_taken":0.0},{"damage_healed":0.0,"max_hp_gain":0.0,"max_hp_loss":0.0,"gold_gain":0.0,"event_name":"Colosseum","player_choice":"Fought Nobs","floor":21.0,"gold_loss":0.0,"damage_taken":0.0},{"damage_healed":0.0,"max_hp_gain":0.0,"max_hp_loss":0.0,"gold_gain":0.0,"event_name":"Back to Basics","player_choice":"Simplicity","floor":27.0,"gold_loss":0.0,"damage_taken":0.0,"cards_upgraded":["Strike_R","Defend_R","Defend_R","Defend_R"]},{"damage_healed":0.0,"max_hp_gain":0.0,"max_hp_loss":0.0,"gold_gain":0.0,"event_name":"SensoryStone","player_choice":"Memory 1","floor":39.0,"gold_loss":0.0,"damage_taken":0.0},{"cards_removed":["Body Slam"],"damage_healed":0.0,"max_hp_gain":0.0,"max_hp_loss":0.0,"gold_gain":0.0,"event_name":"Falling","player_choice":"Removed Attack","floor":41.0,"gold_loss":0.0,"damage_taken":0.0}],"is_beta":false,"boss_relics":[{"not_picked":["Philosopher\u0027s Stone","Eternal Feather"],"picked":"Empty Cage"},{"not_picked":["Black Blood","Black Star"],"picked":"Busted Crown"}],"items_purged_floors":[20,30,37],"is_endless":false,"potions_floor_spawned":[1,5,7,13,16,18,24,35,36,42,54],"killed_by":"The Heart","ascension_level":0}