{"gold_per_floor":[111,111,81,101,176,176,209,170,170,170,248,248,268,299,299,399,399,389,406,417,417,417,417,435,635,684,697,758,758,17,29,29,129,129,143,189,207,225,225,0,0,19,65,75,91,104,104,115,115,115],"floor_reached":51,"playtime":4265,"items_purged":[],"score":904,"play_id":"57764b25-e34c-42a0-a9a9-44de4726843e","local_time":"20180705025509","is_ascension_mode":false,"campfire_choices":[{"data":"Zap","floor":6,"key":"SMITH"},{"data":"Creative AI","floor":12,"key":"SMITH"},{"data":"Defragment","floor":15,"key":"SMITH"},{"data":"Storm","floor":23,"key":"SMITH"},{"data":"Fission","floor":29,"key":"SMITH"},{"data":"Loop","floor":32,"key":"SMITH"},{"data":"Echo Form","floor":41,"key":"SMITH"},{"data":"Storm","floor":47,"key":"SMITH"},{"data":"Loop","floor":49,"key":"SMITH"}],"neow_cost":"TEN_PERCENT_HP_LOSS","seed_source_timestamp":47664198678034,"circlet_count":0,"master_deck":["Zap+1","Dualcast","Static Discharge+1","Ball Lightning","Creative AI+1","Doom and Gloom","Glacier","Defragment+1","Echo Form+1","Steam","Turbo","Doom and Gloom","Coolheaded","Beam Cell","Redo","Ball Lightning","Loop+1","Auto Shields","Storm+1","Gash","Aggregate+1","Self Repair","Fission+1","Darkness+1","Amplify+1","Rebound+1","Go for the Eyes+1","Coolheaded+1","Steam+1","Turbo+1","Reboot+1","Self Repair","Loop+1","Storm+1","Hologram+1"],"relics":["Cracked Core","Bird Faced Urn","Oddly Smooth Stone","Ice Cream","Darkstone Periapt","Ginger","Pandora\u0027s Box","Anchor","Tiny Chest","Bottled Tornado","Mummified Hand","Toxic Egg 2","Sozu","Unceasing Top","Sundial","Red Mask","Vajra"],"potions_floor_usage":[7,16,28,28,33,33],"damage_taken":[{"damage":5,"enemies":"Small Slimes","floor":1,"turns":4},{"damage":1,"enemies":"Cultist","floor":4,"turns":4},{"damage":12,"enemies":"3 Sentries","floor":7,"turns":5},{"damage":11,"enemies":"Jaw Worm","floor":13,"turns":3},{"damage":14,"enemies":"Gremlin Nob","floor":14,"turns":3},{"damage":2,"enemies":"Hexaghost","floor":16,"turns":9},{"damage":34,"enemies":"2 Thieves","floor":18,"turns":4},{"damage":30,"enemies":"Shell Parasite","floor":19,"turns":5},{"damage":17,"enemies":"Chosen and Byrds","floor":20,"turns":5},{"damage":6,"enemies":"Sentry and Sphere","floor":24,"turns":3},{"damage":20,"enemies":"Snake Plant","floor":27,"turns":3},{"damage":27,"enemies":"Book of Stabbing","floor":28,"turns":4},{"damage":8,"enemies":"Centurion and Healer","floor":31,"turns":5},{"damage":13,"enemies":"Collector","floor":33,"turns":6},{"damage":9,"enemies":"3 Shapes","floor":35,"turns":3},{"damage":49,"floor":36,"turns":4},{"damage":12,"enemies":"3 Darklings","floor":37,"turns":3},{"damage":0,"enemies":"4 Shapes","floor":38,"turns":2},{"damage":8,"floor":39,"turns":4},{"damage":6,"enemies":"Sphere and 2 Shapes","floor":42,"turns":3},{"damage":0,"enemies":"3 Darklings","floor":44,"turns":1},{"damage":0,"enemies":"Maw","floor":45,"turns":4},{"damage":5,"enemies":"4 Shapes","floor":46,"turns":3},{"damage":0,"enemies":"3 Darklings","floor":48,"turns":2},{"damage":7,"enemies":"Time Eater","floor":50,"turns":5}],"seed_played":"3333501856356534421","potions_obtained":[{"floor":1,"key":"SteroidPotion"},{"floor":3,"key":"SpeedPotion"},{"floor":3,"key":"SpeedPotion"},{"floor":7,"key":"SteroidPotion"},{"floor":13,"key":"Swift Potion"},{"floor":18,"key":"EssenceOfSteel"},{"floor":19,"key":"SpeedPotion"},{"floor":28,"key":"EssenceOfSteel"},{"floor":33,"key":"SpeedPotion"}],"is_trial":false,"path_per_floor":["M","?","?","M","?","R","E","$","T","T","?","R","M","E","R","B",null,"M","M","M","?","?","R","M","?","T","M","E","R","$","M","R","B",null,"M","?","M","M","?","?","R","M","T","M","M","M","R","M","R","B"],"character_chosen":"DEFECT","items_purchased":["Doom and Gloom","Bottled Tornado","Mummified Hand","Toxic Egg 2"],"campfire_rested":0,"item_purchase_floors":[8,30,30,30],"current_hp_per_floor":[63,63,63,64,53,53,43,43,43,43,43,43,38,32,32,64,68,44,34,29,29,29,29,29,29,29,17,11,11,11,26,26,44,68,68,25,23,31,61,61,61,68,68,68,68,68,68,68,68,68],"gold":115,"neow_bonus":"ONE_RARE_RELIC","is_prod":false,"is_daily":false,"chose_seed":false,"campfire_upgraded":9,"win_rate":0.0,"timestamp":1530784509,"path_taken":["M","?","?","?","?","R","E","$","T","?","?","R","?","E","R","BOSS","M","M","M","?","?","R","M","?","T","M","E","R","$","M","R","BOSS","M","?","M","M","?","?","R","M","T","M","M","M","R","M","R","BOSS"],"build_version":"2018-06-28","purchased_purges":0,"victory":true,"max_hp_per_floor":[68,68,68,68,68,68,68,68,68,68,68,68,68,68,68,68,68,68,68,68,68,68,68,68,68,68,68,68,68,68,68,68,68,68,68,68,68,68,68,68,68,68,68,68,68,68,68,68,68,68],"card_choices":[{"not_picked":["FTL","Steam"],"picked":"Static Discharge","floor":1},{"not_picked":["Cold Snap","Hologram"],"picked":"Ball Lightning","floor":4},{"not_picked":["Turbo","Coolheaded"],"picked":"Creative AI","floor":7},{"not_picked":["Coolheaded","Go for the Eyes"],"picked":"Glacier","floor":13},{"not_picked":["FTL","Auto Shields"],"picked":"Defragment","floor":14},{"not_picked":["All For One","Multi-Cast"],"picked":"Echo Form","floor":16},{"not_picked":["Barrage","Redo"],"picked":"Loop","floor":18},{"not_picked":["Chill","Gash"],"picked":"Auto Shields","floor":19},{"not_picked":["Skim","Redo"],"picked":"Storm","floor":20},{"not_picked":["Sweeping Beam","Lockon"],"picked":"Aggregate+1","floor":24},{"not_picked":["Stack","Turbo"],"picked":"Self Repair","floor":27},{"not_picked":["Hologram","Compile Driver"],"picked":"Fission","floor":28},{"not_picked":["Streamline+1","Steam+1"],"picked":"Darkness+1","floor":31},{"not_picked":["Buffer","Meteor Strike"],"picked":"Amplify+1","floor":33},{"not_picked":["Hologram+1","Leap+1"],"picked":"Rebound+1","floor":35},{"not_picked":["Steam+1","Rebound"],"picked":"Go for the Eyes+1","floor":36},{"not_picked":["Compile Driver","Skim+1"],"picked":"Coolheaded+1","floor":37},{"not_picked":["Go for the Eyes","Rebound"],"picked":"Steam+1","floor":38},{"not_picked":["Consume+1","Cold Snap"],"picked":"Turbo+1","floor":39},{"not_picked":["Stack+1","Sweeping Beam"],"picked":"Reboot+1","floor":42},{"not_picked":["Stack+1","Hologram+1"],"picked":"Self Repair","floor":44},{"not_picked":["Gash","Hologram+1"],"picked":"Loop","floor":45},{"not_picked":["Force Field+1","Chaos+1"],"picked":"Storm","floor":46},{"not_picked":["Beam Cell+1","Reinforced Body+1"],"picked":"Hologram+1","floor":48}],"player_experience":107284,"relics_obtained":[{"floor":7,"key":"Oddly Smooth Stone"},{"floor":9,"key":"Ice Cream"},{"floor":10,"key":"Darkstone Periapt"},{"floor":14,"key":"Ginger"},{"floor":26,"key":"Anchor"},{"floor":28,"key":"Tiny Chest"},{"floor":36,"key":"Unceasing Top"},{"floor":39,"key":"Sundial"},{"floor":43,"key":"Vajra"}],"event_choices":[{"event_name":"Upgrade Shrine","player_choice":"Upgraded","floor":2,"damage_taken":0},{"event_name":"The Woman in Blue","player_choice":"Bought 2 Potions","floor":3,"damage_taken":0},{"event_name":"World of Goop","player_choice":"Gather Gold","floor":5,"damage_taken":0},{"event_name":"Golden Wing","player_choice":"Gained Gold","floor":11,"damage_taken":0},{"event_name":"Ghosts","player_choice":"Ignored","floor":21,"damage_taken":0},{"event_name":"Transmorgrifier","player_choice":"Transform","floor":22,"damage_taken":0},{"event_name":"The Joust","player_choice":"Bet on Owner","floor":25,"damage_taken":0},{"event_name":"Mysterious Sphere","player_choice":"Fight","floor":36,"damage_taken":0},{"event_name":"MindBloom","player_choice":"Fight","floor":39,"damage_taken":0},{"event_name":"Tomb of Lord Red Mask","player_choice":"Paid","floor":40,"damage_taken":0}],"boss_relics":[{"not_picked":["Empty Cage","Tiny House"],"picked":"Pandora\u0027s Box"},{"not_picked":["Snecko Eye","White Beast Statue"],"picked":"Sozu"}],"items_purged_floors":[],"is_endless":false,"potions_floor_spawned":[1,7,13,18,19,28,33,42,44,46],"ascension_level":0}