{"gold_per_floor":[112,112,128,100,115,115,126,139,139,168,188,188,214,231,231,310,310,310,210],"floor_reached":19,"playtime":822,"items_purged":[],"score":466,"play_id":"46aaf3ae-6251-4427-b476-5b32f928ef98","local_time":"20190124234303","is_ascension_mode":true,"campfire_choices":[{"data":"Ball Lightning","floor":6,"key":"SMITH"},{"floor":12,"key":"REST"},{"floor":15,"key":"REST"}],"neow_cost":"NONE","seed_source_timestamp":1369161028173573,"circlet_count":0,"master_deck":["AscendersBane","Strike_B","Strike_B","Strike_B","Defend_B","Defend_B","Defend_B","Defend_B","Zap+1","Dualcast","Ball Lightning+1","Undo","Compile Driver","White Noise","Consume","Go for the Eyes","Machine Learning","Thunder Strike","Auto Shields","Coolheaded"],"relics":["Cracked Core","Peace Pipe","Ice Cream","Dead Branch","Ectoplasm"],"potions_floor_usage":[13],"damage_taken":[{"damage":1,"enemies":"2 Louse","floor":1,"turns":2},{"damage":1,"enemies":"Cultist","floor":3,"turns":3},{"damage":7,"enemies":"Small Slimes","floor":5,"turns":3},{"damage":2,"enemies":"2 Fungi Beasts","floor":7,"turns":4},{"damage":7,"enemies":"Large Slime","floor":8,"turns":4},{"damage":15,"enemies":"Lagavulin","floor":10,"turns":6},{"damage":13,"enemies":"Exordium Wildlife","floor":11,"turns":4},{"damage":35,"enemies":"Gremlin Nob","floor":13,"turns":4},{"damage":3,"enemies":"Blue Slaver","floor":14,"turns":4},{"damage":0,"enemies":"Slime Boss","floor":16,"turns":6},{"damage":22,"enemies":"Shell Parasite","floor":18,"turns":5},{"damage":22,"enemies":"2 Thieves","floor":19,"turns":4}],"seed_played":"-4736712091525523936","potions_obtained":[{"floor":1,"key":"LiquidBronze"},{"floor":5,"key":"FearPotion"},{"floor":14,"key":"EssenceOfSteel"}],"is_trial":false,"path_per_floor":["M","?","M","$","M","R","M","M","T","E","M","R","E","M","R","B",null,"M","M"],"character_chosen":"DEFECT","items_purchased":["Compile Driver"],"campfire_rested":2,"item_purchase_floors":[4],"current_hp_per_floor":[63,63,62,62,55,55,53,46,46,31,18,39,4,1,22,22,59,37,15],"gold":210,"neow_bonus":"REMOVE_CARD","is_prod":false,"is_daily":false,"chose_seed":false,"campfire_upgraded":1,"win_rate":0,"timestamp":1548391383,"path_taken":["M","?","M","$","M","R","M","M","T","E","M","R","E","M","R","BOSS","M","M"],"build_version":"2019-01-23","purchased_purges":0,"victory":false,"max_hp_per_floor":[71,71,71,71,71,71,71,71,71,71,71,71,71,71,71,71,71,71,71],"card_choices":[{"not_picked":["Capacitor","Stack"],"picked":"Ball Lightning","floor":1},{"not_picked":["Blizzard","Turbo"],"picked":"Undo","floor":3},{"not_picked":["Chill","Lockon"],"picked":"White Noise","floor":5},{"not_picked":["Conserve Battery","Genetic Algorithm"],"picked":"Consume","floor":7},{"not_picked":["Gash","Rebound"],"picked":"Go for the Eyes","floor":8},{"not_picked":["Turbo","Steam","Rebound"],"picked":"SKIP","floor":10},{"not_picked":["Gash","Chaos","Beam Cell"],"picked":"SKIP","floor":11},{"not_picked":["Stack","Steam"],"picked":"Machine Learning","floor":13},{"not_picked":["Redo","Genetic Algorithm","Rebound"],"picked":"SKIP","floor":14},{"not_picked":["Rainbow","All For One"],"picked":"Thunder Strike","floor":16},{"not_picked":["Compile Driver","Steam"],"picked":"Auto Shields","floor":18},{"not_picked":["Hologram","Streamline"],"picked":"Coolheaded","floor":19}],"player_experience":499138,"relics_obtained":[{"floor":9,"key":"Peace Pipe"},{"floor":10,"key":"Ice Cream"},{"floor":13,"key":"Dead Branch"}],"event_choices":[{"damage_healed":0,"gold_gain":0,"player_choice":"Upgraded","damage_taken":0,"max_hp_gain":0,"max_hp_loss":0,"event_name":"Upgrade Shrine","floor":2,"gold_loss":0,"cards_upgraded":["Zap"]}],"is_beta":true,"boss_relics":[{"not_picked":["Inserter","Runic Dome"],"picked":"Ectoplasm"}],"items_purged_floors":[],"is_endless":false,"potions_floor_spawned":[1,5,10,11,14,16],"killed_by":"2 Thieves","ascension_level":20}