{"gold_per_floor":[139,14,33,53,53,88,88,105,132,132,150,178,193,193,193,267,267,280,48,63,63,73,101,101,101,155,168,185,211,211,225,225,303,303,314,327,327,340,46,46,60,80,80,80,128,4,37,55,55,55],"floor_reached":51,"playtime":3869,"items_purged":[],"score":1592,"play_id":"75312ce8-05ca-4f58-998c-0367a465f5b3","local_time":"20180623104623","is_ascension_mode":true,"campfire_choices":[{"floor":7,"key":"REST"},{"data":"Hello World","floor":10,"key":"SMITH"},{"data":"Zap","floor":15,"key":"SMITH"},{"floor":24,"key":"REST"},{"floor":30,"key":"REST"},{"floor":32,"key":"REST"},{"floor":40,"key":"REST"},{"floor":49,"key":"REST"}],"neow_cost":"NONE","seed_source_timestamp":476541849052599,"circlet_count":0,"master_deck":["Strike_B","Strike_B","Strike_B","Defend_B","Defend_B","Defend_B","Defend_B","Zap+1","Dualcast+1","AscendersBane","Coolheaded","Self Repair","Conserve Battery","Rip and Tear","Electrodynamics","Ball Lightning","Hello World+1","BootSequence","Cold Snap+1","Static Discharge","Fission","Defragment+1","Hologram","Glacier","Core Surge+1","Conserve Battery+1","Compile Driver+1","Capacitor","Thunder Strike+1","Coolheaded","Go for the Eyes+1","White Noise","Compile Driver+1","Chaos+1","Consume+1","Coolheaded","Force Field+1","Stack+1"],"relics":["Tiny House","Boot","Potion Belt","Lantern","Molten Egg 2","Fusion Hammer","Art of War","Orichalcum","Vajra","Omamori","Cursed Key","Emotion Chip","DataDisk","Bronze Scales","Pear","Prayer Wheel","Centennial Puzzle"],"potions_floor_usage":[6,8,12,20,22,22,23,29,33,33,33,33,41,42,45,45,45,45,47,50,50,50],"damage_taken":[{"damage":0,"enemies":"2 Louse","floor":1,"turns":3},{"damage":0,"enemies":"Small Slimes","floor":3,"turns":3},{"damage":0,"enemies":"Cultist","floor":4,"turns":4},{"damage":48,"enemies":"Gremlin Nob","floor":6,"turns":5},{"damage":0,"enemies":"Large Slime","floor":8,"turns":5},{"damage":10,"enemies":"Lots of Slimes","floor":11,"turns":4},{"damage":2,"enemies":"3 Sentries","floor":12,"turns":3},{"damage":2,"enemies":"Red Slaver","floor":13,"turns":4},{"damage":22,"enemies":"The Guardian","floor":16,"turns":10},{"damage":6,"enemies":"3 Byrds","floor":18,"turns":4},{"damage":2,"enemies":"Chosen","floor":20,"turns":6},{"damage":21,"enemies":"Centurion and Healer","floor":22,"turns":5},{"damage":17,"enemies":"Book of Stabbing","floor":23,"turns":7},{"damage":7,"enemies":"Chosen and Byrds","floor":27,"turns":6},{"damage":11,"enemies":"Snake Plant","floor":28,"turns":7},{"damage":15,"enemies":"Gremlin Leader","floor":29,"turns":8},{"damage":18,"enemies":"Slaver and Parasite","floor":31,"turns":9},{"damage":34,"enemies":"Champ","floor":33,"turns":14},{"damage":6,"enemies":"3 Darklings","floor":35,"turns":4},{"damage":6,"enemies":"3 Shapes","floor":36,"turns":6},{"damage":17,"floor":37,"turns":8},{"damage":7,"enemies":"Maw","floor":38,"turns":9},{"damage":12,"enemies":"4 Shapes","floor":41,"turns":3},{"damage":15,"enemies":"Sphere and 2 Shapes","floor":42,"turns":4},{"damage":9,"floor":45,"turns":6},{"damage":25,"enemies":"Nemesis","floor":47,"turns":5},{"damage":2,"enemies":"Maw","floor":48,"turns":7},{"damage":44,"enemies":"Awakened One","floor":50,"turns":12}],"seed_played":"7770529270305118972","potions_obtained":[{"floor":0,"key":"GamblersBrew"},{"floor":4,"key":"Regen Potion"},{"floor":6,"key":"FearPotion"},{"floor":8,"key":"Fire Potion"},{"floor":11,"key":"Weak Potion"},{"floor":16,"key":"Weak Potion"},{"floor":18,"key":"SpeedPotion"},{"floor":20,"key":"Swift Potion"},{"floor":27,"key":"Energy Potion"},{"floor":29,"key":"EntropicBrew"},{"floor":38,"key":"Strength Potion"},{"floor":41,"key":"Explosive Potion"},{"floor":42,"key":"Fruit Juice"},{"floor":47,"key":"GamblersBrew"},{"floor":48,"key":"Explosive Potion"}],"is_trial":false,"path_per_floor":["M","$","M","M","?","E","R","M","T","R","M","E","M","?","R","B",null,"M","$","M","?","M","E","R","?","T","M","M","E","R","M","R","B",null,"M","M","?","M","$","R","M","M","T","?","?","$","E","M","R","B"],"character_chosen":"DEFECT","items_purchased":["Conserve Battery","Rip and Tear","Art of War","Defragment","DataDisk","Bronze Scales","FocusPotion","Coolheaded"],"campfire_rested":6,"item_purchase_floors":[2,2,19,19,39,39,46,46],"current_hp_per_floor":[69,69,76,76,65,24,46,67,67,67,64,69,74,74,74,59,72,73,73,76,76,62,45,67,67,67,67,63,48,70,59,76,64,73,74,75,65,65,65,76,64,56,66,66,69,69,51,56,83,46],"gold":55,"neow_bonus":"BOSS_RELIC","is_prod":false,"is_daily":false,"chose_seed":false,"campfire_upgraded":2,"win_rate":0,"timestamp":1529743583,"path_taken":["M","$","M","M","?","E","R","M","T","R","M","E","M","?","R","BOSS","M","$","M","?","M","E","R","?","T","M","M","E","R","?","R","BOSS","M","M","?","?","$","R","M","M","T","?","?","$","E","M","R","BOSS"],"build_version":"2018-06-21v2","purchased_purges":0,"victory":true,"max_hp_per_floor":[76,76,76,76,76,76,76,76,76,76,76,76,76,76,76,76,76,76,76,76,76,76,76,76,76,76,76,76,76,76,76,76,76,76,76,76,76,76,76,76,76,76,86,86,91,91,91,91,91,91],"card_choices":[{"not_picked":["Leap","Beam Cell"],"picked":"Coolheaded","floor":0},{"not_picked":["Rebound","Go for the Eyes"],"picked":"Self Repair","floor":1},{"not_picked":["Blizzard","Melter","Recycle"],"picked":"SKIP","floor":3},{"not_picked":["Leap","Storm"],"picked":"Electrodynamics","floor":4},{"not_picked":["Hologram","Stack"],"picked":"Ball Lightning","floor":6},{"not_picked":["Melter","Sweeping Beam"],"picked":"Hello World","floor":8},{"not_picked":["Sweeping Beam","Hello World","Streamline"],"picked":"SKIP","floor":11},{"not_picked":["Rebound","Reinforced Body"],"picked":"BootSequence","floor":12},{"not_picked":["Coolheaded","Turbo"],"picked":"Cold Snap+1","floor":13},{"not_picked":["Thunder Strike+1","Meteor Strike+1"],"picked":"Fission","floor":16},{"not_picked":["Rebound+1","Chaos","Beam Cell+1"],"picked":"SKIP","floor":18},{"not_picked":["Loop","Redo"],"picked":"Hologram","floor":20},{"not_picked":["Rebound+1","Loop"],"picked":"Glacier","floor":22},{"not_picked":["Gash+1","Doom and Gloom+1"],"picked":"Core Surge+1","floor":23},{"not_picked":["Turbo","FTL+1"],"picked":"Conserve Battery+1","floor":27},{"not_picked":["Gash+1","Coolheaded"],"picked":"Compile Driver+1","floor":28},{"not_picked":["Electrodynamics","Sweeping Beam+1"],"picked":"Capacitor","floor":29},{"not_picked":["Cold Snap+1","Steam","Rebound+1"],"picked":"SKIP","floor":31},{"not_picked":["Rainbow","Multi-Cast"],"picked":"Thunder Strike+1","floor":33},{"not_picked":["Blizzard+1","Hologram"],"picked":"Coolheaded","floor":35},{"not_picked":["Heatsinks","Force Field"],"picked":"Go for the Eyes+1","floor":36},{"not_picked":["Rebound+1","Stack"],"picked":"White Noise","floor":37},{"not_picked":["Stack","Go for the Eyes+1"],"picked":"Compile Driver+1","floor":38},{"not_picked":["All For One+1","Static Discharge+1"],"picked":"Chaos+1","floor":41},{"not_picked":["Heatsinks","Sweeping Beam+1","Cold Snap+1"],"picked":"SKIP","floor":42},{"not_picked":["Steam","Conserve Battery"],"picked":"Consume+1","floor":45},{"not_picked":["Stack","Lockon+1"],"picked":"Force Field+1","floor":47},{"not_picked":["Melter+1","Rebound+1"],"picked":"Stack+1","floor":48},{"not_picked":["Redo","Rebound+1","Beam Cell+1"],"picked":"SKIP","floor":48}],"player_experience":657664,"relics_obtained":[{"floor":6,"key":"Potion Belt"},{"floor":9,"key":"Lantern"},{"floor":12,"key":"Molten Egg 2"},{"floor":23,"key":"Orichalcum"},{"floor":26,"key":"Vajra"},{"floor":29,"key":"Omamori"},{"floor":37,"key":"Emotion Chip"},{"floor":43,"key":"Pear"},{"floor":45,"key":"Prayer Wheel"},{"floor":47,"key":"Centennial Puzzle"}],"event_choices":[{"event_name":"Scrap Ooze","player_choice":"success","floor":5,"damage_taken":11},{"event_name":"Transmorgrifier","player_choice":"Transform","floor":14,"damage_taken":0},{"event_name":"Drug Dealer","player_choice":"Ignored","floor":21,"damage_taken":0},{"event_name":"Cursed Tome","player_choice":"Ignored","floor":25,"damage_taken":0},{"event_name":"MindBloom","player_choice":"Fight","floor":37,"damage_taken":0},{"event_name":"Upgrade Shrine","player_choice":"Upgraded","floor":44,"damage_taken":0},{"event_name":"Mysterious Sphere","player_choice":"Fight","floor":45,"damage_taken":0}],"boss_relics":[{"not_picked":["Ectoplasm","Nuclear Battery"],"picked":"Fusion Hammer"},{"not_picked":["Busted Crown","Coffee Dripper"],"picked":"Cursed Key"}],"items_purged_floors":[],"is_endless":false,"potions_floor_spawned":[4,6,8,11,16,18,20,27,29,38,41,42,47,48],"ascension_level":15}