{"gold_per_floor":[113,113,129,54,67,67,83,8,8,8,8,0,0,0,0,73,73,84,103,28,42,59,59,59,72,96,108,120,132],"floor_reached":29,"playtime":620,"items_purged":["Strike_B"],"score":426,"play_id":"d538a709-ef7e-4416-bbaf-feecbfd9ce0e","local_time":"20181112194148","is_ascension_mode":true,"campfire_choices":[{"data":"Sunder","floor":6,"key":"SMITH"},{"data":"Defragment","floor":10,"key":"SMITH"},{"floor":15,"key":"REST"},{"floor":24,"key":"REST"},{"floor":27,"key":"REST"}],"neow_cost":"NONE","seed_source_timestamp":951760484359211,"circlet_count":0,"master_deck":["AscendersBane","Strike_B+1","Defend_B+1","Defend_B","Zap","Dualcast","Sunder+1","Self Repair","Defragment+1","Echo Form","Conserve Battery","Biased Cognition"],"relics":["Cracked Core","Oddly Smooth Stone","Happy Flower","Sozu","MawBank"],"potions_floor_usage":[22],"damage_taken":[{"damage":2,"enemies":"2 Louse","floor":1,"turns":2},{"damage":4,"enemies":"Small Slimes","floor":3,"turns":3},{"damage":7,"enemies":"Jaw Worm","floor":5,"turns":3},{"damage":0,"enemies":"2 Fungi Beasts","floor":7,"turns":2},{"damage":23,"enemies":"Slime Boss","floor":16,"turns":9},{"damage":21,"enemies":"Spheric Guardian","floor":18,"turns":4},{"damage":7,"enemies":"3 Byrds","floor":19,"turns":5},{"damage":36,"enemies":"3 Cultists","floor":21,"turns":5},{"damage":30,"enemies":"Shelled Parasite and Fungi","floor":22,"turns":4},{"damage":43,"enemies":"Cultist and Chosen","floor":25,"turns":5},{"damage":15,"enemies":"Sentry and Sphere","floor":29,"turns":3}],"seed_played":"8453145571127277765","potions_obtained":[{"floor":3,"key":"FairyPotion"},{"floor":5,"key":"GamblersBrew"},{"floor":16,"key":"Dexterity Potion"}],"is_trial":false,"path_per_floor":["M","?","M","?","M","R","M","$","T","R","T","?","$","?","R","B",null,"M","M","?","M","M","?","R","M","T","R","?","M"],"character_chosen":"DEFECT","items_purchased":[],"campfire_rested":3,"item_purchase_floors":[],"current_hp_per_floor":[69,62,58,58,51,51,58,58,58,58,58,58,58,35,58,42,69,55,55,55,33,17,17,40,14,14,37,15,0],"gold":132,"neow_bonus":"TEN_PERCENT_HP_BONUS","is_prod":false,"is_daily":false,"chose_seed":false,"campfire_upgraded":2,"win_rate":0,"timestamp":1542080508,"path_taken":["M","?","M","?","M","R","M","$","T","R","?","?","?","?","R","BOSS","M","M","?","M","M","?","R","?","T","R","?","M"],"build_version":"2018-11-08","purchased_purges":1,"victory":false,"max_hp_per_floor":[78,78,78,78,78,78,78,78,78,78,78,78,78,78,78,78,78,78,78,78,78,78,78,78,78,78,78,83,83],"card_choices":[{"not_picked":["Turbo","Steam","Recycle"],"picked":"SKIP","floor":1},{"not_picked":["Steam","Double Energy"],"picked":"Sunder","floor":3},{"not_picked":["Conserve Battery","Redo"],"picked":"Self Repair","floor":5},{"not_picked":["Rebound","Ball Lightning"],"picked":"Defragment","floor":7},{"not_picked":["Machine Learning","Thunder Strike"],"picked":"Echo Form","floor":16},{"not_picked":["Sweeping Beam","Gash"],"picked":"Conserve Battery","floor":18},{"not_picked":["Ball Lightning","Sweeping Beam","Compile Driver"],"picked":"SKIP","floor":19},{"not_picked":["Ball Lightning","Gash","Hologram"],"picked":"SKIP","floor":21},{"not_picked":["Force Field","Steam Power"],"picked":"Biased Cognition","floor":22},{"not_picked":["Barrage","Lockon","Reprogram"],"picked":"SKIP","floor":25}],"player_experience":640199,"relics_obtained":[{"floor":9,"key":"Oddly Smooth Stone"},{"floor":11,"key":"Happy Flower"},{"floor":26,"key":"MawBank"}],"event_choices":[{"cards_removed":["Strike_B"],"damage_healed":0,"gold_gain":0,"player_choice":"Card Removal","damage_taken":7,"max_hp_gain":0,"max_hp_loss":0,"event_name":"Golden Wing","floor":2,"gold_loss":0},{"cards_removed":["Defend_B"],"damage_healed":0,"gold_gain":0,"player_choice":"Card Removal","damage_taken":0,"max_hp_gain":0,"max_hp_loss":0,"event_name":"The Cleric","floor":4,"gold_loss":75},{"damage_healed":0,"gold_gain":0,"player_choice":"Left Gold","damage_taken":0,"max_hp_gain":0,"max_hp_loss":0,"event_name":"World of Goop","floor":12,"gold_loss":8},{"damage_healed":0,"gold_gain":0,"player_choice":"Entered Light","damage_taken":23,"max_hp_gain":0,"max_hp_loss":0,"event_name":"Shining Light","floor":14,"gold_loss":0,"cards_upgraded":["Defend_B","Strike_B"]},{"cards_removed":["Strike_B"],"damage_healed":0,"gold_gain":0,"player_choice":"Gave Gold","damage_taken":0,"max_hp_gain":0,"max_hp_loss":0,"event_name":"Beggar","floor":20,"gold_loss":75},{"cards_removed":["Defend_B"],"damage_healed":0,"gold_gain":0,"player_choice":"Offered Basic","damage_taken":0,"max_hp_gain":0,"max_hp_loss":0,"event_name":"Bonfire Elementals","floor":23,"gold_loss":0},{"damage_healed":0,"gold_gain":0,"player_choice":"Shed Blood","damage_taken":27,"max_hp_gain":5,"max_hp_loss":0,"event_name":"Forgotten Altar","floor":28,"gold_loss":0}],"is_beta":false,"boss_relics":[{"not_picked":["Nuclear Battery","Eternal Feather"],"picked":"Sozu"}],"items_purged_floors":[8],"is_endless":false,"potions_floor_spawned":[3,5,16,21,22,25],"killed_by":"Sentry and Sphere","ascension_level":20}