{"gold_per_floor":[116,116,116,193,206,238,112,112,167,67,17,17,36,71,71,173,173,192,212,87,87,87,112,112,123,149,168,168,18,18,28,28,131,131,148,162,15,15,15,15,68,94,142,170,120,154,154,169,169,169],"floor_reached":51,"playtime":1114,"items_purged":["Defend_R","Strike_R","Strike_R","Strike_R","Bash+1"],"score":976,"play_id":"66328fda-f9a1-4b48-b6f6-02733b3a20c6","local_time":"20190125184830","is_ascension_mode":true,"campfire_choices":[{"data":"Flex","floor":8,"key":"SMITH"},{"data":"Bash","floor":15,"key":"SMITH"},{"data":"Limit Break","floor":24,"key":"SMITH"},{"data":"Flex","floor":28,"key":"SMITH"},{"data":"Limit Break","floor":32,"key":"SMITH"},{"data":"Offering","floor":40,"key":"SMITH"},{"data":"Whirlwind","floor":49,"key":"SMITH"}],"neow_cost":"NONE","seed_source_timestamp":1437594651564699,"circlet_count":0,"master_deck":["Defend_R+1","Defend_R+1","Flex+1","Limit Break+1","Flex+1","Limit Break+1","Whirlwind+1","Offering+1"],"relics":["Burning Blood","NeowsBlessing","Mummified Hand","Pantograph","War Paint","Charon\u0027s Ashes","Kunai","Sozu","Happy Flower","Bag of Preparation","Enchiridion","Busted Crown","Vajra","Thread and Needle","Juzu Bracelet","Smiling Mask","Bottled Lightning","Ice Cream"],"potions_floor_usage":[16],"damage_taken":[{"damage":0,"enemies":"2 Louse","floor":1,"turns":1},{"damage":0,"enemies":"Jaw Worm","floor":5,"turns":1},{"damage":0,"enemies":"3 Sentries","floor":6,"turns":2},{"damage":0,"enemies":"Small Slimes","floor":13,"turns":4},{"damage":30,"enemies":"Gremlin Nob","floor":14,"turns":4},{"damage":35,"enemies":"Slime Boss","floor":16,"turns":9},{"damage":8,"enemies":"Shell Parasite","floor":18,"turns":3},{"damage":10,"enemies":"Chosen","floor":19,"turns":3},{"damage":36,"enemies":"Gremlin Leader","floor":23,"turns":7},{"damage":16,"enemies":"Sentry and Sphere","floor":25,"turns":5},{"damage":2,"enemies":"Cultist and Chosen","floor":27,"turns":3},{"damage":0,"enemies":"Chosen and Byrds","floor":31,"turns":3},{"damage":22,"enemies":"Automaton","floor":33,"turns":5},{"damage":9,"enemies":"3 Shapes","floor":35,"turns":2},{"damage":0,"enemies":"Orb Walker","floor":36,"turns":1},{"damage":0,"enemies":"2 Orb Walkers","floor":41,"turns":1},{"damage":6,"enemies":"Nemesis","floor":42,"turns":1},{"damage":6,"enemies":"Giant Head","floor":44,"turns":1},{"damage":6,"enemies":"Reptomancer","floor":46,"turns":1},{"damage":31,"enemies":"Transient","floor":48,"turns":3},{"damage":6,"enemies":"Awakened One","floor":50,"turns":2}],"seed_played":"-8275075029877051555","potions_obtained":[{"floor":1,"key":"GamblersBrew"},{"floor":5,"key":"Fire Potion"},{"floor":13,"key":"PowerPotion"}],"is_trial":false,"path_per_floor":["M","?","?","T","M","E","$","R","T","$","?","T","M","E","R","B",null,"M","M","$","?","?","E","R","M","T","M","R","$","?","M","R","B",null,"M","M","$","?","?","R","?","E","T","E","$","E","?","M","R","B",null],"character_chosen":"IRONCLAD","items_purchased":["Flex","Vajra"],"campfire_rested":0,"item_purchase_floors":[7,37],"current_hp_per_floor":[80,85,85,85,85,85,85,85,85,85,85,85,85,61,61,56,85,83,79,79,85,85,55,55,45,45,49,49,49,33,39,39,48,85,82,85,85,85,85,85,85,85,85,85,85,85,85,60,60,85],"gold":169,"neow_bonus":"THREE_ENEMY_KILL","is_prod":false,"is_daily":false,"chose_seed":false,"campfire_upgraded":7,"win_rate":0,"timestamp":1548460110,"path_taken":["M","?","?","?","M","E","$","R","T","$","?","?","M","E","R","BOSS","M","M","$","?","?","E","R","M","T","M","R","$","?","M","R","BOSS","M","M","$","?","?","R","?","E","T","E","?","E","?","M","R","BOSS"],"build_version":"2019-01-23","purchased_purges":5,"victory":true,"max_hp_per_floor":[80,85,85,85,85,85,85,85,85,85,85,85,85,85,85,85,85,85,85,85,85,85,85,85,85,85,85,85,85,85,85,85,85,85,85,85,85,85,85,85,85,85,85,85,85,85,85,85,85,85],"card_choices":[{"not_picked":["Intimidate","Reckless Charge","Clothesline"],"picked":"SKIP","floor":1},{"not_picked":["Heavy Blade","Cleave","Shrug It Off"],"picked":"SKIP","floor":5},{"not_picked":["Sentinel","Anger","Flame Barrier"],"picked":"SKIP","floor":6},{"not_picked":["Combust","Pommel Strike","Twin Strike"],"picked":"SKIP","floor":13},{"not_picked":["Anger","Shrug It Off","Body Slam"],"picked":"SKIP","floor":14},{"not_picked":["Double Tap","Berserk"],"picked":"Limit Break","floor":16},{"not_picked":["Carnage","Warcry"],"picked":"Flex","floor":18},{"not_picked":["Armaments","Wild Strike","Warcry"],"picked":"SKIP","floor":19},{"not_picked":["Clothesline","Anger"],"picked":"Limit Break","floor":23},{"not_picked":["Bloodletting+1","Disarm","Cleave+1"],"picked":"SKIP","floor":25},{"not_picked":["Pommel Strike","Metallicize+1","Armaments"],"picked":"SKIP","floor":27},{"not_picked":["Infernal Blade","Body Slam+1","Whirlwind"],"picked":"SKIP","floor":31},{"not_picked":["Infernal Blade","Body Slam+1"],"picked":"Whirlwind","floor":31},{"not_picked":["Reaper","Immolate"],"picked":"Offering","floor":33},{"not_picked":["Dual Wield+1"],"picked":"SKIP","floor":35},{"not_picked":["Shrug It Off"],"picked":"SKIP","floor":36},{"not_picked":["Warcry"],"picked":"SKIP","floor":42},{"not_picked":["Perfected Strike"],"picked":"SKIP","floor":44},{"not_picked":["True Grit+1"],"picked":"SKIP","floor":46},{"not_picked":["Perfected Strike+1"],"picked":"SKIP","floor":48}],"player_experience":512849,"relics_obtained":[{"floor":4,"key":"Mummified Hand"},{"floor":6,"key":"Pantograph"},{"floor":9,"key":"War Paint"},{"floor":12,"key":"Charon\u0027s Ashes"},{"floor":14,"key":"Kunai"},{"floor":23,"key":"Happy Flower"},{"floor":26,"key":"Bag of Preparation"},{"floor":30,"key":"Enchiridion"},{"floor":41,"key":"Thread and Needle"},{"floor":42,"key":"Juzu Bracelet"},{"floor":43,"key":"Smiling Mask"},{"floor":44,"key":"Bottled Lightning"},{"floor":46,"key":"Ice Cream"}],"event_choices":[{"damage_healed":0,"gold_gain":0,"player_choice":"Donut","damage_taken":0,"max_hp_gain":5,"max_hp_loss":0,"event_name":"Big Fish","floor":2,"gold_loss":0},{"cards_removed":["Strike_R"],"damage_healed":0,"gold_gain":0,"player_choice":"Forget","damage_taken":0,"max_hp_gain":0,"max_hp_loss":0,"event_name":"Living Wall","floor":3,"gold_loss":0},{"cards_removed":["Defend_R"],"damage_healed":0,"gold_gain":0,"player_choice":"Card Removal","damage_taken":0,"max_hp_gain":0,"max_hp_loss":0,"event_name":"The Cleric","floor":11,"gold_loss":50},{"damage_healed":28,"gold_gain":0,"player_choice":"Heal","damage_taken":0,"max_hp_gain":0,"max_hp_loss":0,"event_name":"The Library","floor":21,"gold_loss":0},{"damage_healed":0,"gold_gain":0,"player_choice":"Ignored","damage_taken":0,"max_hp_gain":0,"max_hp_loss":0,"event_name":"The Mausoleum","floor":22,"gold_loss":0},{"damage_healed":0,"gold_gain":0,"player_choice":"Obtained Book","damage_taken":16,"max_hp_gain":0,"max_hp_loss":0,"event_name":"Cursed Tome","floor":30,"gold_loss":0},{"damage_healed":0,"gold_gain":0,"player_choice":"Memory 1","damage_taken":0,"max_hp_gain":0,"max_hp_loss":0,"event_name":"SensoryStone","floor":38,"gold_loss":0},{"cards_removed":["Strike_R"],"damage_healed":0,"gold_gain":0,"player_choice":"Removed Attack","damage_taken":0,"max_hp_gain":0,"max_hp_loss":0,"event_name":"Falling","floor":39,"gold_loss":0},{"damage_healed":0,"gold_gain":0,"player_choice":"Fight","damage_taken":0,"max_hp_gain":0,"max_hp_loss":0,"event_name":"Mysterious Sphere","floor":41,"gold_loss":0},{"damage_healed":0,"gold_gain":0,"player_choice":"Bought 0 Potions","damage_taken":0,"max_hp_gain":0,"max_hp_loss":0,"event_name":"The Woman in Blue","floor":47,"gold_loss":0}],"is_beta":true,"boss_relics":[{"not_picked":["Mark of Pain","Pandora\u0027s Box"],"picked":"Sozu"},{"not_picked":["Fusion Hammer","Black Star"],"picked":"Busted Crown"}],"items_purged_floors":[7,10,20,29,45],"is_endless":false,"potions_floor_spawned":[1,5,13,23,25,31,35,42,44],"ascension_level":1}