{"gold_per_floor":[114,4,179,104,104,139,139,174,174,184,84,84,114,127,127,205,205,218,218,228,228,242,242,254,254],"floor_reached":25,"playtime":992,"items_purged":["Doubt","Strike_B"],"score":345,"play_id":"5821a076-988c-44d5-a625-76700e8837a4","local_time":"20180720015632","is_ascension_mode":true,"campfire_choices":[{"data":"Coolheaded","floor":7.0,"key":"SMITH"},{"floor":12.0,"key":"REST"},{"data":"Go for the Eyes","floor":15,"key":"SMITH"},{"data":"Electrodynamics","floor":23,"key":"SMITH"}],"neow_cost":"NONE","seed_source_timestamp":0,"circlet_count":0,"master_deck":["Strike_B","Defend_B","Defend_B","Defend_B","Defend_B","Dualcast","AscendersBane","Multi-Cast","Go for the Eyes+1","Glacier","Capacitor","Zap","Good Instincts","Coolheaded+1","Electrodynamics+1","Conserve Battery","Seek","All For One+1","Doom and Gloom+1","Multi-Cast+1","Self Repair","Redo+1","Conserve Battery"],"special_seed":0,"relics":["Cracked Core","Symbiotic Virus","Prayer Wheel","Anchor","Astrolabe","Bag of Preparation"],"potions_floor_usage":[16,16],"damage_taken":[{"damage":6.0,"enemies":"2 Louse","floor":1.0,"turns":3.0},{"damage":19.0,"enemies":"Lagavulin","floor":6.0,"turns":9.0},{"damage":39.0,"enemies":"Gremlin Nob","floor":8.0,"turns":5.0},{"damage":3.0,"enemies":"Jaw Worm","floor":10.0,"turns":4.0},{"damage":7,"enemies":"Small Slimes","floor":14,"turns":3},{"damage":14,"enemies":"The Guardian","floor":16,"turns":17},{"damage":26,"enemies":"2 Thieves","floor":18,"turns":4},{"damage":16,"enemies":"Shell Parasite","floor":20,"turns":5},{"damage":18,"enemies":"Centurion and Healer","floor":22,"turns":6},{"damage":0,"enemies":"3 Cultists","floor":24,"turns":2},{"damage":17,"enemies":"Snecko","floor":25,"turns":4}],"seed_played":"-3425046078752835697","potions_obtained":[{"floor":8.0,"key":"EssenceOfSteel"},{"floor":14,"key":"SkillPotion"},{"floor":22,"key":"SpeedPotion"},{"floor":24,"key":"AttackPotion"}],"is_trial":false,"path_per_floor":["M","$","?","$","?","E","R","E","T","M","$","R","?","M","R","B",null,"M","?","M","?","M","R","M"],"character_chosen":"DEFECT","items_purchased":["Glacier","Capacitor"],"campfire_rested":1,"item_purchase_floors":[2,2],"current_hp_per_floor":[62,62,62,62,62,43,43,4,4,1,1,23,23,16,16,2,57,31,31,22,22,11,11,11,0],"gold":254,"neow_bonus":"ONE_RANDOM_RARE_CARD","is_prod":false,"is_daily":false,"chose_seed":false,"campfire_upgraded":3,"win_rate":0,"timestamp":1532019392,"path_taken":["M","$","?","$","?","E","R","E","T","M","?","R","?","M","R","BOSS","M","?","M","?","?","R","M","M"],"build_version":"2018-07-12","purchased_purges":2,"victory":false,"max_hp_per_floor":[75,75,75,75,75,75,75,75,75,75,75,75,75,75,75,75,75,75,75,75,75,75,75,75,75],"card_choices":[{"not_picked":["Sweeping Beam","Leap"],"picked":"Go for the Eyes","floor":1.0},{"not_picked":["Redo","Heatsinks"],"picked":"Coolheaded","floor":6.0},{"not_picked":["Rebound","Ball Lightning","Cold Snap"],"picked":"SKIP","floor":8.0},{"not_picked":["Gash","Auto Shields"],"picked":"Electrodynamics","floor":10.0},{"not_picked":["Redo","Heatsinks","Recycle"],"picked":"SKIP","floor":10.0},{"not_picked":["Go for the Eyes","Barrage"],"picked":"Conserve Battery","floor":14},{"not_picked":["Scrape","Rebound","Recycle"],"picked":"SKIP","floor":14},{"not_picked":["Fission","Biased Cognition"],"picked":"Seek","floor":16},{"not_picked":["Turbo","Leap"],"picked":"Self Repair","floor":18},{"not_picked":["Hologram","Double Energy","Fusion"],"picked":"SKIP","floor":18},{"not_picked":["Darkness","Streamline"],"picked":"Redo+1","floor":20},{"not_picked":["Turbo","Rainbow","Cold Snap"],"picked":"SKIP","floor":20},{"not_picked":["Capacitor","Coolheaded","Stack"],"picked":"SKIP","floor":22},{"not_picked":["Turbo","Self Repair","Rip and Tear"],"picked":"SKIP","floor":22},{"not_picked":["Rebound+1","Steam Power"],"picked":"Conserve Battery","floor":24},{"not_picked":["Steam Power","Darkness","Go for the Eyes"],"picked":"SKIP","floor":24}],"player_experience":546647,"relics_obtained":[{"floor":6.0,"key":"Symbiotic Virus"},{"floor":8.0,"key":"Prayer Wheel"},{"floor":9.0,"key":"Anchor"}],"event_choices":[{"event_name":"Liars Game","player_choice":"agreed","floor":3.0,"damage_taken":0.0},{"event_name":"Match and Keep!","player_choice":"2 cards matched","floor":5.0,"damage_taken":0.0},{"event_name":"Dead Adventurer","player_choice":"Searched \u00271\u0027 times","floor":13,"damage_taken":0},{"event_name":"Cursed Tome","player_choice":"Ignored","floor":19,"damage_taken":0},{"event_name":"The Mausoleum","player_choice":"Yes","floor":21,"damage_taken":0}],"boss_relics":[{"not_picked":["Busted Crown","Runic Dome"],"picked":"Astrolabe"}],"items_purged_floors":[4,11],"is_endless":false,"potions_floor_spawned":[8,14,22,24],"killed_by":"Snecko","ascension_level":13}