{"gold_per_floor":[369,369,369,369,17,17,32,32,32,61,61,61,8,83,83,158,158,109,127,27,44,44,44,44],"floor_reached":24,"playtime":710,"items_purged":["Defend_R","Defend_R"],"score":380,"play_id":"f645102c-127b-4088-abed-75829f5da002","local_time":"20181126104457","is_ascension_mode":true,"campfire_choices":[{"floor":6,"key":"REST"},{"data":"Apotheosis","floor":8,"key":"SMITH"},{"floor":11,"key":"REST"},{"floor":15,"key":"REST"},{"floor":23,"key":"REST"}],"neow_cost":"PERCENT_DAMAGE","seed_source_timestamp":260269598460174,"circlet_count":0,"master_deck":["AscendersBane","Strike_R","Strike_R+1","Strike_R","Strike_R+1","Defend_R","Defend_R","Bash","Disarm","Apotheosis+1","Metallicize+1","Shrug It Off","Shrug It Off","Fiend Fire","Metallicize"],"relics":["Burning Blood","Singing Bowl","Blue Candle","Lantern","Cursed Key","CultistMask"],"potions_floor_usage":[10,19,21],"damage_taken":[{"damage":2,"enemies":"Cultist","floor":1,"turns":4},{"damage":16,"enemies":"Jaw Worm","floor":7,"turns":4},{"damage":25,"enemies":"Gremlin Nob","floor":10,"turns":4},{"damage":24,"enemies":"The Guardian","floor":16,"turns":15},{"damage":22,"enemies":"2 Thieves","floor":18,"turns":5},{"damage":4,"enemies":"Spheric Guardian","floor":19,"turns":5},{"damage":36,"enemies":"Snake Plant","floor":21,"turns":4},{"damage":61,"enemies":"Gremlin Leader","floor":24,"turns":10}],"seed_played":"6502394468281184622","potions_obtained":[{"floor":1,"key":"PowerPotion"},{"floor":16,"key":"BloodPotion"},{"floor":18,"key":"Fire Potion"}],"is_trial":false,"path_per_floor":["M","?","?","?","$","R","M","R","T","E","R","?","$","?","R","B",null,"M","M","$","M","?","R","E"],"character_chosen":"IRONCLAD","items_purchased":["Apotheosis","Metallicize","Shrug It Off"],"campfire_rested":4,"item_purchase_floors":[5,5,13],"current_hp_per_floor":[54,31,24,24,24,46,38,38,38,19,42,42,42,31,54,36,67,53,57,57,35,35,59,0],"gold":44,"neow_bonus":"TWO_FIFTY_GOLD","is_prod":false,"is_daily":false,"chose_seed":false,"campfire_upgraded":1,"win_rate":0,"timestamp":1543257897,"path_taken":["M","?","?","?","$","R","?","R","T","E","R","?","?","?","R","BOSS","M","M","$","M","?","R","E"],"build_version":"2018-11-15","purchased_purges":2,"victory":false,"max_hp_per_floor":[75,75,75,75,75,75,77,77,77,77,77,77,77,77,77,77,77,79,81,81,81,81,81,81],"card_choices":[{"not_picked":["Body Slam","Second Wind"],"picked":"Disarm","floor":1},{"not_picked":["Wild Strike","Body Slam","Armaments"],"picked":"Singing Bowl","floor":7},{"not_picked":["Evolve","Bludgeon"],"picked":"Shrug It Off","floor":10},{"not_picked":["Juggernaut","Berserk"],"picked":"Fiend Fire","floor":16},{"not_picked":["Seeing Red","Second Wind","Clash"],"picked":"Singing Bowl","floor":18},{"not_picked":["Flex","Carnage","Shrug It Off"],"picked":"Singing Bowl","floor":19},{"not_picked":["Dual Wield","Carnage"],"picked":"Metallicize","floor":21}],"player_experience":677366,"relics_obtained":[{"floor":4,"key":"Singing Bowl"},{"floor":9,"key":"Blue Candle"},{"floor":10,"key":"Lantern"}],"event_choices":[{"damage_healed":0,"gold_gain":0,"player_choice":"Entered Light","damage_taken":23,"max_hp_gain":0,"max_hp_loss":0,"event_name":"Shining Light","floor":2,"gold_loss":0,"cards_upgraded":["Strike_R","Strike_R"]},{"cards_removed":["Strike_R"],"damage_healed":0,"gold_gain":0,"player_choice":"Card Removal","damage_taken":7,"max_hp_gain":0,"max_hp_loss":0,"event_name":"Golden Wing","floor":3,"gold_loss":0},{"damage_healed":0,"gold_gain":0,"player_choice":"Relic","damage_taken":0,"max_hp_gain":0,"max_hp_loss":0,"event_name":"Wheel of Change","floor":4,"gold_loss":0},{"damage_healed":0,"gold_gain":0,"player_choice":"Grow","damage_taken":0,"max_hp_gain":0,"max_hp_loss":0,"event_name":"Living Wall","floor":12,"gold_loss":0,"cards_upgraded":["Metallicize"]},{"damage_healed":0,"gold_gain":75,"player_choice":"Gather Gold","damage_taken":11,"max_hp_gain":0,"max_hp_loss":0,"event_name":"World of Goop","floor":14,"gold_loss":0},{"damage_healed":0,"gold_gain":0,"player_choice":"Trade","damage_taken":0,"relics_obtained":["CultistMask"],"max_hp_gain":0,"max_hp_loss":0,"event_name":"FaceTrader","floor":22,"gold_loss":0}],"is_beta":false,"boss_relics":[{"not_picked":["Pandora\u0027s Box","Busted Crown"],"picked":"Cursed Key"}],"items_purged_floors":[5,20],"is_endless":false,"potions_floor_spawned":[1,16,18],"killed_by":"Gremlin Leader","ascension_level":20}