{"gold_per_floor":[116,116,116,116,131,160,160,189,265,280,30,58,68,85,85,159,159,171,1,1,1,1,1,11,37,62,75,75,87,87,87,87,87],"floor_reached":33,"playtime":1289,"items_purged":["Strike_B"],"score":564,"play_id":"313dfe90-4eae-4237-94c3-5ffc3c74c6a9","local_time":"20190114220739","is_ascension_mode":true,"campfire_choices":[{"data":"Chaos","floor":7,"key":"SMITH"},{"data":"White Noise","floor":15,"key":"SMITH"},{"data":"Buffer","floor":23,"key":"SMITH"},{"floor":28,"key":"REST"},{"data":"Hologram","floor":30,"key":"SMITH"},{"floor":32,"key":"REST"}],"neow_cost":"NONE","seed_source_timestamp":365694791082800,"circlet_count":0,"master_deck":["AscendersBane","Strike_B+1","Strike_B+1","Strike_B+1","Defend_B+1","Defend_B+1","Defend_B+1","Defend_B+1","Zap","Dualcast","Streamline+1","Chaos+1","Hologram+1","Gash","Gash","Hologram","White Noise+1","Loop","Buffer+1","Gash","Coolheaded","Capacitor","Gash+1","BootSequence","Steam","Beam Cell"],"relics":["Cracked Core","NeowsBlessing","Dream Catcher","Bottled Flame","Letter Opener","Kunai","Symbiotic Virus","Busted Crown","Sundial","Orichalcum","Nilry\u0027s Codex"],"potions_floor_usage":[8,12,13,25,27,29],"damage_taken":[{"damage":0,"enemies":"Cultist","floor":1,"turns":1},{"damage":0,"enemies":"Jaw Worm","floor":5,"turns":1},{"damage":0,"enemies":"Gremlin Nob","floor":6,"turns":1},{"damage":38,"enemies":"Lagavulin","floor":8,"turns":6},{"damage":0,"enemies":"2 Louse","floor":10,"turns":2},{"damage":8,"enemies":"Gremlin Nob","floor":12,"turns":3},{"damage":2,"enemies":"Lots of Slimes","floor":13,"turns":3},{"damage":8,"enemies":"Blue Slaver","floor":14,"turns":2},{"damage":17,"enemies":"The Guardian","floor":16,"turns":6},{"damage":8,"enemies":"Spheric Guardian","floor":18,"turns":3},{"damage":9,"enemies":"Chosen","floor":24,"turns":3},{"damage":30,"enemies":"Slavers","floor":25,"turns":5},{"damage":15,"enemies":"Centurion and Healer","floor":27,"turns":5},{"damage":8,"enemies":"3 Cultists","floor":29,"turns":4},{"damage":39,"enemies":"Champ","floor":33,"turns":9}],"seed_played":"7223056766203188333","potions_obtained":[{"floor":6,"key":"Regen Potion"},{"floor":8,"key":"SkillPotion"},{"floor":10,"key":"Swift Potion"},{"floor":16,"key":"EssenceOfSteel"},{"floor":25,"key":"Regen Potion"},{"floor":27,"key":"Regen Potion"}],"is_trial":false,"path_per_floor":["M","?","?","?","M","E","R","E","T","M","$","E","M","M","R","B",null,"M","$","$","?","?","R","M","E","T","M","R","M","R","?","R","B"],"character_chosen":"DEFECT","items_purchased":["Kunai","Gash","Coolheaded"],"campfire_rested":2,"item_purchase_floors":[11,19,19],"current_hp_per_floor":[64,64,69,69,69,69,69,45,45,45,45,37,35,27,27,10,60,52,52,52,52,52,52,43,13,13,12,34,35,35,14,36,0],"gold":87,"neow_bonus":"THREE_ENEMY_KILL","is_prod":false,"is_daily":false,"chose_seed":false,"campfire_upgraded":4,"win_rate":0,"timestamp":1547532459,"path_taken":["M","?","?","?","M","E","R","E","T","M","$","E","M","M","R","BOSS","M","?","$","?","?","R","M","E","T","M","R","M","R","?","R","BOSS"],"build_version":"2019-01-10","purchased_purges":1,"victory":false,"max_hp_per_floor":[71,71,76,76,76,76,76,76,76,76,76,76,76,76,76,76,76,76,76,76,76,76,76,76,76,76,76,76,76,76,76,76,76],"card_choices":[{"not_picked":["Aggregate","Redo"],"picked":"Streamline","floor":1},{"not_picked":["Double Energy","Genetic Algorithm"],"picked":"Chaos","floor":5},{"not_picked":["Fusion","Multi-Cast"],"picked":"Hologram","floor":6},{"not_picked":["Beam Cell","Go for the Eyes"],"picked":"Gash","floor":8},{"not_picked":["Undo","Doom and Gloom"],"picked":"Gash","floor":10},{"not_picked":["Sweeping Beam","Go for the Eyes"],"picked":"Hologram","floor":12},{"not_picked":["Heatsinks","Stack"],"picked":"White Noise","floor":13},{"not_picked":["Turbo","Streamline"],"picked":"Loop","floor":14},{"not_picked":["Rainbow","Reboot"],"picked":"Buffer","floor":16},{"not_picked":["Sweeping Beam"],"picked":"SKIP","floor":18},{"not_picked":[],"picked":"Capacitor","floor":24},{"not_picked":["Rainbow"],"picked":"SKIP","floor":25},{"not_picked":[],"picked":"Gash+1","floor":27},{"not_picked":[],"picked":"BootSequence","floor":28},{"not_picked":[],"picked":"Steam","floor":29},{"not_picked":[],"picked":"Beam Cell","floor":32}],"player_experience":475714,"relics_obtained":[{"floor":6,"key":"Dream Catcher"},{"floor":8,"key":"Bottled Flame"},{"floor":9,"key":"Letter Opener"},{"floor":12,"key":"Symbiotic Virus"},{"floor":25,"key":"Sundial"},{"floor":26,"key":"Orichalcum"},{"floor":31,"key":"Nilry\u0027s Codex"}],"event_choices":[{"damage_healed":0,"gold_gain":0,"player_choice":"Ignored","damage_taken":0,"max_hp_gain":0,"max_hp_loss":0,"event_name":"Liars Game","floor":2,"gold_loss":0},{"damage_healed":0,"gold_gain":0,"player_choice":"Donut","damage_taken":0,"max_hp_gain":5,"max_hp_loss":0,"event_name":"Big Fish","floor":3,"gold_loss":0},{"damage_healed":0,"gold_gain":0,"player_choice":"Upgraded","damage_taken":0,"max_hp_gain":0,"max_hp_loss":0,"event_name":"Upgrade Shrine","floor":4,"gold_loss":0,"cards_upgraded":["Streamline"]},{"damage_healed":0,"gold_gain":0,"player_choice":"Simplicity","damage_taken":0,"max_hp_gain":0,"max_hp_loss":0,"event_name":"Back to Basics","floor":21,"gold_loss":0,"cards_upgraded":["Strike_B","Strike_B","Strike_B","Defend_B","Defend_B","Defend_B","Defend_B"]},{"damage_healed":0,"gold_gain":0,"player_choice":"Ignored","damage_taken":0,"max_hp_gain":0,"max_hp_loss":0,"event_name":"Vampires","floor":22,"gold_loss":0},{"damage_healed":0,"gold_gain":0,"player_choice":"Obtained Book","damage_taken":21,"max_hp_gain":0,"max_hp_loss":0,"event_name":"Cursed Tome","floor":31,"gold_loss":0}],"is_beta":false,"boss_relics":[{"not_picked":["Empty Cage","Black Star"],"picked":"Busted Crown"}],"items_purged_floors":[19],"is_endless":false,"potions_floor_spawned":[6,8,10,16,25,27],"killed_by":"Champ","ascension_level":15}