{"gold_per_floor":[114,114,114,114,114,114,131,161,217,2,29,29,3,16,16,16],"floor_reached":16,"playtime":378,"items_purged":[],"score":131,"play_id":"a873c74d-5e52-4081-ba0e-7852a70f3779","local_time":"20190101163907","is_ascension_mode":false,"campfire_choices":[{"data":"Defend_R","floor":6.0,"key":"SMITH"},{"data":"1","floor":15.0,"key":"LIFT"}],"neow_cost":"NONE","seed_source_timestamp":625497833962673,"circlet_count":0,"master_deck":["Strike_R","Strike_R","Strike_R","Strike_R","Defend_R","Defend_R","Defend_R","Defend_R+1","Spot Weakness","Flex","Clash","Body Slam","Entrench"],"special_seed":0,"relics":["Burning Blood","NeowsBlessing","Girya","Tiny Chest","Membership Card","Potion Belt"],"potions_floor_usage":[16],"damage_taken":[{"damage":0.0,"enemies":"Small Slimes","floor":1.0,"turns":1.0},{"damage":0.0,"enemies":"2 Louse","floor":7.0,"turns":1.0},{"damage":0.0,"enemies":"3 Sentries","floor":8.0,"turns":2.0},{"damage":43.0,"enemies":"Gremlin Nob","floor":11.0,"turns":5.0},{"damage":6.0,"enemies":"Cultist","floor":14.0,"turns":3.0},{"damage":79,"enemies":"The Guardian","floor":16,"turns":13}],"seed_played":"7102198192180368790","potions_obtained":[{"floor":8.0,"key":"Regen Potion"}],"is_trial":false,"path_per_floor":["M","?","$","?","?","R","M","E","T","$","E","?","$","M","R","B"],"character_chosen":"IRONCLAD","items_purchased":["Membership Card","Flex","Body Slam"],"campfire_rested":0,"item_purchase_floors":[10,10,13],"current_hp_per_floor":[80,73,73,78,78,78,84,85,85,85,48,48,48,48,48,0],"gold":16,"neow_bonus":"THREE_ENEMY_KILL","is_prod":false,"is_daily":false,"chose_seed":false,"campfire_upgraded":1,"win_rate":0,"timestamp":1546378747,"path_taken":["M","?","$","?","?","R","?","E","T","$","E","?","$","M","R","BOSS"],"build_version":"2018-12-20","purchased_purges":0,"victory":false,"max_hp_per_floor":[80,80,80,85,85,85,85,85,85,85,85,85,85,85,85,85],"card_choices":[{"not_picked":["Armaments","Iron Wave","Wild Strike"],"picked":"SKIP","floor":1.0},{"not_picked":["Carnage","Twin Strike","True Grit"],"picked":"SKIP","floor":7.0},{"not_picked":["Pommel Strike","Limit Break"],"picked":"Spot Weakness","floor":8.0},{"not_picked":["Wild Strike","Anger"],"picked":"Clash","floor":11.0},{"not_picked":["Clothesline","Body Slam"],"picked":"Entrench","floor":14.0}],"player_experience":381676,"relics_obtained":[{"floor":8.0,"key":"Girya"},{"floor":9.0,"key":"Tiny Chest"},{"floor":11.0,"key":"Potion Belt"}],"event_choices":[{"cards_removed":["Bash"],"damage_healed":0.0,"max_hp_gain":0.0,"max_hp_loss":0.0,"gold_gain":0.0,"event_name":"Golden Wing","player_choice":"Card Removal","floor":2.0,"gold_loss":0.0,"damage_taken":7.0},{"damage_healed":0.0,"max_hp_gain":5.0,"max_hp_loss":0.0,"gold_gain":0.0,"event_name":"Big Fish","player_choice":"Donut","floor":4.0,"gold_loss":0.0,"damage_taken":0.0},{"cards_removed":["Strike_R"],"damage_healed":0.0,"max_hp_gain":0.0,"max_hp_loss":0.0,"gold_gain":0.0,"event_name":"Bonfire Elementals","player_choice":"Offered Basic","floor":5.0,"gold_loss":0.0,"damage_taken":0.0},{"damage_healed":0.0,"max_hp_gain":0.0,"max_hp_loss":0.0,"gold_gain":0.0,"event_name":"Dead Adventurer","player_choice":"Searched \u00270\u0027 times","floor":12.0,"gold_loss":0.0,"damage_taken":0.0}],"is_beta":false,"boss_relics":[],"items_purged_floors":[],"is_endless":false,"potions_floor_spawned":[8],"killed_by":"The Guardian","ascension_level":0}