{"gold_per_floor":[210,160,160,173,173,207,231,275,275,301,301,321,354,48,48,178,178,198,273,293,51,74,118,118,136,136,136,150,193,218,289,289,409,409,430,444,469,484,484,525,239,259,259,259,293,293,293,293,293,293],"floor_reached":51,"playtime":2269,"items_purged":["Strike_R","Strike_R","Strike_R"],"score":960,"play_id":"d7254bbe-dcca-4c2f-a726-266941ce64ca","local_time":"20190305133656","is_ascension_mode":false,"campfire_choices":[{"data":"Bash","floor":11.0,"key":"SMITH"},{"data":"True Grit","floor":15.0,"key":"SMITH"},{"data":"Armaments","floor":24.0,"key":"SMITH"},{"data":"True Grit","floor":27.0,"key":"SMITH"},{"data":"Pommel Strike","floor":32.0,"key":"SMITH"},{"data":"Anger","floor":44.0,"key":"SMITH"},{"floor":49.0,"key":"RECALL"}],"neow_cost":"NONE","seed_source_timestamp":0,"circlet_count":0,"master_deck":["Strike_R","Defend_R","Defend_R","Defend_R+1","Defend_R","Bash+1","Iron Wave","True Grit+1","Clash","Pommel Strike+1","Armaments+1","Shrug It Off+1","Thunderclap","Wild Strike","Clothesline","Headbutt","Warcry+1","Cleave","True Grit+1","Cleave+1","Clash+1","Anger+1","Pommel Strike+1","Iron Wave+1","Parasite","Headbutt+1","Deep Breath"],"special_seed":0,"relics":["Burning Blood","Golden Idol","Blood Vial","Bottled Flame","Anchor","Bronze Scales","Happy Flower","Vajra","Black Star","Membership Card","Ancient Tea Set","Bag of Marbles","Paper Frog","Pen Nib","PreservedInsect","Centennial Puzzle","Tiny Chest","Cursed Key","War Paint","Boot","TheAbacus","Pear","Peace Pipe","Oddly Smooth Stone"],"potions_floor_usage":[50,50],"damage_taken":[{"damage":9.0,"enemies":"Jaw Worm","floor":1.0,"turns":4.0},{"damage":1.0,"enemies":"2 Louse","floor":4.0,"turns":3.0},{"damage":14.0,"enemies":"Gremlin Nob","floor":6.0,"turns":5.0},{"damage":0.0,"enemies":"Cultist","floor":7.0,"turns":4.0},{"damage":36.0,"enemies":"Lagavulin","floor":8.0,"turns":9.0},{"damage":0.0,"enemies":"Exordium Wildlife","floor":12.0,"turns":4.0},{"damage":18.0,"enemies":"3 Sentries","floor":13.0,"turns":11.0},{"damage":0.0,"enemies":"Slime Boss","floor":16.0,"turns":11.0},{"damage":0.0,"enemies":"3 Byrds","floor":18.0,"turns":2.0},{"damage":8.0,"enemies":"Spheric Guardian","floor":20.0,"turns":6.0},{"damage":9.0,"enemies":"Cultist and Chosen","floor":22.0,"turns":8.0},{"damage":21.0,"enemies":"Book of Stabbing","floor":23.0,"turns":7.0},{"damage":0.0,"enemies":"Centurion and Healer","floor":25.0,"turns":2.0},{"damage":5.0,"enemies":"Shelled Parasite and Fungi","floor":28.0,"turns":5.0},{"damage":3.0,"enemies":"Gremlin Leader","floor":29.0,"turns":5.0},{"damage":0.0,"enemies":"Snake Plant","floor":30.0,"turns":3.0},{"damage":0.0,"enemies":"Book of Stabbing","floor":31.0,"turns":2.0},{"damage":75.0,"enemies":"Collector","floor":33.0,"turns":8.0},{"damage":0.0,"enemies":"Orb Walker","floor":35.0,"turns":2.0},{"damage":0.0,"enemies":"3 Shapes","floor":36.0,"turns":6.0},{"damage":12.0,"enemies":"Sphere and 2 Shapes","floor":37.0,"turns":5.0},{"damage":0.0,"enemies":"3 Darklings","floor":38.0,"turns":3.0},{"damage":30.0,"enemies":"Nemesis","floor":40.0,"turns":3.0},{"damage":11.0,"enemies":"4 Shapes","floor":42.0,"turns":2.0},{"damage":0.0,"enemies":"Reptomancer","floor":45.0,"turns":2.0},{"damage":31,"enemies":"Time Eater","floor":50,"turns":14}],"seed_played":"2691094824010605116","potions_obtained":[{"floor":4.0,"key":"BloodPotion"},{"floor":6.0,"key":"FearPotion"},{"floor":7.0,"key":"Fire Potion"},{"floor":8.0,"key":"SteroidPotion"},{"floor":16.0,"key":"Explosive Potion"},{"floor":25.0,"key":"BloodPotion"},{"floor":28.0,"key":"Dexterity Potion"},{"floor":30.0,"key":"EssenceOfSteel"},{"floor":33.0,"key":"Dexterity Potion"}],"is_trial":false,"path_per_floor":["M","?","?","M","?","E","M","E","T","T","R","M","E","$","R","B",null,"M","?","M","$","M","E","R","M","T","R","M","E","M","E","R","B",null,"M","M","M","M","?","E","$","M","T","R","E","?","?","?","R","B",null],"character_chosen":"IRONCLAD","items_purchased":["Vajra","Shrug It Off","Thunderclap","Membership Card","TheAbacus","Pear"],"campfire_rested":0,"item_purchase_floors":[14,14,14,21,41,41],"current_hp_per_floor":[77,77,77,80,60,52,60,40,40,40,40,48,38,38,38,46,80,80,72,72,72,71,58,58,66,66,66,69,74,80,80,80,11,80,80,80,74,80,80,56,66,63,63,63,71,71,71,71,71,48],"gold":293,"neow_bonus":"HUNDRED_GOLD","is_prod":false,"is_daily":false,"chose_seed":false,"campfire_upgraded":6,"win_rate":0,"timestamp":1551811016,"path_taken":["M","?","?","M","?","E","M","E","T","?","R","M","E","$","R","BOSS","M","?","?","$","M","E","R","M","T","R","M","E","M","E","R","BOSS","M","M","M","M","?","E","$","?","T","R","E","?","?","?","R","BOSS"],"build_version":"2019-01-23","purchased_purges":3,"victory":true,"max_hp_per_floor":[80,80,80,80,80,80,80,80,80,80,80,80,80,80,80,80,80,80,80,80,80,80,80,80,80,80,80,80,80,80,80,80,80,80,80,80,80,80,80,80,90,90,90,90,90,90,90,90,90,90],"card_choices":[{"not_picked":["Thunderclap","Carnage"],"picked":"Iron Wave","floor":1.0},{"not_picked":["Blood for Blood","Power Through","Carnage"],"picked":"SKIP","floor":4.0},{"not_picked":["Sword Boomerang","Wild Strike"],"picked":"True Grit","floor":6.0},{"not_picked":["Rage","Sword Boomerang"],"picked":"True Grit","floor":7.0},{"not_picked":["Flame Barrier","Havoc"],"picked":"Clash","floor":8.0},{"not_picked":["Spot Weakness","Battle Trance"],"picked":"Pommel Strike","floor":12.0},{"not_picked":["Limit Break","Flex"],"picked":"Armaments","floor":13.0},{"not_picked":["Evolve","Feel No Pain+1"],"picked":"Wild Strike","floor":18.0},{"not_picked":["Heavy Blade","Wild Strike"],"picked":"Clothesline","floor":20.0},{"not_picked":["Infernal Blade","Bloodletting+1"],"picked":"Headbutt","floor":22.0},{"not_picked":["Sever Soul","Warcry","Dropkick"],"picked":"SKIP","floor":23.0},{"not_picked":["Combust","Pummel"],"picked":"Warcry+1","floor":25.0},{"not_picked":["Shockwave+1","Armaments+1"],"picked":"Cleave","floor":28.0},{"not_picked":["Infernal Blade+1","Pummel","Wild Strike"],"picked":"SKIP","floor":29.0},{"not_picked":["Whirlwind","Evolve"],"picked":"True Grit+1","floor":30.0},{"not_picked":["Exhume","Warcry","Disarm"],"picked":"SKIP","floor":31.0},{"not_picked":["Heavy Blade+1","Clothesline+1"],"picked":"Cleave+1","floor":35.0},{"not_picked":["Power Through+1","Havoc+1"],"picked":"Clash+1","floor":36.0},{"not_picked":["Burning Pact+1","Pummel+1","Hemokinesis"],"picked":"SKIP","floor":37.0},{"not_picked":["Armaments+1","True Grit+1"],"picked":"Anger","floor":38.0},{"not_picked":["Bloodletting","Sever Soul"],"picked":"Pommel Strike+1","floor":40.0},{"not_picked":["Armaments+1","Immolate"],"picked":"Iron Wave+1","floor":42.0},{"not_picked":["Twin Strike","Barricade"],"picked":"Headbutt+1","floor":45.0},{"not_picked":["Transmutation","Forethought"],"picked":"Deep Breath","floor":47.0}],"player_experience":689279,"relics_obtained":[{"floor":6.0,"key":"Blood Vial"},{"floor":8.0,"key":"Bottled Flame"},{"floor":9.0,"key":"Anchor"},{"floor":10.0,"key":"Bronze Scales"},{"floor":13.0,"key":"Happy Flower"},{"floor":23.0,"key":"Ancient Tea Set"},{"floor":23.0,"key":"Bag of Marbles"},{"floor":26.0,"key":"Paper Frog"},{"floor":29.0,"key":"Pen Nib"},{"floor":29.0,"key":"PreservedInsect"},{"floor":31.0,"key":"Centennial Puzzle"},{"floor":31.0,"key":"Tiny Chest"},{"floor":40.0,"key":"War Paint"},{"floor":40.0,"key":"Boot"},{"floor":45.0,"key":"Peace Pipe"},{"floor":45.0,"key":"Oddly Smooth Stone"}],"event_choices":[{"cards_removed":["Strike_R"],"damage_healed":0.0,"max_hp_gain":0.0,"max_hp_loss":0.0,"gold_gain":0.0,"event_name":"The Cleric","player_choice":"Card Removal","floor":2.0,"gold_loss":50.0,"damage_taken":0.0},{"damage_healed":0.0,"max_hp_gain":0.0,"max_hp_loss":0.0,"gold_gain":0.0,"event_name":"Liars Game","player_choice":"Ignored","floor":3.0,"gold_loss":0.0,"damage_taken":0.0},{"damage_healed":0.0,"max_hp_gain":0.0,"max_hp_loss":0.0,"gold_gain":0.0,"event_name":"Golden Idol","player_choice":"Take Damage","floor":5.0,"gold_loss":0.0,"damage_taken":20.0,"relics_obtained":["Golden Idol"]},{"damage_healed":0.0,"max_hp_gain":0.0,"max_hp_loss":0.0,"gold_gain":75.0,"event_name":"FaceTrader","player_choice":"Touch","floor":19.0,"gold_loss":0.0,"damage_taken":8.0},{"damage_healed":0.0,"max_hp_gain":0.0,"max_hp_loss":0.0,"gold_gain":0.0,"event_name":"SecretPortal","player_choice":"Ignored","floor":39.0,"gold_loss":0.0,"damage_taken":0.0},{"cards_removed":["True Grit"],"damage_healed":0.0,"max_hp_gain":0.0,"max_hp_loss":0.0,"gold_gain":0.0,"event_name":"Falling","player_choice":"Removed Skill","floor":46.0,"gold_loss":0.0,"damage_taken":0.0},{"damage_healed":0.0,"max_hp_gain":0.0,"max_hp_loss":0.0,"gold_gain":0.0,"event_name":"SensoryStone","player_choice":"Memory 1","floor":47.0,"gold_loss":0.0,"damage_taken":0.0},{"damage_healed":0.0,"max_hp_gain":0.0,"max_hp_loss":0.0,"gold_gain":0.0,"event_name":"Tomb of Lord Red Mask","player_choice":"Ignored","floor":48.0,"gold_loss":0.0,"damage_taken":0.0}],"is_beta":false,"boss_relics":[{"not_picked":["Velvet Choker","Fusion Hammer"],"picked":"Black Star"},{"not_picked":["Astrolabe","Black Blood"],"picked":"Cursed Key"}],"items_purged_floors":[14,21,41],"is_endless":false,"potions_floor_spawned":[4,6,7,8,16,25,28,30,33,35,36,40],"ascension_level":0}