{"gold_per_floor":[115,135,135,88,98,127,127,127,127,157,175,204,204,214,214,289,289,308,308,308,322,56,84,103,114,114,139,139,153,167,181,181,255,255,272,272,291,304,91,91,116,134,182,232,266,63,98,111,111,111],"floor_reached":51,"playtime":3634,"items_purged":[],"score":1537,"play_id":"01ad17c4-04b7-4f22-bbab-4be33384467f","local_time":"20180712221119","is_ascension_mode":true,"campfire_choices":[{"data":"Skewer","floor":8,"key":"SMITH"},{"floor":13,"key":"REST"},{"data":"Caltrops","floor":15,"key":"SMITH"},{"floor":28,"key":"REST"},{"floor":32,"key":"DIG"},{"floor":40,"key":"DIG"},{"floor":49,"key":"REST"}],"neow_cost":"NONE","seed_source_timestamp":97494112857124,"circlet_count":0,"master_deck":["Defend_G+1","Defend_G+1","Defend_G+1","Defend_G+1","Defend_G+1","Strike_G+1","Strike_G+1","Strike_G+1","Survivor","Neutralize+1","AscendersBane","Terror+1","Caltrops+1","Finisher","Dagger Spray","Skewer+1","Footwork","Dodge and Roll","Cloak And Dagger+1","Glass Knife","Cloak And Dagger","Noxious Fumes","Backflip","Well Laid Plans","Cloak And Dagger+1","Escape Plan","Sucker Punch+1","Burst","Malaise+1","Backstab","Blur","Expertise","Footwork","Well Laid Plans+1","Backflip+1"],"relics":["Ring of the Snake","Regal Pillow","Boot","Letter Opener","Gambling Chip","Odd Mushroom","Sozu","Singing Bowl","Shuriken","Shovel","Orichalcum","Dream Catcher","Fusion Hammer","War Paint","Happy Flower","Paper Crane","Anchor","Du-Vu Doll","Bottled Tornado","Strange Spoon","Potion Belt"],"potions_floor_usage":[6,12,16,24],"damage_taken":[{"damage":0,"enemies":"2 Louse","floor":1,"turns":5},{"damage":0,"enemies":"Cultist","floor":2,"turns":4},{"damage":0,"enemies":"Small Slimes","floor":5,"turns":2},{"damage":10,"enemies":"Gremlin Nob","floor":6,"turns":3},{"damage":8,"enemies":"Lagavulin","floor":10,"turns":7},{"damage":1,"enemies":"Exordium Wildlife","floor":11,"turns":4},{"damage":2,"floor":12,"turns":5},{"damage":0,"enemies":"Looter","floor":14,"turns":3},{"damage":0,"enemies":"The Guardian","floor":16,"turns":12},{"damage":18,"enemies":"Spheric Guardian","floor":18,"turns":3},{"damage":0,"enemies":"Shell Parasite","floor":21,"turns":3},{"damage":16,"enemies":"Gremlin Leader","floor":23,"turns":6},{"damage":1,"enemies":"Snecko","floor":24,"turns":4},{"damage":0,"enemies":"Snake Plant","floor":25,"turns":5},{"damage":0,"enemies":"Book of Stabbing","floor":27,"turns":5},{"damage":0,"enemies":"Chosen and Byrds","floor":29,"turns":4},{"damage":4,"enemies":"Cultist and Chosen","floor":30,"turns":4},{"damage":3,"enemies":"Snecko","floor":31,"turns":4},{"damage":1,"enemies":"Champ","floor":33,"turns":10},{"damage":0,"enemies":"Orb Walker","floor":35,"turns":3},{"damage":25,"enemies":"3 Darklings","floor":37,"turns":5},{"damage":0,"enemies":"4 Shapes","floor":38,"turns":7},{"damage":0,"enemies":"Giant Head","floor":41,"turns":7},{"damage":0,"enemies":"Maw","floor":42,"turns":7},{"damage":10,"floor":44,"turns":6},{"damage":0,"enemies":"Nemesis","floor":45,"turns":5},{"damage":11,"enemies":"2 Orb Walkers","floor":47,"turns":4},{"damage":0,"enemies":"3 Darklings","floor":48,"turns":6},{"damage":4,"enemies":"Time Eater","floor":50,"turns":14}],"seed_played":"2768617825002524212","potions_obtained":[{"floor":1,"key":"FearPotion"},{"floor":2,"key":"SpeedPotion"},{"floor":10,"key":"EssenceOfSteel"},{"floor":12,"key":"Weak Potion"}],"is_trial":false,"path_per_floor":["M","M","?","$","M","E","?","R","T","E","M","?","R","M","R","B",null,"M","?","?","M","$","E","M","M","T","E","R","M","M","M","R","B",null,"M","?","M","M","$","R","E","M","T","?","E","$","E","M","R","B"],"character_chosen":"THE_SILENT","items_purchased":["Dagger Spray","Singing Bowl","Backflip","Well Laid Plans","War Paint","Blur","Strange Spoon"],"campfire_rested":3,"item_purchase_floors":[4,22,22,22,39,39,46],"current_hp_per_floor":[59,59,59,59,59,49,49,49,49,41,40,38,66,66,66,66,66,48,48,48,48,48,32,31,33,33,33,68,70,68,67,67,66,72,72,72,47,49,49,49,49,51,51,43,43,43,32,32,73,69],"gold":111,"neow_bonus":"RANDOM_COMMON_RELIC","is_prod":false,"is_daily":false,"chose_seed":false,"campfire_upgraded":2,"win_rate":0,"timestamp":1531426279,"path_taken":["M","M","?","$","M","E","?","R","T","E","M","?","R","M","R","BOSS","M","?","?","M","$","E","M","M","T","E","R","?","?","M","R","BOSS","M","?","?","M","$","R","E","M","T","?","E","$","E","M","R","BOSS"],"build_version":"2018-07-05","purchased_purges":0,"victory":true,"max_hp_per_floor":[66,66,66,66,66,66,66,66,66,66,66,66,66,66,66,66,66,66,66,66,66,66,66,66,68,68,68,68,70,72,74,74,74,74,74,74,74,76,76,76,76,78,78,80,80,80,80,80,82,82],"card_choices":[{"not_picked":["Blur","Deflect"],"picked":"Terror","floor":1},{"not_picked":["Heel Hook","Underhanded Strike"],"picked":"Caltrops","floor":2},{"not_picked":["Backflip","Prepared"],"picked":"Skewer","floor":5},{"not_picked":["Blur","Backflip"],"picked":"Footwork","floor":6},{"not_picked":["Grand Finale","Concentrate","Poisoned Stab"],"picked":"SKIP","floor":10},{"not_picked":["Blade Dance","Underhanded Strike"],"picked":"Dodge and Roll","floor":11},{"not_picked":["Expertise","All Out Attack"],"picked":"Cloak And Dagger","floor":14},{"not_picked":["Unload","Phantasmal Killer"],"picked":"Glass Knife","floor":16},{"not_picked":["Acrobatics","Deadly Poison"],"picked":"Cloak And Dagger","floor":18},{"not_picked":["Sucker Punch","PiercingWail"],"picked":"Noxious Fumes","floor":21},{"not_picked":["Flying Knee","Crippling Poison"],"picked":"Cloak And Dagger+1","floor":23},{"not_picked":["Slice+1","Skewer"],"picked":"Escape Plan","floor":24},{"not_picked":["Tactician","Endless Agony","Flying Knee"],"picked":"Singing Bowl","floor":25},{"not_picked":["Endless Agony+1","Cloak And Dagger"],"picked":"Sucker Punch+1","floor":27},{"not_picked":["Cloak And Dagger","Backflip","Flying Knee"],"picked":"Singing Bowl","floor":29},{"not_picked":["Quick Slash","Prepared","Slice"],"picked":"Singing Bowl","floor":30},{"not_picked":["Calculated Gamble","Terror","Cloak And Dagger"],"picked":"Singing Bowl","floor":31},{"not_picked":["Corpse Explosion","Venomology"],"picked":"Burst","floor":33},{"not_picked":["Outmaneuver","Deadly Poison+1"],"picked":"Malaise+1","floor":35},{"not_picked":["Quick Slash","Concentrate"],"picked":"Backstab","floor":37},{"not_picked":["Poisoned Stab","Deflect","Dagger Spray"],"picked":"Singing Bowl","floor":38},{"not_picked":["Well Laid Plans","Slice+1"],"picked":"Expertise","floor":41},{"not_picked":["Slice","Flying Knee+1","Wraith Form v2"],"picked":"Singing Bowl","floor":42},{"not_picked":["Slice","PiercingWail","Bane"],"picked":"Singing Bowl","floor":44},{"not_picked":["Poisoned Stab","Noxious Fumes+1"],"picked":"Footwork","floor":45},{"not_picked":["Noxious Fumes","Calculated Gamble"],"picked":"Well Laid Plans+1","floor":47},{"not_picked":["Dodge and Roll+1","Backstab+1"],"picked":"Backflip+1","floor":48},{"not_picked":["Heel Hook+1","Sucker Punch","Poisoned Stab"],"picked":"Singing Bowl","floor":49}],"player_experience":824113,"relics_obtained":[{"floor":6,"key":"Boot"},{"floor":9,"key":"Letter Opener"},{"floor":10,"key":"Gambling Chip"},{"floor":12,"key":"Odd Mushroom"},{"floor":23,"key":"Shuriken"},{"floor":26,"key":"Shovel"},{"floor":27,"key":"Orichalcum"},{"floor":32,"key":"Dream Catcher"},{"floor":40,"key":"Happy Flower"},{"floor":41,"key":"Paper Crane"},{"floor":43,"key":"Anchor"},{"floor":44,"key":"Du-Vu Doll"},{"floor":45,"key":"Bottled Tornado"},{"floor":47,"key":"Potion Belt"}],"event_choices":[{"event_name":"Match and Keep!","player_choice":"1 cards matched","floor":3,"damage_taken":0},{"event_name":"Living Wall","player_choice":"Grow","floor":7,"damage_taken":0},{"event_name":"Mushrooms","player_choice":"Fought Mushrooms","floor":12,"damage_taken":0},{"event_name":"Purifier","player_choice":"One Purge","floor":19,"damage_taken":0},{"event_name":"Back to Basics","player_choice":"Simplicity","floor":20,"damage_taken":0},{"event_name":"Purifier","player_choice":"One Purge","floor":36,"damage_taken":0},{"event_name":"Mysterious Sphere","player_choice":"Fight","floor":44,"damage_taken":0}],"boss_relics":[{"not_picked":["Pandora\u0027s Box","Busted Crown"],"picked":"Sozu"},{"not_picked":["Coffee Dripper","Empty Cage"],"picked":"Fusion Hammer"}],"items_purged_floors":[],"is_endless":false,"potions_floor_spawned":[1,2,5,10,12,21,23,25,27,31,33,44,45,47],"ascension_level":15}