{"gold_per_floor":[109,123,123,73,148,148,166,199,199,199,212,212,231,247,247,342,342,353,353,368,368,3,3],"floor_reached":23,"playtime":1911,"items_purged":["Strike_B"],"score":226,"play_id":"3f8799c6-c1f2-4bf6-a364-ae97c7119ac8","local_time":"20190125012528","is_ascension_mode":true,"campfire_choices":[{"floor":6.0,"key":"RECALL"},{"floor":10,"key":"DIG"},{"floor":12,"key":"DIG"},{"data":"Defragment","floor":15,"key":"SMITH"}],"neow_cost":"TEN_PERCENT_HP_LOSS","seed_source_timestamp":0,"circlet_count":0,"master_deck":["Strike_B","Strike_B","Strike_B","Defend_B","Defend_B","Zap","Dualcast","Leap","Gash","Gash","Reboot","Go for the Eyes","Defragment+1","Gash","Reboot","Beam Cell","Glacier","Ghostly","Ghostly","Ghostly","Ghostly","Ghostly","HandOfGreed","Self Repair","Coolheaded"],"special_seed":0,"relics":["Cracked Core","Shovel","Ginger","Meat on the Bone","Torii","Pantograph","Coffee Dripper","Nilry\u0027s Codex"],"potions_floor_usage":[11],"damage_taken":[{"damage":0.0,"enemies":"Small Slimes","floor":1.0,"turns":3.0},{"damage":0.0,"enemies":"2 Louse","floor":2.0,"turns":2.0},{"damage":0.0,"enemies":"Cultist","floor":7.0,"turns":3.0},{"damage":20,"enemies":"Gremlin Nob","floor":8,"turns":4},{"damage":0,"enemies":"Lots of Slimes","floor":11,"turns":1},{"damage":0,"enemies":"Exordium Thugs","floor":13,"turns":3},{"damage":1,"enemies":"2 Fungi Beasts","floor":14,"turns":2},{"damage":50,"enemies":"The Guardian","floor":16,"turns":9},{"damage":20,"enemies":"2 Thieves","floor":18,"turns":3},{"damage":1,"enemies":"Shell Parasite","floor":20,"turns":4},{"damage":6,"enemies":"Gremlin Leader","floor":23,"turns":4}],"seed_played":"-5376907377274803294","potions_obtained":[{"floor":2.0,"key":"Explosive Potion"},{"floor":13,"key":"Dexterity Potion"}],"is_trial":false,"path_per_floor":["M","M","?","?","?","R","M","E","T","R","M","R","M","M","R","B",null,"M","?","M","?","$","E"],"character_chosen":"DEFECT","items_purchased":["HandOfGreed","Self Repair","Coolheaded"],"campfire_rested":0,"item_purchase_floors":[22,22,22],"current_hp_per_floor":[68,68,61,61,55,55,55,35,35,35,35,35,35,46,46,30,68,48,32,43,34,34,28],"gold":3,"neow_bonus":"ONE_RARE_RELIC","is_prod":false,"is_daily":false,"chose_seed":false,"campfire_upgraded":1,"win_rate":0,"timestamp":1548397528,"path_taken":["M","M","?","?","?","R","M","E","T","R","M","R","?","?","R","BOSS","M","?","M","?","?","E"],"build_version":"2019-01-23","purchased_purges":1,"victory":false,"max_hp_per_floor":[68,68,68,68,68,68,68,68,68,68,68,68,68,68,68,68,68,68,68,68,34,34,34],"card_choices":[{"not_picked":["Rebound","Compile Driver"],"picked":"Leap","floor":1.0},{"not_picked":["Steam Power","Cold Snap"],"picked":"Gash","floor":2.0},{"not_picked":["Conserve Battery","Stack"],"picked":"Gash","floor":7},{"not_picked":["Double Energy","Redo"],"picked":"Reboot","floor":8},{"not_picked":["Consume","Conserve Battery"],"picked":"Go for the Eyes","floor":11},{"not_picked":["Recycle","Turbo"],"picked":"Defragment","floor":13},{"not_picked":["Rebound","Coolheaded"],"picked":"Gash","floor":14},{"not_picked":["Buffer","Meteor Strike"],"picked":"Reboot","floor":16},{"not_picked":["Turbo","Rebound+1"],"picked":"Beam Cell","floor":18},{"not_picked":["Leap+1","Cold Snap"],"picked":"Glacier","floor":20}],"player_experience":104111,"relics_obtained":[{"floor":8,"key":"Ginger"},{"floor":9,"key":"Meat on the Bone"},{"floor":10,"key":"Torii"},{"floor":12,"key":"Pantograph"},{"floor":19,"key":"Nilry\u0027s Codex"}],"event_choices":[{"cards_removed":["Defend_B"],"damage_healed":0.0,"max_hp_gain":0.0,"max_hp_loss":0.0,"gold_gain":0.0,"event_name":"Golden Wing","player_choice":"Card Removal","floor":3.0,"gold_loss":0.0,"damage_taken":7.0},{"cards_removed":["Defend_B"],"damage_healed":0.0,"max_hp_gain":0.0,"max_hp_loss":0.0,"gold_gain":0.0,"event_name":"The Cleric","player_choice":"Card Removal","floor":4.0,"gold_loss":50.0,"damage_taken":0.0},{"damage_healed":0.0,"max_hp_gain":0.0,"max_hp_loss":0.0,"gold_gain":75.0,"event_name":"FaceTrader","player_choice":"Touch","floor":5.0,"gold_loss":0.0,"damage_taken":6.0},{"damage_healed":0,"gold_gain":0,"player_choice":"Obtained Book","damage_taken":16,"max_hp_gain":0,"max_hp_loss":0,"event_name":"Cursed Tome","floor":19,"gold_loss":0},{"damage_healed":0,"gold_gain":0,"player_choice":"Became a Ghost","damage_taken":0,"max_hp_gain":0,"max_hp_loss":34,"event_name":"Ghosts","floor":21,"gold_loss":0,"cards_obtained":["Ghostly","Ghostly","Ghostly","Ghostly","Ghostly"]}],"is_beta":false,"boss_relics":[{"not_picked":["Ectoplasm","Nuclear Battery"],"picked":"Coffee Dripper"}],"items_purged_floors":[22],"is_endless":false,"potions_floor_spawned":[2,13],"killed_by":"Gremlin Leader","ascension_level":1}