{"gold_per_floor":[115,134,59,59,78,105,121,121,121,121,150,167,167,180,180,180],"floor_reached":16,"playtime":451,"items_purged":["Strike_R"],"score":123,"play_id":"e56af365-3576-4466-8194-9670fd338a12","local_time":"20190130211535","is_ascension_mode":true,"campfire_choices":[{"floor":10,"key":"RECALL"},{"floor":15,"key":"REST"}],"neow_cost":"NONE","seed_source_timestamp":1893369834518387,"circlet_count":0,"master_deck":["Strike_R","Strike_R","Strike_R","Strike_R","Defend_R","Defend_R","Defend_R","Defend_R","Bash","Inflame","Parasite","Ghostly Armor+1","Warcry+1"],"relics":["Burning Blood","NeowsBlessing","Smiling Mask","Toxic Egg 2","Orichalcum","NlothsMask"],"potions_floor_usage":[11,14,16],"damage_taken":[{"damage":0,"enemies":"Jaw Worm","floor":1,"turns":1},{"damage":0,"enemies":"Small Slimes","floor":2,"turns":1},{"damage":0,"enemies":"Cultist","floor":5,"turns":1},{"damage":44,"enemies":"3 Sentries","floor":6,"turns":9},{"damage":12,"enemies":"Looter","floor":7,"turns":3},{"damage":49,"enemies":"Lagavulin","floor":11,"turns":7},{"damage":6,"enemies":"Blue Slaver","floor":12,"turns":6},{"damage":3,"enemies":"Large Slime","floor":14,"turns":7},{"damage":14,"enemies":"Slime Boss","floor":16,"turns":7}],"seed_played":"-5740356101815392708","potions_obtained":[{"floor":1,"key":"Block Potion"},{"floor":7,"key":"EssenceOfSteel"},{"floor":11,"key":"Dexterity Potion"},{"floor":14,"key":"Swift Potion"}],"is_trial":false,"path_per_floor":["M","M","$","?","M","E","M","?","T","R","E","M","?","M","R","B"],"character_chosen":"IRONCLAD","items_purchased":[],"campfire_rested":1,"item_purchase_floors":[],"current_hp_per_floor":[80,80,80,77,80,42,36,56,56,56,13,13,13,16,40,26],"gold":180,"neow_bonus":"THREE_ENEMY_KILL","is_prod":false,"is_daily":false,"chose_seed":false,"campfire_upgraded":0,"win_rate":0,"timestamp":1548900935,"path_taken":["M","M","$","?","M","E","M","?","T","R","E","M","?","?","R","BOSS"],"build_version":"2019-01-23","purchased_purges":1,"victory":false,"max_hp_per_floor":[80,80,80,80,80,80,80,80,80,80,80,80,80,80,80,80],"card_choices":[{"not_picked":["Metallicize","Perfected Strike","Headbutt"],"picked":"SKIP","floor":1},{"not_picked":["Headbutt","Pommel Strike","Clash"],"picked":"SKIP","floor":2},{"not_picked":["Feed","Cleave"],"picked":"Inflame","floor":5},{"not_picked":["Metallicize","Clothesline","Sword Boomerang"],"picked":"SKIP","floor":6},{"not_picked":["Heavy Blade","Whirlwind","Sentinel+1"],"picked":"SKIP","floor":7},{"not_picked":["Shockwave+1","Wild Strike"],"picked":"Ghostly Armor+1","floor":11},{"not_picked":["Body Slam","Seeing Red+1"],"picked":"Warcry+1","floor":12},{"not_picked":["Combust","Hemokinesis","Entrench+1"],"picked":"SKIP","floor":14}],"player_experience":125072,"relics_obtained":[{"floor":6,"key":"Toxic Egg 2"},{"floor":11,"key":"Orichalcum"}],"event_choices":[{"damage_healed":0,"gold_gain":0,"player_choice":"Success","damage_taken":3,"relics_obtained":["Smiling Mask"],"max_hp_gain":0,"max_hp_loss":0,"event_name":"Scrap Ooze","floor":4,"gold_loss":0},{"damage_healed":20,"gold_gain":0,"player_choice":"Healed and dodged fight","damage_taken":0,"max_hp_gain":0,"max_hp_loss":0,"event_name":"Mushrooms","floor":8,"gold_loss":0,"cards_obtained":["Parasite"]},{"damage_healed":0,"gold_gain":0,"player_choice":"Trade","damage_taken":0,"relics_obtained":["NlothsMask"],"max_hp_gain":0,"max_hp_loss":0,"event_name":"FaceTrader","floor":13,"gold_loss":0}],"is_beta":false,"boss_relics":[],"items_purged_floors":[3],"is_endless":false,"potions_floor_spawned":[1,7,11,14],"killed_by":"Slime Boss","ascension_level":2}