{"path_per_floor":["M","M","?","M","$","E","$","R","T","M","M","M","M","M","R","B",null,"M","?","M","M","?","R","M","?","T","$","R","M","E","$","R"],"character_chosen":"IRONCLAD","items_purchased":["Metallicize","Iron Wave"],"gold_per_floor":[15,32,32,2,2,37,37,37,37,47,59,71,89,106,106,210,210,223,223,237,251,166,166,177,77,152,9,9,26,54,1,1],"floor_reached":33,"campfire_rested":5,"playtime":3038,"current_hp_per_floor":[71,66,66,54,54,29,29,53,53,36,31,25,14,11,35,9,80,52,52,36,19,19,43,29,29,29,29,53,42,12,12,36],"items_purged":["Regret"],"gold":1,"play_id":"aa62ef1b-7fc1-442a-b35a-82100236b08e","is_prod":false,"is_daily":false,"campfire_rituals":0,"campfire_upgraded":0,"is_hardmode":false,"path_taken":["M","M","?","M","$","E","$","R","T","M","M","M","M","M","R","BOSS","M","?","M","M","?","R","?","?","T","$","R","M","E","$","R","BOSS"],"build_version":"2017-12-21-PROD1","purchased_purges":1,"victory":false,"master_deck":["Strike_R","Strike_R","Strike_R","Strike_R","Defend_R","Defend_R","Defend_R","Defend_R","Heavy Blade","Barricade","Metallicize","Iron Wave","Inflame","Power Through","Dual Wield","Demon Form","Metallicize","Spot Weakness","Shrug It Off","Impervious","Inflame","Headbutt","Metallicize","Thunderclap","J.A.X.","Metallicize","Battle Trance","Pummel","Iron Wave"],"max_hp_per_floor":[80,80,80,80,80,80,80,80,80,80,80,80,80,80,80,80,80,80,80,80,80,80,80,80,80,80,80,80,80,80,80,80],"relics":["Burning Blood","Centennial Puzzle","Bottled Flame","Ancient Tea Set","Mark of Pain","Happy Flower","Self Forming Clay","Toxic Egg"],"campfire_meditates":0,"card_choices":[{"not_picked":["Thunderclap","Seeing Red"],"picked":"Metallicize"},{"not_picked":["Clothesline","Searing Blow"],"picked":"Iron Wave"},{"not_picked":["Uppercut","Seeing Red"],"picked":"Inflame"},{"not_picked":["Dual Wield","Fire Breathing"],"picked":"Power Through"},{"not_picked":["True Grit","Rupture"],"picked":"Dual Wield"},{"not_picked":["Anger","Blood for Blood"],"picked":"Demon Form"},{"not_picked":["Pommel Strike","Spot Weakness"],"picked":"Metallicize"},{"not_picked":["True Grit","Blood for Blood"],"picked":"Spot Weakness"},{"not_picked":["Power Through","Perfected Strike"],"picked":"Shrug It Off"},{"not_picked":["Berserk","Fiend Fire"],"picked":"Impervious"},{"not_picked":["Headbutt","Heavy Blade"],"picked":"Inflame"},{"not_picked":["Dual Wield","Anger"],"picked":"Headbutt"},{"not_picked":["Perfected Strike","Power Through"],"picked":"Metallicize"},{"not_picked":["Headbutt","Dropkick"],"picked":"Thunderclap"},{"not_picked":["Clothesline","Combust"],"picked":"Battle Trance"},{"not_picked":["Perfected Strike","Dual Wield"],"picked":"Pummel"}],"player_experience":22122,"potions_floor_usage":[16,16,16,20,20,24],"damage_taken":[{"damage":15,"enemies":"Cultist","floor":1,"turns":4},{"damage":11,"enemies":"Jaw Worm","floor":2,"turns":7},{"damage":18,"enemies":"Looter","floor":4,"turns":4},{"damage":31,"enemies":"Gremlin Nob","floor":6,"turns":4},{"damage":23,"enemies":"3 Louse","floor":10,"turns":6},{"damage":11,"enemies":"2 Fungi Beasts","floor":11,"turns":3},{"damage":12,"enemies":"Gremlin Gang","floor":12,"turns":8},{"damage":17,"enemies":"Red Slaver","floor":13,"turns":8},{"damage":9,"enemies":"3 Louse","floor":14,"turns":6},{"damage":32,"enemies":"Hexaghost","floor":16,"turns":14},{"damage":34,"enemies":"Spheric Guardian","floor":18,"turns":8},{"damage":22,"enemies":"Chosen","floor":20,"turns":8},{"damage":23,"enemies":"Centurion and Healer","floor":21,"turns":7},{"damage":20,"enemies":"Sentry and Sphere","floor":24,"turns":7},{"damage":17,"enemies":"Snecko","floor":29,"turns":7},{"damage":36,"enemies":"Slavers","floor":30,"turns":6},{"damage":37,"enemies":"Collector","floor":33,"turns":6}],"event_choices":[{"event_name":"Big Fish","player_choice":"Box","floor":3,"damage_taken":0},{"event_name":"Back to Basics","player_choice":"Simplicity","floor":19,"damage_taken":0},{"event_name":"Addict","player_choice":"Obtained Relic","floor":22,"damage_taken":0},{"event_name":"Drug Dealer","player_choice":"Got JAXXED","floor":25,"damage_taken":0}],"boss_relics":[{"not_picked":["Cursed Key","Runic Dome"],"picked":"Mark of Pain"}],"potions_floor_spawned":[1,6,11,16,18,20],"seed_played":"6978240726709669009","killed_by":"Collector","is_trial":false}