{"gold_per_floor":[116,116,139,164,89,89,20,53,99,113,113,144,44,68,68,199,199,223,322,237,260,64,64,82,121,200,214,232,232,253,277,277,397,397,410,475,494,82,95,95,111,111,111,192,192,211,236,277,277,277],"floor_reached":51,"playtime":3303,"items_purged":["Strike_R","Strike_R","Strike_R"],"score":864,"play_id":"cc35b278-917b-459f-853b-d2af1eee4421","local_time":"20181029201837","is_ascension_mode":true,"campfire_choices":[{"data":"Havoc","floor":6,"key":"SMITH"},{"data":"True Grit","floor":15,"key":"SMITH"},{"data":"Apotheosis","floor":23,"key":"SMITH"},{"floor":29,"key":"REST"},{"floor":32,"key":"REST"},{"data":"1","floor":40,"key":"LIFT"},{"floor":45,"key":"REST"},{"floor":49,"key":"REST"}],"neow_cost":"NONE","seed_source_timestamp":1674489607267355,"circlet_count":0,"master_deck":["Strike_R","Strike_R","Defend_R","Defend_R","Defend_R","Defend_R","Bash","Wild Strike","Havoc+1","Warcry","Feel No Pain","Inflame","Evolve+1","Metallicize","True Grit+1","Demon Form","Metallicize+1","Second Wind","Apotheosis+1","Twin Strike","Double Tap","Pommel Strike+1","Burning Pact","Pommel Strike","Exhume","Shockwave","Warcry","Heavy Blade","Parasite","Clumsy","Shame","Spot Weakness+1"],"relics":["Burning Blood","Golden Idol","Ancient Tea Set","Bronze Scales","Anchor","White Beast Statue","Ornamental Fan","Bottled Lightning","Meat on the Bone","Cursed Key","Girya","Charon\u0027s Ashes","Shuriken","Singing Bowl","Lantern"],"potions_floor_usage":[8,24,24,24,25,31,36,41,46,48,50,50,50],"damage_taken":[{"damage":6,"enemies":"Cultist","floor":1,"turns":3},{"damage":12,"enemies":"2 Louse","floor":3,"turns":3},{"damage":4,"enemies":"Jaw Worm","floor":4,"turns":4},{"damage":12,"enemies":"3 Sentries","floor":8,"turns":10},{"damage":13,"enemies":"Red Slaver","floor":10,"turns":3},{"damage":17,"enemies":"Lagavulin","floor":12,"turns":7},{"damage":3,"enemies":"Large Slime","floor":14,"turns":6},{"damage":15,"enemies":"Hexaghost","floor":16,"turns":11},{"damage":13,"enemies":"Chosen","floor":18,"turns":7},{"damage":9,"enemies":"Shell Parasite","floor":21,"turns":6},{"damage":20,"enemies":"Snake Plant","floor":24,"turns":5},{"damage":48,"enemies":"Book of Stabbing","floor":25,"turns":6},{"damage":20,"enemies":"Centurion and Healer","floor":27,"turns":8},{"damage":8,"enemies":"Chosen and Byrds","floor":28,"turns":4},{"damage":20,"enemies":"Shelled Parasite and Fungi","floor":30,"turns":5},{"damage":19,"enemies":"Cultist and Chosen","floor":31,"turns":5},{"damage":71,"enemies":"Collector","floor":33,"turns":10},{"damage":0,"enemies":"3 Shapes","floor":35,"turns":4},{"damage":42,"enemies":"2 Orb Walkers","floor":36,"turns":7},{"damage":16,"enemies":"Orb Walker","floor":37,"turns":4},{"damage":15,"enemies":"Jaw Worm Horde","floor":39,"turns":5},{"damage":21,"enemies":"Writhing Mass","floor":41,"turns":7},{"damage":10,"enemies":"Transient","floor":46,"turns":5},{"damage":34,"enemies":"Jaw Worm Horde","floor":47,"turns":4},{"damage":4,"enemies":"Nemesis","floor":48,"turns":5},{"damage":71,"enemies":"Awakened One","floor":50,"turns":8}],"seed_played":"-2096648792098118316","potions_obtained":[{"floor":1,"key":"Fire Potion"},{"floor":10,"key":"Strength Potion"},{"floor":16,"key":"Regen Potion"},{"floor":18,"key":"GamblersBrew"},{"floor":24,"key":"AttackPotion"},{"floor":25,"key":"SpeedPotion"},{"floor":27,"key":"Ancient Potion"},{"floor":28,"key":"AttackPotion"},{"floor":31,"key":"GamblersBrew"},{"floor":35,"key":"Fruit Juice"},{"floor":36,"key":"Strength Potion"},{"floor":41,"key":"Explosive Potion"},{"floor":46,"key":"Regen Potion"},{"floor":48,"key":"Swift Potion"}],"is_trial":false,"path_per_floor":["M","?","M","M","$","R","$","E","T","M","?","E","$","M","R","B",null,"M","?","?","M","$","R","M","E","T","M","M","R","M","M","R","B",null,"M","?","M","$","M","R","M","?","T","T","R","M","M","E","R","B"],"character_chosen":"IRONCLAD","items_purchased":["Feel No Pain","Apotheosis","Charon\u0027s Ashes"],"campfire_rested":4,"item_purchase_floors":[7,22,38],"current_hp_per_floor":[80,60,54,56,56,56,56,50,50,43,43,32,32,35,35,26,80,73,73,73,70,70,70,68,26,26,24,34,58,56,55,79,26,80,80,49,51,51,54,54,51,56,56,56,81,79,53,69,89,36],"gold":277,"neow_bonus":"THREE_CARDS","is_prod":false,"is_daily":false,"chose_seed":false,"campfire_upgraded":3,"win_rate":0,"timestamp":1540858717,"path_taken":["M","?","M","M","$","R","?","E","T","?","?","E","$","M","R","BOSS","M","?","?","M","$","R","?","E","T","M","?","R","M","M","R","BOSS","M","?","?","?","M","R","?","?","T","?","R","?","M","E","R","BOSS"],"build_version":"2018-10-29","purchased_purges":3,"victory":true,"max_hp_per_floor":[80,80,80,80,80,80,80,80,80,80,80,80,80,80,80,80,80,80,80,80,80,80,80,80,80,80,80,80,80,80,80,80,80,80,80,85,85,85,85,85,85,85,85,85,85,87,89,89,89,89],"card_choices":[{"not_picked":["Cleave","Anger"],"picked":"Wild Strike","floor":0},{"not_picked":["Shockwave","Iron Wave"],"picked":"Havoc","floor":1},{"not_picked":["Rupture","Ghostly Armor"],"picked":"Warcry","floor":3},{"not_picked":["Blood for Blood","Heavy Blade","Twin Strike"],"picked":"SKIP","floor":4},{"not_picked":["Rampage","Impervious"],"picked":"Inflame","floor":8},{"not_picked":["Corruption","Uppercut"],"picked":"Evolve","floor":10},{"not_picked":["Wild Strike","Barricade"],"picked":"Metallicize","floor":12},{"not_picked":["Heavy Blade","Warcry"],"picked":"True Grit","floor":14},{"not_picked":["Fiend Fire","Feed"],"picked":"Demon Form","floor":16},{"not_picked":["Evolve","Seeing Red"],"picked":"Metallicize+1","floor":18},{"not_picked":["Cleave","Anger"],"picked":"Second Wind","floor":21},{"not_picked":["Flex","Carnage"],"picked":"Twin Strike","floor":24},{"not_picked":["Spot Weakness","Dual Wield"],"picked":"Double Tap","floor":25},{"not_picked":["Reckless Charge","Iron Wave"],"picked":"Pommel Strike+1","floor":27},{"not_picked":["Flex+1","Anger+1"],"picked":"Burning Pact","floor":28},{"not_picked":["Body Slam","Armaments"],"picked":"Pommel Strike","floor":30},{"not_picked":["Twin Strike","Power Through","Headbutt"],"picked":"SKIP","floor":31},{"not_picked":["Demon Form","Juggernaut"],"picked":"Exhume","floor":33},{"not_picked":["Flex","True Grit","Perfected Strike"],"picked":"SKIP","floor":35},{"not_picked":["Sword Boomerang","Armaments"],"picked":"Shockwave","floor":36},{"not_picked":["Perfected Strike+1","Ghostly Armor"],"picked":"Warcry","floor":37},{"not_picked":["Sword Boomerang+1","Whirlwind"],"picked":"Heavy Blade","floor":39},{"not_picked":["Blood for Blood+1","Clothesline+1"],"picked":"Warcry","floor":41},{"not_picked":["Wild Strike+1","Power Through+1","Warcry"],"picked":"Singing Bowl","floor":46},{"not_picked":["Cleave","Rupture+1","Headbutt"],"picked":"Singing Bowl","floor":47},{"not_picked":["Sever Soul+1","Iron Wave+1"],"picked":"Spot Weakness+1","floor":48}],"player_experience":313133,"relics_obtained":[{"floor":8,"key":"Ancient Tea Set"},{"floor":9,"key":"Bronze Scales"},{"floor":12,"key":"Anchor"},{"floor":25,"key":"Bottled Lightning"},{"floor":26,"key":"Meat on the Bone"},{"floor":36,"key":"Girya"},{"floor":43,"key":"Shuriken"},{"floor":44,"key":"Singing Bowl"},{"floor":48,"key":"Lantern"}],"event_choices":[{"damage_healed":0,"gold_gain":0,"player_choice":"Take Damage","damage_taken":20,"relics_obtained":["Golden Idol"],"max_hp_gain":0,"max_hp_loss":0,"event_name":"Golden Idol","floor":2,"gold_loss":0},{"damage_healed":0,"gold_gain":0,"player_choice":"Forge","damage_taken":0,"max_hp_gain":0,"max_hp_loss":0,"event_name":"Accursed Blacksmith","floor":11,"gold_loss":0,"cards_upgraded":["Evolve"]},{"damage_healed":0,"gold_gain":99,"player_choice":"Stole From Cult","damage_taken":0,"max_hp_gain":0,"max_hp_loss":0,"event_name":"Nest","floor":19,"gold_loss":0},{"damage_healed":0,"gold_gain":0,"player_choice":"Obtained Relic","damage_taken":0,"relics_obtained":["Ornamental Fan"],"max_hp_gain":0,"max_hp_loss":0,"event_name":"Addict","floor":20,"gold_loss":85},{"damage_healed":0,"gold_gain":0,"player_choice":"Fight","damage_taken":0,"max_hp_gain":0,"max_hp_loss":0,"event_name":"Mysterious Sphere","floor":36,"gold_loss":0},{"cards_removed":["Warcry"],"damage_healed":5,"gold_gain":0,"player_choice":"Offered Common","damage_taken":0,"max_hp_gain":0,"max_hp_loss":0,"event_name":"Bonfire Elementals","floor":42,"gold_loss":0},{"cards_removed":["Warcry"],"damage_healed":5,"gold_gain":0,"player_choice":"Offered Special","damage_taken":0,"max_hp_gain":0,"max_hp_loss":0,"event_name":"Bonfire Elementals","floor":42,"gold_loss":0}],"is_beta":true,"boss_relics":[{"not_picked":["Runic Dome","Eternal Feather"],"picked":"White Beast Statue"},{"not_picked":["Philosopher\u0027s Stone","Black Star"],"picked":"Cursed Key"}],"items_purged_floors":[5,13,38],"is_endless":false,"potions_floor_spawned":[1,10,16,18,21,24,25,27,28,30,31,33,35,36,37,39,41,46,47,48],"ascension_level":3}