{"gold_per_floor":[359,5,5,24,24,53,53,88,88,88,118,118,148,164,164,238,238,255,5,22,22,22,22,53,53,53,72,72,137,154,186,186,265,265,284,295,295,0,16,16,26,26,52,66,66,84,100,117,117,117],"floor_reached":50,"playtime":4077,"items_purged":[],"score":1185,"play_id":"2ccca817-7faa-486a-8b7d-ed4ccaf2df83","local_time":"20190203065830","is_ascension_mode":true,"campfire_choices":[{"floor":7,"key":"REST"},{"floor":10,"key":"REST"},{"data":"Zap","floor":15,"key":"SMITH"},{"floor":23,"key":"REST"},{"floor":25,"key":"REST"},{"data":"Dualcast","floor":28,"key":"SMITH"},{"floor":32,"key":"REST"},{"floor":40,"key":"REST"},{"floor":42,"key":"REST"},{"floor":49,"key":"RECALL"}],"neow_cost":"PERCENT_DAMAGE","seed_source_timestamp":226329480421098,"circlet_count":0,"master_deck":["AscendersBane","Strike_B","Strike_B","Strike_B","Defend_B","Defend_B","Defend_B","Defend_B","Zap+1","Dualcast+1","Doom and Gloom","Cold Snap+1","Seek","Steam+1","FTL","Cold Snap","Ball Lightning","Echo Form","Redo","Echo Form","Sunder","Sweeping Beam","Self Repair","Necronomicurse","Conserve Battery","Hello World","Conserve Battery","Chill","Chaos+1","Reboot+1","Doom and Gloom+1","Stack+1","Hologram+1","Turbo+1","Fission+1","Madness+1","Madness+1","Defragment","Melter"],"relics":["Cracked Core","PreservedInsect","Letter Opener","DataDisk","Pen Nib","Bag of Marbles","Strawberry","Black Star","OrangePellets","Necronomicon","Pear","Blood Vial","Boot","Tiny Chest","Smiling Mask","Kunai","Toxic Egg 2","Fusion Hammer","Red Mask"],"potions_floor_usage":[16,24,27,31,33,46,48],"damage_taken":[{"damage":1,"enemies":"Cultist","floor":1,"turns":3},{"damage":5,"enemies":"Jaw Worm","floor":4,"turns":2},{"damage":13,"enemies":"Lagavulin","floor":6,"turns":5},{"damage":0,"enemies":"Gremlin Nob","floor":8,"turns":3},{"damage":29,"enemies":"Lagavulin","floor":11,"turns":4},{"damage":0,"enemies":"Gremlin Nob","floor":13,"turns":2},{"damage":0,"enemies":"Small Slimes","floor":14,"turns":3},{"damage":13,"enemies":"The Guardian","floor":16,"turns":8},{"damage":31,"enemies":"3 Byrds","floor":18,"turns":3},{"damage":3,"enemies":"Chosen","floor":20,"turns":5},{"damage":22,"enemies":"Book of Stabbing","floor":24,"turns":3},{"damage":6,"enemies":"Sentry and Sphere","floor":27,"turns":3},{"damage":48,"enemies":"Gremlin Leader","floor":29,"turns":5},{"damage":11,"enemies":"Snecko","floor":30,"turns":3},{"damage":18,"enemies":"Book of Stabbing","floor":31,"turns":3},{"damage":30,"enemies":"Collector","floor":33,"turns":8},{"damage":24,"enemies":"3 Shapes","floor":35,"turns":3},{"damage":11,"enemies":"Orb Walker","floor":36,"turns":3},{"damage":9,"enemies":"Jaw Worm Horde","floor":39,"turns":3},{"damage":26,"enemies":"Writhing Mass","floor":41,"turns":6},{"damage":21,"enemies":"Maw","floor":44,"turns":6},{"damage":23,"enemies":"3 Darklings","floor":46,"turns":3},{"damage":6,"enemies":"Writhing Mass","floor":47,"turns":3},{"damage":0,"enemies":"Spire Growth","floor":48,"turns":4},{"damage":61,"enemies":"Time Eater","floor":50,"turns":10}],"seed_played":"7327569314728211442","potions_obtained":[{"floor":6,"key":"SteroidPotion"},{"floor":8,"key":"Swift Potion"},{"floor":20,"key":"SteroidPotion"},{"floor":30,"key":"AttackPotion"},{"floor":31,"key":"Weak Potion"},{"floor":33,"key":"Ancient Potion"},{"floor":41,"key":"SpeedPotion"},{"floor":47,"key":"SmokeBomb"}],"is_trial":false,"path_per_floor":["M","$","?","M","?","E","R","E","T","R","E","?","E","M","R","B",null,"M","$","M","?","?","R","E","R","T","M","R","E","M","E","R","B",null,"M","M","?","?","M","R","M","R","T","M","?","M","M","M","R","B"],"character_chosen":"DEFECT","items_purchased":["PreservedInsect","Cold Snap","Seek","Steam","OrangePellets","Sweeping Beam"],"campfire_rested":7,"item_purchase_floors":[2,2,2,2,19,19],"current_hp_per_floor":[45,45,24,19,42,29,50,50,50,71,42,42,49,49,49,36,68,37,37,34,13,13,36,31,57,57,67,67,28,26,10,36,15,70,48,39,39,39,39,65,55,81,81,69,53,32,42,58,58,0],"gold":117,"neow_bonus":"TWO_FIFTY_GOLD","is_prod":false,"is_daily":false,"chose_seed":false,"campfire_upgraded":2,"win_rate":0,"timestamp":1549173510,"path_taken":["M","$","?","M","?","E","R","E","T","R","E","?","E","?","R","BOSS","M","$","M","?","?","R","E","R","T","M","R","E","M","E","R","BOSS","M","M","?","?","M","R","M","R","T","M","?","M","M","M","R","BOSS"],"build_version":"2019-01-23","purchased_purges":0,"victory":false,"max_hp_per_floor":[71,71,71,71,71,71,71,71,71,71,71,71,78,78,78,78,78,78,78,78,78,78,78,88,88,88,88,88,88,88,88,88,88,88,88,88,88,88,88,88,88,88,88,88,88,88,88,88,88,88],"card_choices":[{"not_picked":["Conserve Battery","Compile Driver"],"picked":"Doom and Gloom","floor":1},{"not_picked":["Redo","Blizzard","Aggregate"],"picked":"SKIP","floor":4},{"not_picked":["Gash","Steam"],"picked":"FTL","floor":6},{"not_picked":["Gash","Conserve Battery"],"picked":"Cold Snap","floor":8},{"not_picked":["Darkness","Turbo"],"picked":"Ball Lightning","floor":11},{"not_picked":["Ball Lightning","Fusion"],"picked":"Echo Form","floor":13},{"not_picked":["Tempest","Go for the Eyes"],"picked":"Redo","floor":14},{"not_picked":["Machine Learning","Core Surge"],"picked":"Echo Form","floor":16},{"not_picked":["Compile Driver","Stack"],"picked":"Sunder","floor":18},{"not_picked":["Coolheaded","Streamline"],"picked":"Self Repair","floor":20},{"not_picked":["Scrape","Steam"],"picked":"Conserve Battery","floor":24},{"not_picked":["Skim","Beam Cell"],"picked":"Hello World","floor":27},{"not_picked":["Reprogram","Beam Cell"],"picked":"Conserve Battery","floor":29},{"not_picked":["Chaos","Hologram"],"picked":"Chill","floor":30},{"not_picked":["Gash","Go for the Eyes"],"picked":"Chaos","floor":31},{"not_picked":["Buffer","Rainbow+1"],"picked":"Reboot+1","floor":33},{"not_picked":["Gash+1","Hello World"],"picked":"Doom and Gloom+1","floor":35},{"not_picked":["Beam Cell","Conserve Battery+1"],"picked":"Stack+1","floor":36},{"not_picked":["Leap+1","Scrape+1"],"picked":"Hologram+1","floor":39},{"not_picked":["Rebound","Beam Cell+1"],"picked":"Turbo+1","floor":41},{"not_picked":["Undo+1","Hologram+1"],"picked":"Fission+1","floor":44},{"not_picked":["Stack+1","Barrage"],"picked":"Defragment","floor":46},{"not_picked":["Gash","Skim+1"],"picked":"Melter","floor":47},{"not_picked":["Cold Snap","Go for the Eyes","FTL"],"picked":"SKIP","floor":48}],"player_experience":1039098,"relics_obtained":[{"floor":6,"key":"Letter Opener"},{"floor":8,"key":"DataDisk"},{"floor":9,"key":"Pen Nib"},{"floor":11,"key":"Bag of Marbles"},{"floor":13,"key":"Strawberry"},{"floor":21,"key":"Necronomicon"},{"floor":24,"key":"Pear"},{"floor":24,"key":"Blood Vial"},{"floor":26,"key":"Boot"},{"floor":29,"key":"Tiny Chest"},{"floor":29,"key":"Smiling Mask"},{"floor":31,"key":"Kunai"},{"floor":31,"key":"Toxic Egg 2"}],"event_choices":[{"damage_healed":0,"gold_gain":0,"player_choice":"Entered Light","damage_taken":21,"max_hp_gain":0,"max_hp_loss":0,"event_name":"Shining Light","floor":3,"gold_loss":0,"cards_upgraded":["Cold Snap","Steam"]},{"damage_healed":23,"gold_gain":0,"player_choice":"Banana","damage_taken":0,"max_hp_gain":0,"max_hp_loss":0,"event_name":"Big Fish","floor":5,"gold_loss":0},{"cards_removed":["Strike_B"],"damage_healed":0,"gold_gain":0,"player_choice":"Purged","damage_taken":0,"max_hp_gain":0,"max_hp_loss":0,"event_name":"Purifier","floor":12,"gold_loss":0},{"damage_healed":0,"gold_gain":0,"player_choice":"Obtained Book","damage_taken":21,"max_hp_gain":0,"max_hp_loss":0,"event_name":"Cursed Tome","floor":21,"gold_loss":0},{"damage_healed":0,"gold_gain":0,"player_choice":"Ignored","damage_taken":0,"max_hp_gain":0,"max_hp_loss":0,"event_name":"Mysterious Sphere","floor":37,"gold_loss":0},{"damage_healed":0,"gold_gain":0,"player_choice":"Paid","damage_taken":0,"relics_obtained":["Red Mask"],"max_hp_gain":0,"max_hp_loss":0,"event_name":"Tomb of Lord Red Mask","floor":38,"gold_loss":295},{"damage_healed":0,"gold_gain":0,"player_choice":"Embrace Madness","damage_taken":16,"max_hp_gain":0,"max_hp_loss":0,"event_name":"Winding Halls","floor":45,"gold_loss":0,"cards_obtained":["Madness","Madness"]}],"is_beta":true,"boss_relics":[{"not_picked":["Busted Crown","Runic Pyramid"],"picked":"Black Star"},{"not_picked":["Philosopher\u0027s Stone","White Beast Statue"],"picked":"Fusion Hammer"}],"items_purged_floors":[],"is_endless":false,"potions_floor_spawned":[6,8,13,14,20,30,31,33,41,47],"killed_by":"Time Eater","ascension_level":20}