{"gold_per_floor":[367,367,542,216,216,216,248,95,166,183,195,210,223,100,100,203,203,216,216,231,243,243,276,276,83,383,401,417,417,203,220,220,220],"floor_reached":33,"playtime":1331,"items_purged":["Doubt","Strike_R","Strike_R"],"score":370,"play_id":"82a206b9-db0a-46ec-a185-43ca75ffe56a","local_time":"20190203230330","is_ascension_mode":true,"campfire_choices":[{"data":"Rage","floor":6,"key":"SMITH"},{"floor":15,"key":"REST"},{"floor":24,"key":"REST"},{"floor":29,"key":"REST"},{"floor":32,"key":"REST"}],"neow_cost":"CURSE","seed_source_timestamp":2244566315402126,"circlet_count":0,"master_deck":["Strike_R","Strike_R","Strike_R","Defend_R","Defend_R","Defend_R","Bash","Rage+1","Thunderclap","Shrug It Off+1","Thunderclap+1","Iron Wave+1","Flex+1","Whirlwind+1","Uppercut+1","Finesse+1","Bludgeon+1","Shrug It Off+1","True Grit+1","Intimidate+1","Bludgeon+1","Headbutt+1","Power Through+1"],"relics":["Burning Blood","Toxic Egg 2","Kunai","Unceasing Top","Molten Egg 2","Black Star","Pear","Bag of Preparation","Sundial","Membership Card","Old Coin","HandDrill"],"potions_floor_usage":[13,18,23,23,27,33,33],"damage_taken":[{"damage":12,"enemies":"Small Slimes","floor":1,"turns":3},{"damage":34,"enemies":"Lagavulin","floor":7,"turns":8},{"damage":2,"enemies":"Jaw Worm","floor":10,"turns":4},{"damage":0,"enemies":"Cultist","floor":11,"turns":3},{"damage":0,"enemies":"Large Slime","floor":12,"turns":6},{"damage":23,"enemies":"Red Slaver","floor":13,"turns":5},{"damage":26,"enemies":"The Guardian","floor":16,"turns":11},{"damage":35,"enemies":"2 Thieves","floor":18,"turns":4},{"damage":0,"enemies":"3 Byrds","floor":20,"turns":4},{"damage":9,"enemies":"Snake Plant","floor":21,"turns":3},{"damage":57,"enemies":"Gremlin Leader","floor":23,"turns":8},{"damage":23,"enemies":"Sentry and Sphere","floor":27,"turns":4},{"damage":23,"enemies":"Shelled Parasite and Fungi","floor":28,"turns":6},{"damage":4,"enemies":"3 Cultists","floor":31,"turns":3},{"damage":86,"enemies":"Collector","floor":33,"turns":10}],"seed_played":"6416209240044753450","potions_obtained":[{"floor":12,"key":"Fruit Juice"},{"floor":16,"key":"EntropicBrew"},{"floor":23,"key":"Poison Potion"}],"is_trial":false,"path_per_floor":["M","?","?","$","?","R","E","$","T","M","M","M","M","$","R","B",null,"M","?","M","M","?","E","R","$","T","M","M","R","$","M","R","B"],"character_chosen":"IRONCLAD","items_purchased":["Kunai","Shrug It Off+1","Uppercut+1","Finesse+1","Membership Card","HandDrill","AttackPotion","PowerPotion"],"campfire_rested":4,"item_purchase_floors":[4,8,14,14,25,30,30,30],"current_hp_per_floor":[74,62,62,62,55,55,27,27,27,31,37,43,31,31,56,36,85,56,66,72,69,69,18,46,46,46,29,12,40,40,42,70,0],"gold":220,"neow_bonus":"TWO_FIFTY_GOLD","is_prod":false,"is_daily":false,"chose_seed":false,"campfire_upgraded":1,"win_rate":0,"timestamp":1549253010,"path_taken":["M","?","?","?","?","R","E","$","T","M","?","?","M","$","R","BOSS","M","?","M","?","?","E","R","$","T","?","M","R","$","M","R","BOSS"],"build_version":"2019-01-23","purchased_purges":3,"victory":false,"max_hp_per_floor":[80,80,80,80,80,80,80,80,80,80,80,80,85,85,85,85,85,85,95,95,95,95,95,95,95,95,95,95,95,95,95,95,95],"card_choices":[{"not_picked":["Uppercut","Pommel Strike"],"picked":"Rage","floor":1},{"not_picked":["Burning Pact+1","Rampage"],"picked":"Thunderclap","floor":7},{"not_picked":["Anger+1","Sword Boomerang+1"],"picked":"Thunderclap+1","floor":10},{"not_picked":["Bloodletting+1","Pommel Strike+1"],"picked":"Iron Wave+1","floor":11},{"not_picked":["Sword Boomerang+1","Inflame"],"picked":"Flex+1","floor":12},{"not_picked":["Dual Wield+1","Warcry+1"],"picked":"Whirlwind+1","floor":13},{"not_picked":["Brutality","Exhume+1"],"picked":"Bludgeon+1","floor":16},{"not_picked":["Headbutt+1","Sword Boomerang+1"],"picked":"Shrug It Off+1","floor":18},{"not_picked":["Havoc+1","Iron Wave+1"],"picked":"True Grit+1","floor":20},{"not_picked":["Wild Strike+1","Clash+1"],"picked":"Intimidate+1","floor":21},{"not_picked":["True Grit+1","Wild Strike+1"],"picked":"Bludgeon+1","floor":23},{"not_picked":["Pummel+1","Anger+1"],"picked":"Headbutt+1","floor":27},{"not_picked":["Flex+1","Shrug It Off+1"],"picked":"Power Through+1","floor":28},{"not_picked":["Metallicize","Shockwave+1","Spot Weakness+1"],"picked":"SKIP","floor":31}],"player_experience":144202,"relics_obtained":[{"floor":7,"key":"Unceasing Top"},{"floor":9,"key":"Molten Egg 2"},{"floor":23,"key":"Bag of Preparation"},{"floor":23,"key":"Sundial"},{"floor":26,"key":"Old Coin"}],"event_choices":[{"damage_healed":0,"gold_gain":0,"player_choice":"Success","damage_taken":12,"relics_obtained":["Toxic Egg 2"],"max_hp_gain":0,"max_hp_loss":0,"event_name":"Scrap Ooze","floor":2,"gold_loss":0},{"damage_healed":0,"gold_gain":175,"player_choice":"AGREE","damage_taken":0,"max_hp_gain":0,"max_hp_loss":0,"event_name":"Liars Game","floor":3,"gold_loss":0,"cards_obtained":["Doubt"]},{"cards_removed":["Writhe"],"damage_healed":0,"gold_gain":0,"player_choice":"Card Removal","damage_taken":7,"max_hp_gain":0,"max_hp_loss":0,"event_name":"Golden Wing","floor":5,"gold_loss":0},{"damage_healed":0,"gold_gain":0,"player_choice":"Gave Potion","damage_taken":0,"relics_obtained":["Pear"],"max_hp_gain":0,"max_hp_loss":0,"event_name":"WeMeetAgain","floor":19,"gold_loss":0},{"cards_removed":["Defend_R"],"damage_healed":0,"gold_gain":0,"player_choice":"Offered Basic","damage_taken":0,"max_hp_gain":0,"max_hp_loss":0,"event_name":"Bonfire Elementals","floor":22,"gold_loss":0}],"is_beta":false,"boss_relics":[{"not_picked":["Lizard Tail","Busted Crown"],"picked":"Black Star"}],"items_purged_floors":[4,8,30],"is_endless":false,"potions_floor_spawned":[12,16,23],"killed_by":"Collector","ascension_level":4}