{"gold_per_floor":[119,269,20,20,20,61,61,101,101,101],"floor_reached":10,"playtime":218,"items_purged":["Doubt"],"score":214,"play_id":"084ef0d4-aca9-4d45-b192-dfbbbb9c41eb","local_time":"20190113182433","is_ascension_mode":true,"campfire_choices":[{"data":"Streamline","floor":7,"key":"SMITH"}],"neow_cost":"NONE","seed_source_timestamp":266981866489499,"circlet_count":0,"master_deck":["AscendersBane","Strike_B","Strike_B","Strike_B","Strike_B","Defend_B","Defend_B","Defend_B","Defend_B","Zap","Dualcast","Streamline+1","Storm","Lockon","Coolheaded","Storm","Storm"],"relics":["Cracked Core","NeowsBlessing","Golden Idol","Pen Nib","Happy Flower","Bag of Preparation","Bottled Tornado"],"potions_floor_usage":[10],"damage_taken":[{"damage":0,"enemies":"Small Slimes","floor":1,"turns":1},{"damage":0,"enemies":"Lagavulin","floor":6,"turns":1},{"damage":0,"enemies":"Gremlin Nob","floor":8,"turns":1},{"damage":34,"enemies":"3 Sentries","floor":10,"turns":4}],"seed_played":"-6033416587733414380","potions_obtained":[{"floor":6,"key":"Explosive Potion"},{"floor":8,"key":"Poison Potion"}],"is_trial":false,"path_per_floor":["M","?","$","?","?","E","R","E","T","E"],"character_chosen":"DEFECT","items_purchased":["Storm","Lockon","Coolheaded"],"campfire_rested":0,"item_purchase_floors":[3,3,3],"current_hp_per_floor":[64,64,64,40,29,29,29,29,29,0],"gold":101,"neow_bonus":"THREE_ENEMY_KILL","is_prod":false,"is_daily":false,"chose_seed":false,"campfire_upgraded":1,"win_rate":0,"timestamp":1547432673,"path_taken":["M","?","$","?","?","E","R","E","T","E"],"build_version":"2019-01-10","purchased_purges":1,"victory":false,"max_hp_per_floor":[71,71,71,71,71,71,71,71,71,71],"card_choices":[{"not_picked":["Hologram","Cold Snap"],"picked":"Streamline","floor":1},{"not_picked":["Beam Cell","Lockon"],"picked":"Storm","floor":6},{"not_picked":["Ball Lightning","Force Field"],"picked":"Storm","floor":8}],"player_experience":461122,"relics_obtained":[{"floor":6,"key":"Happy Flower"},{"floor":8,"key":"Bag of Preparation"},{"floor":9,"key":"Bottled Tornado"}],"event_choices":[{"damage_healed":0,"gold_gain":150,"player_choice":"AGREE","damage_taken":0,"max_hp_gain":0,"max_hp_loss":0,"event_name":"Liars Game","floor":2,"gold_loss":0,"cards_obtained":["Doubt"]},{"damage_healed":0,"gold_gain":0,"player_choice":"Take Damage","damage_taken":24,"relics_obtained":["Golden Idol"],"max_hp_gain":0,"max_hp_loss":0,"event_name":"Golden Idol","floor":4,"gold_loss":0},{"damage_healed":0,"gold_gain":0,"player_choice":"Success","damage_taken":11,"relics_obtained":["Pen Nib"],"max_hp_gain":0,"max_hp_loss":0,"event_name":"Scrap Ooze","floor":5,"gold_loss":0}],"is_beta":false,"boss_relics":[],"items_purged_floors":[3],"is_endless":false,"potions_floor_spawned":[6,8],"killed_by":"3 Sentries","ascension_level":15}