{"gold_per_floor":[112,112,112,37,48,48,48,48,71,121,121],"floor_reached":11,"playtime":147,"items_purged":[],"score":118,"play_id":"05ddb5ba-79a0-407a-b0c0-208978752a96","local_time":"20181104142725","is_ascension_mode":true,"campfire_choices":[{"data":"Zap","floor":6,"key":"SMITH"},{"data":"Dualcast","floor":8,"key":"SMITH"}],"neow_cost":"NONE","seed_source_timestamp":242098592481133,"circlet_count":0,"master_deck":["AscendersBane","Strike_B","Strike_B","Strike_B","Strike_B","Defend_B","Defend_B","Defend_B","Defend_B","Zap+1","Dualcast+1","Consume","Capacitor","Pain"],"special_seed":0,"relics":["Cracked Core","Molten Egg 2","SsserpentHead","Juzu Bracelet","WarpedTongs"],"potions_floor_usage":[],"damage_taken":[{"damage":7.0,"enemies":"Small Slimes","floor":1.0,"turns":3.0},{"damage":3,"enemies":"2 Louse","floor":5,"turns":3},{"damage":57,"enemies":"Gremlin Nob","floor":11,"turns":4}],"seed_played":"3710834777101797815","potions_obtained":[],"is_trial":false,"path_per_floor":["M","?","?","$","M","R","?","R","T","?","E"],"character_chosen":"DEFECT","items_purchased":["Capacitor"],"campfire_rested":0,"item_purchase_floors":[4],"current_hp_per_floor":[64,64,57,57,54,54,54,54,54,54,0],"gold":121,"neow_bonus":"TEN_PERCENT_HP_BONUS","is_prod":false,"is_daily":false,"chose_seed":false,"campfire_upgraded":2,"win_rate":0,"timestamp":1541370445,"path_taken":["M","?","?","$","M","R","?","R","T","?","E"],"build_version":"2018-11-01","purchased_purges":0,"victory":false,"max_hp_per_floor":[78,78,78,78,78,78,78,78,78,78,78],"card_choices":[{"not_picked":["Go for the Eyes","Rebound"],"picked":"Consume","floor":1.0},{"not_picked":["Melter+1","Aggregate","Force Field"],"picked":"SKIP","floor":5}],"player_experience":614772,"relics_obtained":[{"floor":9,"key":"Juzu Bracelet"}],"event_choices":[{"damage_healed":0.0,"max_hp_gain":0.0,"max_hp_loss":0.0,"gold_gain":0.0,"event_name":"Big Fish","player_choice":"Box","floor":2.0,"gold_loss":0.0,"damage_taken":0.0,"relics_obtained":["Molten Egg 2"],"cards_obtained":["Regret"]},{"cards_removed":["Regret"],"damage_healed":0.0,"max_hp_gain":0.0,"max_hp_loss":0.0,"gold_gain":0.0,"event_name":"Golden Wing","player_choice":"Card Removal","floor":3.0,"gold_loss":0.0,"damage_taken":7.0},{"damage_healed":0,"gold_gain":0,"player_choice":"Trade","damage_taken":0,"relics_obtained":["SsserpentHead"],"max_hp_gain":0,"max_hp_loss":0,"event_name":"FaceTrader","floor":7,"gold_loss":0},{"damage_healed":0,"gold_gain":0,"player_choice":"Rummage","damage_taken":0,"relics_obtained":["WarpedTongs"],"max_hp_gain":0,"max_hp_loss":0,"event_name":"Accursed Blacksmith","floor":10,"gold_loss":0,"cards_obtained":["Pain"]}],"is_beta":false,"boss_relics":[],"items_purged_floors":[],"is_endless":false,"potions_floor_spawned":[],"killed_by":"Gremlin Nob","ascension_level":20}