{"gold_per_floor":[110,110,185,185,110,146,75,75,100,138,138,91,129,145,145,274,304,323,323,342,356,410,410,108,124,124,143,143,53,53,78,78,207,270,286,307,70,70],"floor_reached":38,"playtime":1641,"items_purged":["Strike_R","Pain"],"score":641,"play_id":"d8035bfb-62e8-4171-89d1-8d9a6c84d310","local_time":"20190219223954","is_ascension_mode":true,"campfire_choices":[{"data":"Spot Weakness","floor":8,"key":"SMITH"},{"data":"Flame Barrier","floor":11,"key":"SMITH"},{"data":"Shockwave","floor":15,"key":"SMITH"},{"floor":23,"key":"REST"},{"floor":30,"key":"REST"},{"floor":32,"key":"REST"}],"neow_cost":"NONE","seed_source_timestamp":444164590948579,"circlet_count":0,"master_deck":["Strike_R","Strike_R","Strike_R","Defend_R","Defend_R","Defend_R","Defend_R","Bash","Headbutt","Spot Weakness+1","Carnage+1","Flame Barrier+1","Shrug It Off","Shockwave+1","Clash+1","Offering","Clumsy","Heavy Blade","Metallicize","Armaments","Cleave","Sever Soul","Warcry","Iron Wave+1","Double Tap","Flex","Pommel Strike+1","Uppercut+1","Flame Barrier"],"relics":["Burning Blood","NeowsBlessing","Golden Idol","Orichalcum","PreservedInsect","Ice Cream","Darkstone Periapt","Calling Bell","Tiny Chest","Matryoshka","Bird Faced Urn","Vajra","Anchor","Omamori","Regal Pillow","Blood Vial","Gremlin Horn","Tiny House","Oddly Smooth Stone"],"potions_floor_usage":[19,27,33,38],"damage_taken":[{"damage":0,"enemies":"Small Slimes","floor":1,"turns":1},{"damage":0,"enemies":"Gremlin Nob","floor":6,"turns":1},{"damage":0,"enemies":"Lagavulin","floor":10,"turns":1},{"damage":10,"enemies":"Gremlin Nob","floor":13,"turns":3},{"damage":7,"enemies":"Jaw Worm","floor":14,"turns":3},{"damage":11,"enemies":"The Guardian","floor":16,"turns":9},{"damage":16,"enemies":"Chosen","floor":18,"turns":6},{"damage":17,"enemies":"Colosseum Slavers","floor":19,"turns":4},{"damage":37,"enemies":"Spheric Guardian","floor":20,"turns":6},{"damage":31,"enemies":"Snecko","floor":21,"turns":6},{"damage":26,"enemies":"Snake Plant","floor":25,"turns":6},{"damage":13,"enemies":"Centurion and Healer","floor":27,"turns":5},{"damage":11,"enemies":"Snecko","floor":31,"turns":5},{"damage":135,"enemies":"Automaton","floor":33,"turns":13},{"damage":23,"enemies":"3 Shapes","floor":35,"turns":5},{"damage":29,"enemies":"Orb Walker","floor":36,"turns":5},{"damage":57,"enemies":"Maw","floor":38,"turns":8}],"seed_played":"7580151459407327247","potions_obtained":[{"floor":6,"key":"Energy Potion"},{"floor":10,"key":"FairyPotion"},{"floor":14,"key":"Block Potion"},{"floor":21,"key":"Explosive Potion"},{"floor":27,"key":"BloodPotion"},{"floor":34,"key":"Swift Potion"}],"is_trial":false,"path_per_floor":["M","?","?","?","$","E","$","R","T","E","R","$","E","M","R","B",null,"M","?","M","M","T","R","$","M","T","M","T","?","R","M","R","B",null,"M","M","$","M"],"character_chosen":"IRONCLAD","items_purchased":["Carnage","Shrug It Off","Omamori","Cleave","Oddly Smooth Stone","Flame Barrier"],"campfire_rested":3,"item_purchase_floors":[7,12,24,24,37,37],"current_hp_per_floor":[78,78,67,67,67,73,73,73,73,74,74,74,70,69,69,64,90,80,69,38,13,13,40,40,22,22,19,19,19,61,60,92,15,78,65,44,44,0],"gold":70,"neow_bonus":"THREE_ENEMY_KILL","is_prod":false,"is_daily":false,"chose_seed":false,"campfire_upgraded":3,"win_rate":0,"timestamp":1550633994,"path_taken":["M","?","?","?","$","E","$","R","T","E","R","?","E","M","R","BOSS","M","?","M","M","?","R","$","?","T","M","?","?","R","M","R","BOSS","M","?","$","M"],"build_version":"2019-01-23","purchased_purges":2,"victory":false,"max_hp_per_floor":[80,80,80,74,74,74,74,74,74,74,74,74,74,74,74,74,92,92,92,92,92,92,92,92,92,92,92,92,92,92,92,92,92,97,97,97,97,97],"card_choices":[{"not_picked":["Spot Weakness","Twin Strike"],"picked":"Headbutt","floor":1},{"not_picked":["Feel No Pain","Warcry"],"picked":"Spot Weakness","floor":6},{"not_picked":["Pommel Strike","Perfected Strike"],"picked":"Flame Barrier","floor":10},{"not_picked":["Searing Blow","Juggernaut"],"picked":"Shockwave","floor":13},{"not_picked":["Sword Boomerang","Perfected Strike"],"picked":"Clash","floor":14},{"not_picked":["Juggernaut","Reaper"],"picked":"Offering","floor":16},{"not_picked":["Sentinel","Warcry"],"picked":"Heavy Blade","floor":18},{"not_picked":["Wild Strike","Clothesline"],"picked":"Metallicize","floor":20},{"not_picked":["Headbutt","Blood for Blood"],"picked":"Armaments","floor":21},{"not_picked":["Bloodletting+1","Wild Strike"],"picked":"Sever Soul","floor":25},{"not_picked":["Blood for Blood","Hemokinesis"],"picked":"Warcry","floor":27},{"not_picked":["Armaments","Second Wind"],"picked":"Iron Wave+1","floor":31},{"not_picked":["Barricade","Fiend Fire"],"picked":"Double Tap","floor":33},{"not_picked":["Iron Wave","Sword Boomerang"],"picked":"Flex","floor":34},{"not_picked":["Warcry","Headbutt"],"picked":"Pommel Strike+1","floor":35},{"not_picked":["Rupture+1","Double Tap"],"picked":"Uppercut+1","floor":36}],"player_experience":208781,"relics_obtained":[{"floor":6,"key":"Orichalcum"},{"floor":9,"key":"PreservedInsect"},{"floor":10,"key":"Ice Cream"},{"floor":13,"key":"Darkstone Periapt"},{"floor":17,"key":"Tiny Chest"},{"floor":17,"key":"Matryoshka"},{"floor":17,"key":"Bird Faced Urn"},{"floor":22,"key":"Vajra"},{"floor":22,"key":"Anchor"},{"floor":26,"key":"Regal Pillow"},{"floor":26,"key":"Blood Vial"},{"floor":28,"key":"Gremlin Horn"}],"event_choices":[{"cards_removed":["Strike_R"],"damage_healed":0,"gold_gain":0,"player_choice":"Forget","damage_taken":0,"max_hp_gain":0,"max_hp_loss":0,"event_name":"Living Wall","floor":2,"gold_loss":0},{"damage_healed":0,"gold_gain":75,"player_choice":"Gather Gold","damage_taken":11,"max_hp_gain":0,"max_hp_loss":0,"event_name":"World of Goop","floor":3,"gold_loss":0},{"damage_healed":0,"gold_gain":0,"player_choice":"Lose Max HP","damage_taken":0,"relics_obtained":["Golden Idol"],"max_hp_gain":0,"max_hp_loss":6,"event_name":"Golden Idol","floor":4,"gold_loss":0},{"damage_healed":0,"gold_gain":0,"player_choice":"Fight","damage_taken":0,"max_hp_gain":0,"max_hp_loss":0,"event_name":"Colosseum","floor":19,"gold_loss":0},{"damage_healed":0,"gold_gain":0,"player_choice":"Fled From Nobs","damage_taken":0,"max_hp_gain":0,"max_hp_loss":0,"event_name":"Colosseum","floor":19,"gold_loss":0},{"cards_removed":["Decay"],"damage_healed":0,"gold_gain":0,"player_choice":"Upgrade and Remove","damage_taken":0,"max_hp_gain":0,"max_hp_loss":0,"event_name":"Designer","floor":29,"gold_loss":90,"cards_upgraded":["Clash"]}],"is_beta":false,"boss_relics":[{"not_picked":["Orrery","Sozu"],"picked":"Calling Bell"},{"not_picked":["Pandora\u0027s Box","Astrolabe"],"picked":"Tiny House"}],"items_purged_floors":[5,24],"is_endless":false,"potions_floor_spawned":[6,10,14,21,27,31],"killed_by":"Maw","ascension_level":8}