{"gold_per_floor":[113,113,39,59,84,84,84,84,84,84,99,99,99,132,132,252,252,273,273,573,587,587,587,587,587,587,587,616,504,504,515,515,611,611,623,623,623,635,648,648],"floor_reached":40,"playtime":2044,"items_purged":["Strike_G"],"score":423,"play_id":"31e9ccc5-a3ee-4e15-ac05-eb48b5f9a622","local_time":"20181230231655","is_ascension_mode":false,"campfire_choices":[{"data":"Terror","floor":6,"key":"SMITH"},{"data":"Deadly Poison","floor":8,"key":"SMITH"},{"data":"Backstab","floor":12,"key":"SMITH"},{"floor":15,"key":"REST"},{"data":"Poisoned Stab","floor":23,"key":"SMITH"},{"data":"Neutralize","floor":25,"key":"SMITH"},{"data":"Survivor","floor":27,"key":"SMITH"},{"data":"Crippling Poison","floor":32,"key":"SMITH"}],"neow_cost":"NONE","seed_source_timestamp":474936892598028,"circlet_count":0,"master_deck":["Survivor+1","Neutralize+1","Deadly Poison+1","Infinite Blades+1","Catalyst+1","Terror+1","Backstab+1","Poisoned Stab+1","Envenom+1","Predator+1","Infinite Blades+1","Choke","Noxious Fumes+1","Crippling Poison+1","Adrenaline","Venomology","Setup","Slice","Infinite Blades+1","Bullet Time","Tools of the Trade+1","Setup","Leg Sweep","Glass Knife","Deadly Poison+1","Backstab+1","Deflect+1"],"relics":["Ring of the Snake","Bloody Idol","Juzu Bracelet","Mango","Frozen Egg 2","Black Star","Old Coin","Shuriken","Strawberry","Oddly Smooth Stone","Pandora\u0027s Box"],"potions_floor_usage":[14,28,33,33,39,40],"damage_taken":[{"damage":0,"enemies":"2 Louse","floor":1,"turns":3},{"damage":3,"enemies":"Jaw Worm","floor":4,"turns":3},{"damage":0,"enemies":"Small Slimes","floor":11,"turns":3},{"damage":41,"enemies":"Gremlin Nob","floor":14,"turns":5},{"damage":22,"enemies":"Slime Boss","floor":16,"turns":13},{"damage":0,"enemies":"Spheric Guardian","floor":18,"turns":3},{"damage":0,"enemies":"Chosen","floor":21,"turns":4},{"damage":42,"enemies":"Book of Stabbing","floor":28,"turns":6},{"damage":26,"enemies":"Sentry and Sphere","floor":31,"turns":5},{"damage":65,"enemies":"Automaton","floor":33,"turns":8},{"damage":25,"enemies":"3 Darklings","floor":35,"turns":4},{"damage":18,"enemies":"Orb Walker","floor":38,"turns":3},{"damage":22,"enemies":"Sphere and 2 Shapes","floor":39,"turns":6},{"damage":49,"enemies":"Nemesis","floor":40,"turns":3}],"seed_played":"-5395689511984742470","potions_obtained":[{"floor":4,"key":"PowerPotion"},{"floor":16,"key":"Strength Potion"},{"floor":21,"key":"Swift Potion"},{"floor":31,"key":"Fruit Juice"},{"floor":38,"key":"Block Potion"}],"is_trial":false,"path_per_floor":["M","?","$","M","T","R","?","R","T","?","M","R","?","E","R","B",null,"M","?","?","M","?","R","?","R","T","R","E","$","?","M","R","B",null,"M","?","?","M","M","E"],"character_chosen":"THE_SILENT","items_purchased":["Catalyst","Noxious Fumes+1"],"campfire_rested":1,"item_purchase_floors":[3,29],"current_hp_per_floor":[70,70,70,67,67,67,67,67,81,64,64,64,57,16,41,19,84,84,84,84,84,84,84,84,84,84,84,54,54,84,63,63,8,96,76,76,76,63,46,0],"gold":648,"neow_bonus":"THREE_CARDS","is_prod":false,"is_daily":false,"chose_seed":false,"campfire_upgraded":7,"win_rate":0,"timestamp":1546229815,"path_taken":["M","?","$","M","?","R","?","R","T","?","M","R","?","E","R","BOSS","M","?","?","M","?","R","?","R","T","R","E","$","?","M","R","BOSS","M","?","?","M","M","E"],"build_version":"2018-12-20","purchased_purges":1,"victory":false,"max_hp_per_floor":[70,70,70,70,70,70,70,70,84,84,84,84,84,84,84,84,84,84,84,84,84,84,84,84,84,84,84,91,91,91,91,91,96,96,96,96,96,96,96,96],"card_choices":[{"not_picked":["Prepared","Acrobatics"],"picked":"Deadly Poison","floor":0},{"not_picked":["Quick Slash","Prepared"],"picked":"Infinite Blades","floor":1},{"not_picked":["Quick Slash","Bane"],"picked":"Terror","floor":4},{"not_picked":["Dagger Spray","Eviscerate"],"picked":"Backstab","floor":11},{"not_picked":["Flechettes","Dagger Throw"],"picked":"Poisoned Stab","floor":14},{"not_picked":["Venomology","Doppelganger"],"picked":"Envenom+1","floor":16},{"not_picked":["All Out Attack","Acrobatics"],"picked":"Predator+1","floor":18},{"not_picked":["Acrobatics","Deflect"],"picked":"Infinite Blades+1","floor":21},{"not_picked":["Leg Sweep","Caltrops+1"],"picked":"Choke","floor":28},{"not_picked":["Poisoned Stab","Cloak And Dagger"],"picked":"Crippling Poison","floor":31},{"not_picked":["A Thousand Cuts+1","Grand Finale"],"picked":"Adrenaline","floor":33},{"not_picked":["Flechettes+1","Bane"],"picked":"Deadly Poison+1","floor":35},{"not_picked":["Backflip+1","Dagger Spray"],"picked":"Backstab+1","floor":38},{"not_picked":["Dagger Throw","Slice+1"],"picked":"Deflect+1","floor":39}],"player_experience":366776,"relics_obtained":[{"floor":5,"key":"Juzu Bracelet"},{"floor":9,"key":"Mango"},{"floor":14,"key":"Frozen Egg 2"},{"floor":26,"key":"Shuriken"},{"floor":28,"key":"Strawberry"},{"floor":28,"key":"Oddly Smooth Stone"}],"event_choices":[{"damage_healed":0,"gold_gain":0,"player_choice":"Take Wound","damage_taken":0,"relics_obtained":["Golden Idol"],"max_hp_gain":0,"max_hp_loss":0,"event_name":"Golden Idol","floor":2,"gold_loss":0,"cards_obtained":["Injury"]},{"damage_healed":0,"gold_gain":0,"player_choice":"Grow","damage_taken":0,"max_hp_gain":0,"max_hp_loss":0,"event_name":"Living Wall","floor":7,"gold_loss":0,"cards_upgraded":["Catalyst"]},{"damage_healed":0,"gold_gain":0,"player_choice":"Entered Light","damage_taken":17,"max_hp_gain":0,"max_hp_loss":0,"event_name":"Shining Light","floor":10,"gold_loss":0,"cards_upgraded":["Infinite Blades","Defend_G"]},{"cards_removed":["Injury"],"damage_healed":0,"gold_gain":0,"player_choice":"Card Removal","damage_taken":7,"max_hp_gain":0,"max_hp_loss":0,"event_name":"Golden Wing","floor":13,"gold_loss":0},{"damage_healed":0,"gold_gain":0,"player_choice":"Ignored","damage_taken":0,"max_hp_gain":0,"max_hp_loss":0,"event_name":"Vampires","floor":19,"gold_loss":0},{"damage_healed":0,"gold_gain":0,"player_choice":"Opened","damage_taken":0,"relics_obtained":["Old Coin"],"max_hp_gain":0,"max_hp_loss":0,"event_name":"The Mausoleum","floor":20,"gold_loss":0},{"damage_healed":0,"gold_gain":0,"player_choice":"Ignored","damage_taken":0,"max_hp_gain":0,"max_hp_loss":0,"event_name":"Ghosts","floor":22,"gold_loss":0},{"damage_healed":0,"gold_gain":0,"player_choice":"Gave Idol","damage_taken":0,"relics_obtained":["Bloody Idol"],"max_hp_gain":0,"max_hp_loss":0,"event_name":"Forgotten Altar","floor":24,"relics_lost":["Golden Idol"],"gold_loss":0},{"damage_healed":30,"gold_gain":0,"player_choice":"Heal","damage_taken":0,"max_hp_gain":0,"max_hp_loss":0,"event_name":"The Library","floor":30,"gold_loss":0},{"damage_healed":0,"gold_gain":0,"player_choice":"Memory 1","damage_taken":0,"max_hp_gain":0,"max_hp_loss":0,"event_name":"SensoryStone","floor":36,"gold_loss":0},{"damage_healed":0,"gold_gain":0,"player_choice":"Ignored","damage_taken":0,"max_hp_gain":0,"max_hp_loss":0,"event_name":"Tomb of Lord Red Mask","floor":37,"gold_loss":0}],"is_beta":false,"boss_relics":[{"not_picked":["Snecko Eye","Coffee Dripper"],"picked":"Black Star"},{"not_picked":["Velvet Choker","Lizard Tail"],"picked":"Pandora\u0027s Box"}],"items_purged_floors":[29],"is_endless":false,"potions_floor_spawned":[4,16,21,31,38],"killed_by":"Nemesis","ascension_level":0}