{"path_per_floor":["M","M","$","T","M","R","T","M","T","M","M","M","M","?","R","B",null,"M","$","?","M","?","R","$","M","T","?","R","T","M","M","R"],"character_chosen":"THE_SILENT","items_purchased":["Noxious Fumes","Endless Agony","Snake Skull"],"gold_per_floor":[119,136,136,166,184,184,184,204,204,220,236,246,257,257,257,353,353,333,227,227,242,157,157,9,21,21,0,0,0,18,32,32,32],"floor_reached":33,"campfire_rested":4,"playtime":4188,"item_purchase_floors":[19,19,24],"current_hp_per_floor":[70,70,70,70,70,70,70,65,65,64,62,57,40,26,47,14,70,48,48,48,43,43,64,64,38,38,38,59,59,46,32,53,0],"items_purged":[],"gold":32,"score":241,"play_id":"fa643f16-8ca6-4eb2-946d-c37072605076","local_time":"20180608180105","is_prod":false,"is_daily":false,"chose_seed":false,"is_ascension_mode":false,"campfire_upgraded":1,"win_rate":0,"timestamp":1528444865,"campfire_choices":[{"data":"Predator","floor":6,"key":"SMITH"},{"floor":15,"key":"REST"},{"floor":23,"key":"REST"},{"floor":28,"key":"REST"},{"floor":32,"key":"REST"}],"path_taken":["M","?","?","?","M","R","?","M","T","?","M","M","M","?","R","BOSS","M","$","?","?","?","R","?","M","T","?","R","?","M","M","R","BOSS"],"build_version":"2018-06-07v2","seed_source_timestamp":170733269431833,"purchased_purges":0,"victory":false,"master_deck":["Survivor","Neutralize","Flying Knee+1","Predator+1","Cloak And Dagger","Noxious Fumes","Envenom","Dagger Spray","Corpse Explosion","Eviscerate","Slice","Dagger Throw","Malaise","Riddle With Holes","Expertise","Reflex","Blur","Riddle With Holes","Quick Slash","Noxious Fumes","Endless Agony","Poisoned Stab"],"max_hp_per_floor":[70,70,70,70,70,70,70,70,70,70,70,70,70,70,70,70,70,70,70,70,70,70,70,70,70,70,70,70,70,70,70,70,70],"relics":["Philosopher\u0027s Stone","Tiny Chest","Tough Bandages","Orichalcum","Pandora\u0027s Box","Lantern","Snake Skull","Vajra","The Specimen"],"card_choices":[{"not_picked":["Blur","Reflex"],"picked":"Flying Knee","floor":1},{"not_picked":["Bane","Reflex"],"picked":"Predator","floor":2},{"not_picked":["Bane","PiercingWail"],"picked":"Cloak And Dagger","floor":5},{"not_picked":["Cloak And Dagger","Bane"],"picked":"Noxious Fumes","floor":8},{"not_picked":["Quick Slash","Deflect","Dagger Throw"],"picked":"SKIP","floor":10},{"not_picked":["Prepared","Sucker Punch","Outmaneuver"],"picked":"SKIP","floor":11},{"not_picked":["Poisoned Stab","Quick Slash"],"picked":"Envenom","floor":12},{"not_picked":["Blur","PiercingWail"],"picked":"Dagger Spray","floor":13},{"not_picked":["Unload","Glass Knife"],"picked":"Corpse Explosion","floor":16},{"not_picked":["Prepared","Deflect","Flechettes"],"picked":"SKIP","floor":18},{"not_picked":["Dagger Spray+1","Masterful Stab"],"picked":"Poisoned Stab","floor":21},{"not_picked":["PiercingWail","Quick Slash","Dodge and Roll"],"picked":"SKIP","floor":25},{"not_picked":["Blur","Acrobatics+1","Malaise+1"],"picked":"SKIP","floor":30},{"not_picked":["Dodge and Roll","Masterful Stab","Heel Hook"],"picked":"SKIP","floor":31}],"player_experience":383768,"potions_floor_usage":[2,11,21,30,33],"damage_taken":[{"damage":0,"enemies":"Cultist","floor":1,"turns":4},{"damage":0,"enemies":"Jaw Worm","floor":2,"turns":4},{"damage":0,"enemies":"Small Slimes","floor":5,"turns":2},{"damage":5,"enemies":"3 Louse","floor":8,"turns":3},{"damage":1,"enemies":"Blue Slaver","floor":10,"turns":3},{"damage":2,"enemies":"2 Fungi Beasts","floor":11,"turns":2},{"damage":5,"enemies":"Red Slaver","floor":12,"turns":2},{"damage":17,"enemies":"3 Louse","floor":13,"turns":3},{"damage":33,"enemies":"The Guardian","floor":16,"turns":9},{"damage":22,"enemies":"2 Thieves","floor":18,"turns":4},{"damage":5,"enemies":"Spheric Guardian","floor":21,"turns":3},{"damage":26,"enemies":"Snecko","floor":25,"turns":4},{"damage":13,"enemies":"Centurion and Healer","floor":30,"turns":3},{"damage":14,"enemies":"3 Cultists","floor":31,"turns":4},{"damage":54,"enemies":"Automaton","floor":33,"turns":5}],"relics_obtained":[{"floor":4,"key":"Tiny Chest"},{"floor":7,"key":"Tough Bandages"},{"floor":9,"key":"Orichalcum"},{"floor":26,"key":"Vajra"},{"floor":29,"key":"The Specimen"}],"event_choices":[{"event_name":"Shining Light","player_choice":"Entered Light","floor":14,"damage_taken":0},{"event_name":"Drug Dealer","player_choice":"Ignored","floor":20,"damage_taken":0},{"event_name":"Addict","player_choice":"Obtained Relic","floor":22,"damage_taken":0},{"event_name":"Masked Bandits","player_choice":"Paid Bandits 21 gold","floor":27,"damage_taken":0}],"boss_relics":[{"not_picked":["Snecko Eye","Velvet Choker"],"picked":"Pandora\u0027s Box"}],"items_purged_floors":[],"potions_floor_spawned":[1,8,11,16,25],"seed_played":"-425263968627397101","killed_by":"Automaton","ascension_level":0,"potions_obtained":[{"floor":1,"key":"Weak Potion"},{"floor":8,"key":"Explosive Potion"},{"floor":11,"key":"LiquidBronze"},{"floor":16,"key":"LiquidBronze"},{"floor":25,"key":"Weak Potion"}],"is_trial":false}