{"gold_per_floor":[109,109,122,53,53,53,108,119,142,61,80,109,109,141,141,240,240,253,239,257,257,269,269,282,292,292,292,310,310,310,330,330,435,435,447,467,478,498,514,514,527,544,615,649,649,649,70,70,70,70],"floor_reached":51,"playtime":3248,"items_purged":["Meteor Strike"],"score":839,"play_id":"5a2a5517-60c1-434c-9dba-fc3fe43895ce","local_time":"20190307173236","is_ascension_mode":true,"campfire_choices":[{"data":"Zap","floor":6,"key":"SMITH"},{"data":"Capacitor","floor":13,"key":"SMITH"},{"data":"Consume","floor":15,"key":"SMITH"},{"data":"Buffer","floor":23,"key":"SMITH"},{"data":"Biased Cognition","floor":27,"key":"SMITH"},{"data":"Barrage","floor":29,"key":"SMITH"},{"floor":32,"key":"REST"},{"data":"Barrage","floor":40,"key":"SMITH"},{"data":"Dualcast","floor":45,"key":"SMITH"},{"data":"Defragment","floor":49,"key":"SMITH"}],"neow_cost":"NONE","seed_source_timestamp":16794524711058,"circlet_count":0,"master_deck":["Zap+1","Dualcast+1","Chill","Capacitor+1","Barrage+1","Cold Snap","Biased Cognition+1","Consume+1","Cold Snap","Buffer+1","Go for the Eyes+1","Leap+1","Blizzard","Ball Lightning","Glacier","Seek","Recycle","Seek","Barrage+1","Barrage","Self Repair","Double Energy","Hologram+1","Compile Driver+1","Defragment+1"],"relics":["Cracked Core","NeowsBlessing","Centennial Puzzle","Tiny Chest","Potion Belt","Bag of Marbles","Dodecahedron","Nuclear Battery","Blood Vial","Pandora\u0027s Box","Shuriken","The Courier","Ancient Tea Set","Oddly Smooth Stone","Juzu Bracelet","Bottled Tornado"],"potions_floor_usage":[12,24,39,50,50,50],"damage_taken":[{"damage":0,"enemies":"Jaw Worm","floor":1,"turns":1},{"damage":0,"enemies":"Cultist","floor":3,"turns":1},{"damage":0,"enemies":"3 Sentries","floor":7,"turns":1},{"damage":0,"enemies":"2 Louse","floor":8,"turns":2},{"damage":0,"enemies":"Gremlin Gang","floor":11,"turns":4},{"damage":18,"enemies":"Gremlin Nob","floor":12,"turns":4},{"damage":3,"enemies":"3 Sentries","floor":14,"turns":7},{"damage":28,"enemies":"Hexaghost","floor":16,"turns":8},{"damage":0,"enemies":"Chosen","floor":18,"turns":5},{"damage":5,"enemies":"2 Thieves","floor":19,"turns":4},{"damage":12,"enemies":"Chosen and Byrds","floor":20,"turns":7},{"damage":9,"enemies":"Centurion and Healer","floor":22,"turns":7},{"damage":7,"enemies":"Snecko","floor":24,"turns":7},{"damage":9,"enemies":"Cultist and Chosen","floor":25,"turns":7},{"damage":1,"enemies":"Snake Plant","floor":28,"turns":6},{"damage":4,"enemies":"Shelled Parasite and Fungi","floor":31,"turns":5},{"damage":40,"enemies":"Collector","floor":33,"turns":12},{"damage":10,"enemies":"3 Darklings","floor":35,"turns":5},{"damage":5,"enemies":"Orb Walker","floor":36,"turns":5},{"damage":13,"enemies":"4 Shapes","floor":37,"turns":11},{"damage":0,"enemies":"Maw","floor":38,"turns":7},{"damage":31,"enemies":"Spire Growth","floor":39,"turns":6},{"damage":0,"enemies":"Writhing Mass","floor":41,"turns":6},{"damage":3,"enemies":"4 Shapes","floor":42,"turns":7},{"damage":13,"enemies":"Nemesis","floor":44,"turns":10},{"damage":49,"enemies":"Awakened One","floor":50,"turns":16}],"seed_played":"4578413136561262948","potions_obtained":[{"floor":3,"key":"Strength Potion"},{"floor":8,"key":"FairyPotion"},{"floor":11,"key":"PowerPotion"},{"floor":14,"key":"Strength Potion"},{"floor":16,"key":"Strength Potion"},{"floor":22,"key":"Regen Potion"},{"floor":31,"key":"SpeedPotion"},{"floor":33,"key":"Weak Potion"},{"floor":35,"key":"Dexterity Potion"},{"floor":38,"key":"PowerPotion"},{"floor":42,"key":"Regen Potion"}],"is_trial":false,"path_per_floor":["M","$","M","$","?","R","E","M","T","$","M","E","R","E","R","B",null,"M","M","M","?","M","R","M","M","T","R","M","R","?","M","R","B",null,"M","M","M","M","M","R","M","M","T","E","R","T","$","?","R","B",null],"character_chosen":"DEFECT","items_purchased":["Capacitor","Biased Cognition","Defragment","Oddly Smooth Stone","Juzu Bracelet","Bottled Tornado"],"campfire_rested":1,"item_purchase_floors":[4,10,47,47,47,47],"current_hp_per_floor":[75,75,75,75,75,75,75,75,75,75,75,57,57,54,54,26,75,75,70,58,51,42,42,50,41,41,41,42,42,42,40,62,24,75,65,69,65,74,58,58,67,73,73,69,69,69,69,69,69,33],"gold":70,"neow_bonus":"THREE_ENEMY_KILL","is_prod":false,"is_daily":false,"chose_seed":false,"campfire_upgraded":9,"win_rate":0,"timestamp":1552008756,"path_taken":["M","$","M","$","?","R","E","M","T","$","?","E","R","E","R","BOSS","M","M","M","?","M","R","?","M","T","R","?","R","?","M","R","BOSS","M","M","M","M","M","R","M","M","T","E","R","?","$","?","R","BOSS"],"build_version":"2019-01-23","purchased_purges":1,"victory":true,"max_hp_per_floor":[75,75,75,75,75,75,75,75,75,75,75,75,75,75,75,75,75,75,75,75,75,75,75,75,75,75,75,75,75,75,75,75,75,75,75,75,75,75,75,75,75,75,75,75,75,75,75,72,72,72],"card_choices":[{"not_picked":["Steam","Scrape"],"picked":"Chill","floor":1},{"not_picked":["Undo","Redo","Steam"],"picked":"SKIP","floor":3},{"not_picked":["Reinforced Body","Force Field"],"picked":"Barrage","floor":7},{"not_picked":["Stack","Loop"],"picked":"Cold Snap","floor":8},{"not_picked":["Coolheaded","Hologram"],"picked":"Consume","floor":11},{"not_picked":["Coolheaded","Streamline"],"picked":"Cold Snap","floor":12},{"not_picked":["Beam Cell","Darkness","Lockon"],"picked":"SKIP","floor":14},{"not_picked":["Meteor Strike","Multi-Cast"],"picked":"Buffer","floor":16},{"not_picked":["Reprogram","Leap"],"picked":"Go for the Eyes+1","floor":18},{"not_picked":["Lockon","Go for the Eyes"],"picked":"Leap+1","floor":19},{"not_picked":["Recycle","Streamline"],"picked":"Blizzard","floor":20},{"not_picked":["Fusion","Coolheaded","Go for the Eyes+1"],"picked":"SKIP","floor":22},{"not_picked":["Sunder+1","Coolheaded+1"],"picked":"Ball Lightning","floor":24},{"not_picked":["Consume","Fission"],"picked":"Glacier","floor":25},{"not_picked":["Ball Lightning","Fusion","Gash"],"picked":"SKIP","floor":28},{"not_picked":["Redo","Steam","Go for the Eyes"],"picked":"SKIP","floor":31},{"not_picked":["Rainbow","Hyperbeam"],"picked":"Seek","floor":33},{"not_picked":["Cold Snap+1","Barrage","Scrape+1"],"picked":"SKIP","floor":35},{"not_picked":["Double Energy","Conserve Battery"],"picked":"Hologram+1","floor":36},{"not_picked":["Beam Cell+1","Steam Power"],"picked":"Compile Driver+1","floor":37},{"not_picked":["Turbo","Beam Cell","Skim"],"picked":"SKIP","floor":38},{"not_picked":["Barrage+1","Go for the Eyes","Beam Cell"],"picked":"SKIP","floor":39},{"not_picked":["Barrage+1","Hyperbeam","Leap+1"],"picked":"SKIP","floor":41},{"not_picked":["Gash","Chill+1","Hologram+1"],"picked":"SKIP","floor":42},{"not_picked":["Sunder","Streamline+1","Thunder Strike"],"picked":"SKIP","floor":44}],"player_experience":352213,"relics_obtained":[{"floor":7,"key":"Tiny Chest"},{"floor":9,"key":"Potion Belt"},{"floor":12,"key":"Bag of Marbles"},{"floor":14,"key":"Dodecahedron"},{"floor":26,"key":"Blood Vial"},{"floor":43,"key":"Shuriken"},{"floor":44,"key":"The Courier"},{"floor":46,"key":"Ancient Tea Set"}],"event_choices":[{"damage_healed":0,"gold_gain":0,"player_choice":"Gave Potion","damage_taken":0,"relics_obtained":["Centennial Puzzle"],"max_hp_gain":0,"max_hp_loss":0,"event_name":"WeMeetAgain","floor":5,"gold_loss":0},{"damage_healed":0,"gold_gain":0,"player_choice":"","damage_taken":7,"max_hp_gain":0,"max_hp_loss":0,"event_name":"Knowing Skull","floor":21,"potions_obtained":[],"gold_loss":0,"cards_obtained":[]},{"cards_removed":["Strike_B"],"damage_healed":0,"gold_gain":0,"player_choice":"Purged","damage_taken":0,"max_hp_gain":0,"max_hp_loss":0,"event_name":"Purifier","floor":30,"gold_loss":0},{"cards_removed":["Parasite"],"damage_healed":0,"gold_gain":0,"player_choice":"Purged","damage_taken":0,"max_hp_gain":0,"max_hp_loss":0,"event_name":"Purifier","floor":48,"gold_loss":0}],"is_beta":false,"boss_relics":[{"not_picked":["Coffee Dripper","Lizard Tail"],"picked":"Nuclear Battery"},{"not_picked":["Philosopher\u0027s Stone","Calling Bell"],"picked":"Pandora\u0027s Box"}],"items_purged_floors":[47],"is_endless":false,"potions_floor_spawned":[3,8,11,14,16,22,31,33,35,38,42],"ascension_level":4}