{"gold_per_floor":[111,131,144,219,239,239,239,239,239,251,251,265,265,21,21,21],"floor_reached":16,"playtime":860,"items_purged":[],"score":138,"play_id":"578d0e28-261a-419e-b8a8-91528010d0df","local_time":"20190305032910","is_ascension_mode":true,"campfire_choices":[{"data":"Clothesline","floor":6,"key":"SMITH"},{"floor":8,"key":"REST"},{"data":"Bash","floor":11,"key":"SMITH"},{"data":"Twin Strike","floor":13,"key":"SMITH"},{"floor":15,"key":"REST"}],"neow_cost":"NONE","seed_source_timestamp":59759956594486,"circlet_count":0,"master_deck":["AscendersBane","Strike_R","Strike_R","Strike_R","Strike_R","Strike_R","Defend_R","Defend_R","Defend_R","Defend_R","Bash+1","Clothesline+1","Twin Strike+1","Impervious"],"relics":["Burning Blood","NlothsMask"],"potions_floor_usage":[16,16,16],"damage_taken":[{"damage":1,"enemies":"Cultist","floor":1,"turns":3},{"damage":4,"enemies":"Small Slimes","floor":2,"turns":4},{"damage":8,"enemies":"Jaw Worm","floor":3,"turns":4},{"damage":56,"enemies":"Exordium Thugs","floor":5,"turns":9},{"damage":11,"enemies":"Blue Slaver","floor":10,"turns":5},{"damage":18,"enemies":"3 Louse","floor":12,"turns":4},{"damage":57,"enemies":"Slime Boss","floor":16,"turns":13}],"seed_played":"5674760158916437816","potions_obtained":[{"floor":1,"key":"Swift Potion"}],"is_trial":false,"path_per_floor":["M","M","M","?","M","R","?","R","T","M","R","M","R","$","R","B"],"character_chosen":"IRONCLAD","items_purchased":["Impervious","Explosive Potion","SkillPotion"],"campfire_rested":2,"item_purchase_floors":[14,14,14],"current_hp_per_floor":[85,87,85,74,24,24,24,50,50,45,45,33,33,33,59,2],"gold":21,"neow_bonus":"TEN_PERCENT_HP_BONUS","is_prod":false,"is_daily":false,"chose_seed":false,"campfire_upgraded":3,"win_rate":0,"timestamp":1551778150,"path_taken":["M","M","?","?","M","R","?","R","T","M","R","?","R","$","R","BOSS"],"build_version":"2019-01-23","purchased_purges":0,"victory":false,"max_hp_per_floor":[88,88,88,88,88,88,88,88,88,88,88,88,88,88,88,88],"card_choices":[{"not_picked":["Corruption","Sword Boomerang","Body Slam"],"picked":"SKIP","floor":1},{"not_picked":["Armaments","Rampage","Disarm"],"picked":"SKIP","floor":2},{"not_picked":["Flex","Sentinel","Wild Strike"],"picked":"SKIP","floor":3},{"not_picked":["Iron Wave","Clash"],"picked":"Clothesline","floor":5},{"not_picked":["Limit Break","Flex"],"picked":"Twin Strike","floor":10},{"not_picked":["Intimidate","Wild Strike","Disarm"],"picked":"SKIP","floor":12}],"player_experience":167867,"relics_obtained":[],"event_choices":[{"damage_healed":0,"gold_gain":75,"player_choice":"Gather Gold","damage_taken":11,"max_hp_gain":0,"max_hp_loss":0,"event_name":"World of Goop","floor":4,"gold_loss":0},{"damage_healed":0,"gold_gain":0,"player_choice":"Trade","damage_taken":0,"relics_obtained":["NlothsMask"],"max_hp_gain":0,"max_hp_loss":0,"event_name":"FaceTrader","floor":7,"gold_loss":0}],"is_beta":false,"boss_relics":[],"items_purged_floors":[],"is_endless":false,"potions_floor_spawned":[1],"killed_by":"Slime Boss","ascension_level":10}