{"gold_per_floor":[114,114,289,51,51,81,81,111,111,111],"floor_reached":10,"playtime":490,"items_purged":[],"score":72,"play_id":"48b4e949-adf7-490d-9249-12fc3723195e","local_time":"20190306210045","daily_mods":["Heirloom","ControlledChaos","Elite Swarm"],"is_ascension_mode":false,"campfire_choices":[{"data":"Burst","floor":7,"key":"SMITH"}],"neow_cost":"","seed_source_timestamp":0,"circlet_count":0,"master_deck":["Defend_G","Defend_G","Defend_G","Defend_G","Defend_G+1","Strike_G","Strike_G","Strike_G","Strike_G","Survivor","Neutralize","Acrobatics+1","Doubt","Concentrate+1","Burst+1","After Image"],"special_seed":17961,"relics":["Ring of the Snake","Frozen Eye","Tingsha","OrangePellets","War Paint","Letter Opener","Kunai"],"potions_floor_usage":[6],"damage_taken":[{"damage":0,"enemies":"2 Louse","floor":1,"turns":2},{"damage":23,"enemies":"3 Sentries","floor":6,"turns":7},{"damage":42,"enemies":"Gremlin Nob","floor":8,"turns":4},{"damage":17,"enemies":"Lagavulin","floor":10,"turns":3}],"seed_played":"-6581969108065281065","potions_obtained":[{"floor":1,"key":"Regen Potion"},{"floor":8,"key":"Dexterity Potion"}],"is_trial":false,"path_per_floor":["M","?","?","$","?","E","R","E","T","E"],"character_chosen":"THE_SILENT","items_purchased":["OrangePellets","Concentrate"],"campfire_rested":0,"item_purchase_floors":[4,4],"current_hp_per_floor":[70,63,63,63,63,52,52,10,10,0],"gold":111,"neow_bonus":"","is_prod":false,"is_daily":true,"chose_seed":false,"campfire_upgraded":1,"win_rate":0,"timestamp":1551873645,"path_taken":["M","?","?","$","?","E","R","E","T","E"],"build_version":"2019-01-23","purchased_purges":0,"victory":false,"max_hp_per_floor":[70,70,70,70,70,70,70,70,70,70],"card_choices":[{"not_picked":["Expertise","Well Laid Plans"],"picked":"Acrobatics","floor":1},{"not_picked":["Night Terror","Doppelganger"],"picked":"Burst","floor":6},{"not_picked":["Doppelganger","Unload"],"picked":"After Image","floor":8}],"player_experience":133454,"relics_obtained":[{"floor":6,"key":"War Paint"},{"floor":8,"key":"Letter Opener"},{"floor":9,"key":"Kunai"}],"event_choices":[{"cards_removed":["Strike_G"],"damage_healed":0,"gold_gain":0,"player_choice":"Card Removal","damage_taken":7,"max_hp_gain":0,"max_hp_loss":0,"event_name":"Golden Wing","floor":2,"gold_loss":0},{"damage_healed":0,"gold_gain":175,"player_choice":"AGREE","damage_taken":0,"max_hp_gain":0,"max_hp_loss":0,"event_name":"Liars Game","floor":3,"gold_loss":0,"cards_obtained":["Doubt"]},{"damage_healed":0,"gold_gain":0,"player_choice":"Upgraded","damage_taken":0,"max_hp_gain":0,"max_hp_loss":0,"event_name":"Upgrade Shrine","floor":5,"gold_loss":0,"cards_upgraded":["Acrobatics"]}],"is_beta":false,"boss_relics":[],"items_purged_floors":[],"is_endless":false,"potions_floor_spawned":[1,8],"killed_by":"Lagavulin","ascension_level":0}