{"gold_per_floor":[215,215,232,247,247,247,260,278,325,68,68,100,100,76,76,76],"floor_reached":16,"playtime":547,"items_purged":["Regret"],"score":194,"play_id":"a70c7fc6-5090-4eec-acd5-7bee2b884247","local_time":"20180928110942","is_ascension_mode":true,"campfire_choices":[{"data":"Fusion","floor":6,"key":"SMITH"},{"floor":11,"key":"REST"},{"floor":15,"key":"REST"}],"neow_cost":"NONE","seed_source_timestamp":1184309943715282,"circlet_count":0,"master_deck":["Strike_B","Strike_B","Strike_B","Strike_B","Defend_B","Defend_B","Defend_B","Defend_B","Zap","Dualcast","AscendersBane","Coolheaded","Fusion+1","Loop","Ball Lightning","Thunder Strike","Capacitor","White Noise"],"relics":["Cracked Core","Singing Bowl","Regal Pillow","PreservedInsect"],"potions_floor_usage":[8],"damage_taken":[{"damage":0,"enemies":"Small Slimes","floor":1,"turns":2},{"damage":2,"enemies":"Cultist","floor":3,"turns":3},{"damage":9,"enemies":"Jaw Worm","floor":4,"turns":3},{"damage":3,"enemies":"2 Fungi Beasts","floor":7,"turns":4},{"damage":15,"enemies":"Red Slaver","floor":8,"turns":5},{"damage":46,"enemies":"3 Sentries","floor":12,"turns":8},{"damage":17,"enemies":"Exordium Thugs","floor":14,"turns":4},{"damage":46,"enemies":"The Guardian","floor":16,"turns":10}],"seed_played":"3544524175870387404","potions_obtained":[{"floor":3,"key":"SneckoOil"},{"floor":8,"key":"Strength Potion"},{"floor":14,"key":"Explosive Potion"}],"is_trial":false,"path_per_floor":["M","?","M","M","?","R","M","M","T","$","R","E","?","M","R"],"character_chosen":"DEFECT","items_purchased":["Thunder Strike"],"campfire_rested":2,"item_purchase_floors":[10],"current_hp_per_floor":[64,64,64,55,55,55,52,37,37,37,73,27,27,10,46,0],"gold":76,"neow_bonus":"HUNDRED_GOLD","is_prod":false,"is_daily":false,"chose_seed":false,"campfire_upgraded":1,"win_rate":0,"timestamp":1538147382,"path_taken":["M","?","M","?","?","R","M","?","T","$","R","E","?","M","R","BOSS"],"build_version":"2018-09-27","purchased_purges":1,"victory":false,"max_hp_per_floor":[71,71,73,73,73,73,73,73,73,73,73,73,73,73,73,73],"card_choices":[{"not_picked":["Stack","Streamline"],"picked":"Coolheaded","floor":1},{"not_picked":["Compile Driver","Static Discharge","Steam"],"picked":"Singing Bowl","floor":3},{"not_picked":["Auto Shields","Gash"],"picked":"Fusion","floor":4},{"not_picked":["Turbo","Steam Power"],"picked":"Loop","floor":7},{"not_picked":["Double Energy","Redo"],"picked":"Ball Lightning","floor":8},{"not_picked":["Steam Power","Hello World"],"picked":"Capacitor","floor":12},{"not_picked":["Coolheaded","Conserve Battery"],"picked":"White Noise","floor":14}],"player_experience":273987,"relics_obtained":[{"floor":9,"key":"Regal Pillow"},{"floor":12,"key":"PreservedInsect"}],"event_choices":[{"event_name":"Big Fish","player_choice":"Box","floor":2,"damage_taken":0},{"event_name":"Golden Idol","player_choice":"Ignored","floor":5,"damage_taken":0},{"event_name":"Liars Game","player_choice":"disagreed","floor":13,"damage_taken":0}],"is_beta":false,"boss_relics":[],"items_purged_floors":[10],"is_endless":false,"potions_floor_spawned":[3,8,14],"killed_by":"The Guardian","ascension_level":18}