{"gold_per_floor":[110,127,107,32,32,32,48,64,64,64,64,81,81,100,100,198,198,165,165],"floor_reached":19,"playtime":2987,"items_purged":["Defend_B"],"score":175,"play_id":"df8963b5-c8e2-4a89-9427-d2e5be3da1e7","local_time":"20190305191958","is_ascension_mode":true,"campfire_choices":[{"floor":6.0,"key":"REST"},{"floor":11.0,"key":"REST"},{"floor":15.0,"key":"REST"}],"neow_cost":"NONE","seed_source_timestamp":0,"circlet_count":0,"master_deck":["Strike_B","Strike_B","Strike_B","Defend_B","Defend_B","Defend_B","Zap","Dualcast","Turbo","Beam Cell","Redo","Coolheaded","Hologram","Seek","Chill"],"special_seed":0,"relics":["Cracked Core","Dodecahedron"],"potions_floor_usage":[19],"damage_taken":[{"damage":4.0,"enemies":"Jaw Worm","floor":1.0,"turns":4.0},{"damage":13.0,"enemies":"Small Slimes","floor":2.0,"turns":3.0},{"damage":3.0,"enemies":"2 Louse","floor":7.0,"turns":3.0},{"damage":7.0,"enemies":"Looter","floor":8.0,"turns":3.0},{"damage":17.0,"enemies":"Exordium Thugs","floor":12.0,"turns":3.0},{"damage":8.0,"enemies":"Large Slime","floor":14.0,"turns":6.0},{"damage":45.0,"enemies":"The Guardian","floor":16.0,"turns":15.0},{"damage":37.0,"enemies":"2 Thieves","floor":18.0,"turns":5.0},{"damage":38,"enemies":"Shell Parasite","floor":19,"turns":10}],"seed_played":"-9067306941252516383","potions_obtained":[{"floor":1.0,"key":"Strength Potion"},{"floor":7.0,"key":"Ancient Potion"},{"floor":14.0,"key":"Energy Potion"},{"floor":16.0,"key":"Explosive Potion"}],"is_trial":false,"path_per_floor":["M","M","?","$","?","R","M","M","T","?","R","M","?","M","R","B",null,"M","M"],"character_chosen":"DEFECT","items_purchased":[],"campfire_rested":3,"item_purchase_floors":[],"current_hp_per_floor":[71,58,58,58,58,75,72,65,65,65,75,58,75,67,75,30,75,38,0],"gold":165,"neow_bonus":"REMOVE_CARD","is_prod":false,"is_daily":false,"chose_seed":false,"campfire_upgraded":0,"win_rate":0,"timestamp":1551831598,"path_taken":["M","M","?","$","?","R","M","M","T","?","R","M","?","M","R","BOSS","M","M"],"build_version":"2019-01-23","purchased_purges":1,"victory":false,"max_hp_per_floor":[75,75,75,75,75,75,75,75,75,75,75,75,75,75,75,75,75,75,75],"card_choices":[{"not_picked":["Loop","Streamline"],"picked":"Turbo","floor":1.0},{"not_picked":["FTL","Rip and Tear"],"picked":"Beam Cell","floor":2.0},{"not_picked":["Conserve Battery","Leap"],"picked":"Redo","floor":7.0},{"not_picked":["Compile Driver","Cold Snap","Ball Lightning"],"picked":"SKIP","floor":8.0},{"not_picked":["Cold Snap","Barrage"],"picked":"Coolheaded","floor":12.0},{"not_picked":["Biased Cognition","Glacier"],"picked":"Hologram","floor":14.0},{"not_picked":["Rainbow","Amplify"],"picked":"Seek","floor":16.0},{"not_picked":["Rip and Tear+1","Barrage+1"],"picked":"Chill","floor":18.0}],"player_experience":241340,"relics_obtained":[{"floor":9.0,"key":"Dodecahedron"}],"event_choices":[{"damage_healed":0.0,"max_hp_gain":0.0,"max_hp_loss":0.0,"gold_gain":0.0,"event_name":"World of Goop","player_choice":"Left Gold","floor":3.0,"gold_loss":20.0,"damage_taken":0.0},{"damage_healed":0.0,"max_hp_gain":0.0,"max_hp_loss":0.0,"gold_gain":0.0,"event_name":"Liars Game","player_choice":"Ignored","floor":5.0,"gold_loss":0.0,"damage_taken":0.0},{"damage_healed":0.0,"max_hp_gain":0.0,"max_hp_loss":0.0,"gold_gain":0.0,"event_name":"Dead Adventurer","player_choice":"Searched \u00270\u0027 times","floor":10.0,"gold_loss":0.0,"damage_taken":0.0},{"damage_healed":25.0,"max_hp_gain":0.0,"max_hp_loss":0.0,"gold_gain":0.0,"event_name":"Big Fish","player_choice":"Banana","floor":13.0,"gold_loss":0.0,"damage_taken":0.0}],"is_beta":false,"boss_relics":[{"not_picked":["Calling Bell","Sozu","Ectoplasm"]}],"items_purged_floors":[4],"is_endless":false,"potions_floor_spawned":[1,7,14,16],"killed_by":"Shell Parasite","ascension_level":2}