{"gold_per_floor":[119,22,22,22,33,33,47,47,74,74,74,74,86,106,106,205,205,220,207,306,320,330,330,349,349,425,444,85,101,101,29,29,126,126,137,12,12,27,43,43,143,163,163,163,13,33,33,33],"floor_reached":48,"playtime":10136,"items_purged":["Strike_R","Defend_R","Strike_R","Strike_R"],"score":424,"play_id":"010a7f8f-32da-4ce9-8e3f-05230b6b4eee","local_time":"20190307140012","is_ascension_mode":false,"campfire_choices":[{"data":"True Grit","floor":6.0,"key":"SMITH"},{"data":"Rampage","floor":8.0,"key":"SMITH"},{"data":"True Grit","floor":12.0,"key":"SMITH"},{"floor":15.0,"key":"REST"},{"floor":23.0,"key":"REST"},{"data":"Impervious","floor":25.0,"key":"SMITH"},{"floor":32.0,"key":"RECALL"},{"floor":40.0,"key":"REST"},{"floor":47,"key":"REST"}],"neow_cost":"NONE","seed_source_timestamp":0,"circlet_count":0,"master_deck":["Strike_R","Defend_R","Defend_R","Bash","True Grit+1","True Grit+1","Rampage+1","Thunderclap","Impervious+1","Entrench+1","Shrug It Off+1","Impervious","Body Slam+1","Warcry","Entrench","Shrug It Off+1"],"special_seed":0,"relics":["Black Blood","Regal Pillow","Vajra","Pear","Orrery","Shovel","Toxic Egg 2","Paper Frog"],"potions_floor_usage":[46,46],"damage_taken":[{"damage":2.0,"enemies":"Small Slimes","floor":1.0,"turns":3.0},{"damage":5.0,"enemies":"Jaw Worm","floor":5.0,"turns":7.0},{"damage":4.0,"enemies":"Cultist","floor":7.0,"turns":6.0},{"damage":25.0,"enemies":"Exordium Wildlife","floor":13.0,"turns":5.0},{"damage":8.0,"enemies":"2 Fungi Beasts","floor":14.0,"turns":4.0},{"damage":71.0,"enemies":"Hexaghost","floor":16.0,"turns":10.0},{"damage":0.0,"enemies":"Chosen","floor":18.0,"turns":5.0},{"damage":7.0,"enemies":"2 Thieves","floor":19.0,"turns":4.0},{"damage":39.0,"enemies":"Centurion and Healer","floor":21.0,"turns":12.0},{"damage":30.0,"enemies":"Shelled Parasite and Fungi","floor":22.0,"turns":8.0},{"damage":6.0,"enemies":"Snake Plant","floor":24.0,"turns":7.0},{"damage":12.0,"enemies":"Centurion and Healer","floor":27.0,"turns":7.0},{"damage":11.0,"enemies":"Shelled Parasite and Fungi","floor":29.0,"turns":8.0},{"damage":61.0,"enemies":"Automaton","floor":33.0,"turns":13.0},{"damage":14.0,"enemies":"3 Shapes","floor":35.0,"turns":5.0},{"damage":28.0,"enemies":"Orb Walker","floor":38.0,"turns":4.0},{"damage":50.0,"enemies":"3 Darklings","floor":39.0,"turns":15.0},{"damage":56,"enemies":"Mind Bloom Boss Battle","floor":41,"turns":16},{"damage":16,"enemies":"Spire Growth","floor":42,"turns":7},{"damage":11,"enemies":"Sphere and 2 Shapes","floor":46,"turns":11},{"damage":59,"enemies":"Nemesis","floor":48,"turns":5}],"seed_played":"7352813498958562558","potions_obtained":[{"floor":5.0,"key":"SkillPotion"},{"floor":13.0,"key":"LiquidBronze"},{"floor":16.0,"key":"Dexterity Potion"},{"floor":19.0,"key":"Ancient Potion"},{"floor":27.0,"key":"EssenceOfSteel"},{"floor":35.0,"key":"SteroidPotion"},{"floor":41,"key":"GamblersBrew"},{"floor":42,"key":"GamblersBrew"}],"is_trial":false,"path_per_floor":["M","$","?","?","M","R","M","R","T","?","$","R","M","M","R","B",null,"M","M","?","M","M","R","M","R","T","M","$","M","?","$","R","B",null,"M","$","?","M","M","R","?","M","T","T","$","M","R","E"],"character_chosen":"IRONCLAD","items_purchased":["True Grit","Pear","BloodPotion"],"campfire_rested":4,"item_purchase_floors":[2,28,31],"current_hp_per_floor":[80,80,73,73,74,74,76,76,76,76,76,76,57,55,80,15,80,80,80,80,51,31,70,74,74,74,72,82,81,81,81,81,39,90,86,86,86,68,28,70,24,18,18,18,18,17,59,0],"gold":33,"neow_bonus":"RANDOM_COMMON_RELIC","is_prod":false,"is_daily":false,"chose_seed":false,"campfire_upgraded":4,"win_rate":0,"timestamp":1551985212,"path_taken":["M","$","?","?","M","R","M","R","T","?","$","R","?","M","R","BOSS","M","M","?","M","M","R","M","R","T","M","$","M","?","$","R","BOSS","M","$","?","M","?","R","?","M","T","?","$","M","R","E"],"build_version":"2019-01-23","purchased_purges":4,"victory":false,"max_hp_per_floor":[80,80,80,80,80,80,80,80,80,80,80,80,80,80,80,80,80,80,80,80,80,80,80,80,80,80,80,90,90,90,90,90,90,90,90,90,90,90,90,90,90,90,90,90,90,90,90,90],"card_choices":[{"not_picked":["Rage","Sentinel"],"picked":"True Grit","floor":1.0},{"not_picked":["Thunderclap","Perfected Strike","Havoc"],"picked":"SKIP","floor":5.0},{"not_picked":["Perfected Strike","Fire Breathing"],"picked":"Rampage","floor":7.0},{"not_picked":["Clash","Flex","Pommel Strike"],"picked":"SKIP","floor":13.0},{"not_picked":["Thunderclap","Heavy Blade","Berserk"],"picked":"SKIP","floor":14.0},{"not_picked":["Immolate","Bludgeon"],"picked":"Impervious","floor":16.0},{"not_picked":["True Grit","Pummel","Havoc"],"picked":"SKIP","floor":18.0},{"not_picked":["Carnage","Sever Soul"],"picked":"Entrench+1","floor":19.0},{"not_picked":["Headbutt","Intimidate","Metallicize"],"picked":"SKIP","floor":21.0},{"not_picked":["Sword Boomerang","Havoc","True Grit"],"picked":"SKIP","floor":22.0},{"not_picked":["Havoc","Headbutt+1","Flex"],"picked":"SKIP","floor":24.0},{"not_picked":["Sword Boomerang+1","Limit Break"],"picked":"Shrug It Off+1","floor":27.0},{"not_picked":["Whirlwind","Clash","Uppercut+1"],"picked":"SKIP","floor":29.0},{"not_picked":["Brutality","Immolate"],"picked":"Impervious","floor":33.0},{"not_picked":["True Grit","Reckless Charge"],"picked":"Body Slam","floor":34.0},{"not_picked":["Twin Strike","Clash+1"],"picked":"Warcry","floor":34.0},{"not_picked":["Wild Strike+1","Iron Wave"],"picked":"Entrench","floor":35.0},{"not_picked":["Anger+1","Metallicize","Fiend Fire"],"picked":"SKIP","floor":38.0},{"not_picked":["Sword Boomerang+1","Metallicize","Dual Wield"],"picked":"SKIP","floor":39.0},{"not_picked":["Perfected Strike","Clothesline+1"],"picked":"Shrug It Off+1","floor":41},{"not_picked":["Wild Strike","Perfected Strike","Warcry+1"],"picked":"SKIP","floor":42},{"not_picked":["Perfected Strike+1","Whirlwind+1","Blood for Blood"],"picked":"SKIP","floor":46}],"player_experience":249449,"relics_obtained":[{"floor":9.0,"key":"Vajra"},{"floor":41,"key":"Shovel"},{"floor":43,"key":"Toxic Egg 2"},{"floor":44,"key":"Paper Frog"}],"event_choices":[{"cards_removed":["Strike_R"],"damage_healed":0.0,"max_hp_gain":0.0,"max_hp_loss":0.0,"gold_gain":0.0,"event_name":"Golden Wing","player_choice":"Card Removal","floor":3.0,"gold_loss":0.0,"damage_taken":7.0},{"damage_healed":0.0,"max_hp_gain":0.0,"max_hp_loss":0.0,"gold_gain":0.0,"event_name":"Scrap Ooze","player_choice":"Fled","floor":4.0,"gold_loss":0.0,"damage_taken":0.0},{"damage_healed":0.0,"max_hp_gain":0.0,"max_hp_loss":0.0,"gold_gain":0.0,"cards_transformed":["Defend_R"],"event_name":"Transmorgrifier","player_choice":"Transformed","floor":10.0,"gold_loss":0.0,"damage_taken":0.0,"cards_obtained":["Thunderclap"]},{"damage_healed":0.0,"max_hp_gain":0.0,"max_hp_loss":0.0,"gold_gain":99.0,"event_name":"Nest","player_choice":"Stole From Cult","floor":20.0,"gold_loss":0.0,"damage_taken":0.0},{"damage_healed":0.0,"max_hp_gain":0.0,"max_hp_loss":0.0,"gold_gain":0.0,"event_name":"NoteForYourself","player_choice":"Ignored","floor":30.0,"gold_loss":0.0,"damage_taken":0.0},{"damage_healed":0.0,"max_hp_gain":0.0,"max_hp_loss":0.0,"gold_gain":0.0,"event_name":"Accursed Blacksmith","player_choice":"Forge","floor":37.0,"gold_loss":0.0,"damage_taken":0.0,"cards_upgraded":["Body Slam"]},{"damage_healed":0,"gold_gain":0,"player_choice":"Fight","damage_taken":0,"max_hp_gain":0,"max_hp_loss":0,"event_name":"MindBloom","floor":41,"gold_loss":0}],"is_beta":false,"boss_relics":[{"not_picked":["Mark of Pain","Eternal Feather"],"picked":"Black Blood"},{"not_picked":["Tiny House","Runic Dome"],"picked":"Orrery"}],"items_purged_floors":[2,28,36,45],"is_endless":false,"potions_floor_spawned":[5,13,16,19,27,35,41,42],"killed_by":"Nemesis","ascension_level":0}