{"gold_per_floor":[119,136,146,146,146,176,187,218,243,257,130,130,146,171,171,243,243,262,280,294,52,52],"floor_reached":22,"playtime":1157,"items_purged":["Strike_R"],"score":354,"play_id":"fe482660-e411-419b-b25d-e3a6e1fa3dcf","local_time":"20190307230223","is_ascension_mode":true,"campfire_choices":[{"floor":15,"key":"REST"}],"neow_cost":"PERCENT_DAMAGE","seed_source_timestamp":539544286940941,"circlet_count":0,"master_deck":["AscendersBane","Strike_R","Strike_R","Strike_R","Strike_R","Defend_R","Defend_R","Defend_R","Defend_R","Bash","Shrug It Off","Inflame","Rampage","Rage","Impervious","Flex","Thunderclap","Cleave","Inflame","Warcry","Demon Form","Headbutt","Dropkick","Iron Wave"],"relics":["Burning Blood","Champion Belt","Gambling Chip","Bag of Marbles","Regal Pillow","Question Card","Sozu","Brimstone"],"potions_floor_usage":[6,8,10,16],"damage_taken":[{"damage":10,"enemies":"2 Louse","floor":1,"turns":3},{"damage":28,"enemies":"Jaw Worm","floor":2,"turns":6},{"damage":1,"enemies":"Small Slimes","floor":3,"turns":3},{"damage":24,"enemies":"Gremlin Nob","floor":6,"turns":4},{"damage":23,"enemies":"Exordium Thugs","floor":7,"turns":6},{"damage":14,"enemies":"3 Sentries","floor":8,"turns":10},{"damage":5,"enemies":"Gremlin Gang","floor":10,"turns":5},{"damage":4,"enemies":"Blue Slaver","floor":13,"turns":3},{"damage":6,"enemies":"Gremlin Nob","floor":14,"turns":4},{"damage":39,"enemies":"Slime Boss","floor":16,"turns":14},{"damage":18,"enemies":"Shell Parasite","floor":18,"turns":7},{"damage":38,"enemies":"3 Byrds","floor":19,"turns":6},{"damage":12,"enemies":"Snake Plant","floor":20,"turns":5},{"damage":11,"enemies":"Centurion and Healer","floor":22,"turns":3}],"seed_played":"8433618836880096664","potions_obtained":[{"floor":3,"key":"Weak Potion"},{"floor":7,"key":"Energy Potion"},{"floor":8,"key":"SkillPotion"},{"floor":13,"key":"Block Potion"},{"floor":16,"key":"GamblersBrew"}],"is_trial":false,"path_per_floor":["M","M","M","?","?","E","M","E","T","M","$","?","M","E","R","B",null,"M","M","M","$","M"],"character_chosen":"IRONCLAD","items_purchased":["Cleave","Brimstone","Iron Wave"],"campfire_rested":1,"item_purchase_floors":[11,21,21],"current_hp_per_floor":[46,24,29,26,51,33,16,8,8,9,9,9,11,11,48,15,60,48,16,10,10,0],"gold":52,"neow_bonus":"ONE_RARE_RELIC","is_prod":false,"is_daily":false,"chose_seed":false,"campfire_upgraded":0,"win_rate":0,"timestamp":1551988943,"path_taken":["M","M","M","?","?","E","M","E","T","M","$","?","M","E","R","BOSS","M","M","M","$","M"],"build_version":"2019-01-23","purchased_purges":1,"victory":false,"max_hp_per_floor":[75,75,75,75,75,75,75,75,75,75,75,75,75,75,75,75,75,75,75,75,75,75],"card_choices":[{"not_picked":["Wild Strike","Iron Wave"],"picked":"Shrug It Off","floor":1},{"not_picked":["Blood for Blood","Havoc"],"picked":"Inflame","floor":2},{"not_picked":["Shockwave","Iron Wave"],"picked":"Rampage","floor":3},{"not_picked":["Clothesline","Second Wind"],"picked":"Rage","floor":6},{"not_picked":["Burning Pact","Cleave"],"picked":"Impervious","floor":7},{"not_picked":["Warcry","Combust"],"picked":"Flex","floor":8},{"not_picked":["Warcry","Wild Strike"],"picked":"Thunderclap","floor":10},{"not_picked":["Havoc","Heavy Blade"],"picked":"Inflame","floor":13},{"not_picked":["Anger","Sentinel"],"picked":"Warcry","floor":14},{"not_picked":["Offering","Dark Embrace","Exhume"],"picked":"Demon Form","floor":16},{"not_picked":["Anger","Entrench","Body Slam"],"picked":"Headbutt","floor":18},{"not_picked":["Armaments","Burning Pact","Perfected Strike","Sword Boomerang"],"picked":"SKIP","floor":19},{"not_picked":["Clothesline","Body Slam+1","Wild Strike"],"picked":"Dropkick","floor":20}],"player_experience":390505,"relics_obtained":[{"floor":6,"key":"Bag of Marbles"},{"floor":8,"key":"Regal Pillow"},{"floor":14,"key":"Question Card"}],"event_choices":[{"damage_healed":0,"gold_gain":0,"player_choice":"Success","damage_taken":3,"relics_obtained":["Gambling Chip"],"max_hp_gain":0,"max_hp_loss":0,"event_name":"Scrap Ooze","floor":4,"gold_loss":0},{"damage_healed":25,"gold_gain":0,"player_choice":"Banana","damage_taken":0,"max_hp_gain":0,"max_hp_loss":0,"event_name":"Big Fish","floor":5,"gold_loss":0},{"damage_healed":0,"gold_gain":0,"player_choice":"Ignored","damage_taken":0,"max_hp_gain":0,"max_hp_loss":0,"event_name":"Shining Light","floor":12,"gold_loss":0}],"is_beta":false,"boss_relics":[{"not_picked":["Runic Pyramid","White Beast Statue"],"picked":"Sozu"}],"items_purged_floors":[11],"is_endless":false,"potions_floor_spawned":[3,7,8,13,16,18],"killed_by":"Centurion and Healer","ascension_level":14}