{"gold_per_floor":[20,34,46,11,31,63,63,63,138,168,268,288,319,331,331,331],"floor_reached":16,"playtime":1120,"items_purged":[],"score":189,"play_id":"ef5a057c-da6d-4e93-9470-f92d634c94d6","local_time":"20190302231424","is_ascension_mode":true,"campfire_choices":[{"floor":7,"key":"DIG"},{"floor":15,"key":"REST"}],"neow_cost":"NO_GOLD","seed_source_timestamp":522687499914300,"circlet_count":0,"master_deck":["AscendersBane","Strike_R","Strike_R","Strike_R","Strike_R","Strike_R","Defend_R","Defend_R","Defend_R","Defend_R","Bash","Immolate","Armaments","True Grit","Pommel Strike","Feel No Pain","Uppercut","Feel No Pain","Flame Barrier"],"relics":["Burning Blood","Shovel","Vajra","Paper Frog","Kunai","PreservedInsect"],"potions_floor_usage":[10,16],"damage_taken":[{"damage":0,"enemies":"Cultist","floor":1,"turns":2},{"damage":0,"enemies":"2 Louse","floor":2,"turns":1},{"damage":7,"enemies":"Jaw Worm","floor":3,"turns":3},{"damage":8,"enemies":"Blue Slaver","floor":5,"turns":2},{"damage":35,"enemies":"Gremlin Nob","floor":6,"turns":5},{"damage":21,"enemies":"Lagavulin","floor":10,"turns":8},{"damage":8,"enemies":"Lots of Slimes","floor":12,"turns":3},{"damage":24,"enemies":"3 Sentries","floor":13,"turns":6},{"damage":13,"enemies":"Large Slime","floor":14,"turns":7},{"damage":34,"enemies":"Slime Boss","floor":16,"turns":10}],"seed_played":"-6072615097577222727","potions_obtained":[{"floor":2,"key":"Block Potion"},{"floor":12,"key":"LiquidBronze"},{"floor":13,"key":"SpeedPotion"},{"floor":14,"key":"Block Potion"}],"is_trial":false,"path_per_floor":["M","M","M","?","M","E","R","$","T","E","?","M","E","M","R","B"],"character_chosen":"IRONCLAD","items_purchased":[],"campfire_rested":1,"item_purchase_floors":[],"current_hp_per_floor":[78,80,79,80,78,49,49,49,49,34,34,32,14,7,31,0],"gold":331,"neow_bonus":"THREE_RARE_CARDS","is_prod":false,"is_daily":false,"chose_seed":false,"campfire_upgraded":0,"win_rate":0,"timestamp":1551586464,"path_taken":["M","M","M","?","M","E","R","$","T","E","?","?","E","M","R","BOSS"],"build_version":"2019-02-06","purchased_purges":0,"victory":false,"max_hp_per_floor":[80,80,80,80,80,80,80,80,80,80,80,80,80,80,80,80],"card_choices":[{"not_picked":["Limit Break","Bludgeon"],"picked":"Immolate","floor":0},{"not_picked":["Clothesline","Anger","Perfected Strike"],"picked":"SKIP","floor":1},{"not_picked":["Headbutt","Spot Weakness"],"picked":"Armaments","floor":2},{"not_picked":["Second Wind","Clothesline"],"picked":"True Grit","floor":3},{"not_picked":["Fire Breathing","Sever Soul"],"picked":"Pommel Strike","floor":5},{"not_picked":["Searing Blow","Barricade","Armaments"],"picked":"SKIP","floor":6},{"not_picked":["Rupture","Corruption"],"picked":"Feel No Pain","floor":10},{"not_picked":["Perfected Strike","Thunderclap"],"picked":"Uppercut","floor":12},{"not_picked":["Clothesline","Rampage"],"picked":"Feel No Pain","floor":13},{"not_picked":["Thunderclap","Infernal Blade"],"picked":"Flame Barrier","floor":14}],"player_experience":534896,"relics_obtained":[{"floor":6,"key":"Shovel"},{"floor":7,"key":"Vajra"},{"floor":9,"key":"Paper Frog"},{"floor":10,"key":"Kunai"},{"floor":13,"key":"PreservedInsect"}],"event_choices":[{"damage_healed":20,"gold_gain":0,"player_choice":"Healed","damage_taken":0,"max_hp_gain":0,"max_hp_loss":0,"event_name":"The Cleric","floor":4,"gold_loss":35},{"damage_healed":0,"gold_gain":100,"player_choice":"Gold","damage_taken":0,"max_hp_gain":0,"max_hp_loss":0,"event_name":"Wheel of Change","floor":11,"gold_loss":0}],"is_beta":true,"boss_relics":[],"items_purged_floors":[],"is_endless":false,"potions_floor_spawned":[2,12,13,14],"killed_by":"Slime Boss","ascension_level":11}