{"gold_per_floor":[113,132,143,143,0,0,0,39,39,39,39,54,95,108,108,108],"floor_reached":16,"playtime":617,"items_purged":[],"score":154,"play_id":"a60f2b4b-e401-477a-8adf-dd3a29f03344","local_time":"20190220162735","is_ascension_mode":true,"campfire_choices":[{"data":"Flame Barrier","floor":6.0,"key":"SMITH"},{"floor":11.0,"key":"REST"},{"floor":15,"key":"REST"}],"neow_cost":"NONE","seed_source_timestamp":0,"circlet_count":0,"master_deck":["Strike_R","Strike_R","Strike_R","Strike_R","Defend_R","Defend_R","Defend_R","Defend_R","Bash","Iron Wave","Warcry","Metallicize","Flame Barrier+1","Disarm","Reaper"],"special_seed":0,"relics":["Burning Blood","Golden Idol","Turnip","Ginger","Sundial"],"potions_floor_usage":[13,13],"damage_taken":[{"damage":1.0,"enemies":"Cultist","floor":1.0,"turns":3.0},{"damage":12.0,"enemies":"2 Louse","floor":2.0,"turns":4.0},{"damage":4.0,"enemies":"Jaw Worm","floor":3.0,"turns":6.0},{"damage":37.0,"enemies":"Lagavulin","floor":8.0,"turns":11.0},{"damage":0.0,"enemies":"Lots of Slimes","floor":12.0,"turns":2.0},{"damage":9,"enemies":"Gremlin Nob","floor":13,"turns":5},{"damage":59,"enemies":"Gremlin Gang","floor":14,"turns":6},{"damage":51,"enemies":"Slime Boss","floor":16,"turns":9}],"seed_played":"-1511728339243185104","potions_obtained":[{"floor":1.0,"key":"Strength Potion"},{"floor":10.0,"key":"PowerPotion"},{"floor":10.0,"key":"Dexterity Potion"},{"floor":10.0,"key":"Explosive Potion"},{"floor":12.0,"key":"Poison Potion"},{"floor":14,"key":"Ancient Potion"}],"is_trial":false,"path_per_floor":["M","M","M","?","$","R","?","E","T","?","R","M","E","M","R","B"],"character_chosen":"IRONCLAD","items_purchased":["Metallicize","Flame Barrier"],"campfire_rested":2,"item_purchase_floors":[5,5],"current_hp_per_floor":[77,71,73,53,53,53,58,27,27,27,52,58,55,18,43,0],"gold":108,"neow_bonus":"REMOVE_CARD","is_prod":false,"is_daily":false,"chose_seed":false,"campfire_upgraded":1,"win_rate":0,"timestamp":1550669255,"path_taken":["M","M","?","?","$","R","?","E","T","?","R","M","E","M","R","BOSS"],"build_version":"2019-01-23","purchased_purges":0,"victory":false,"max_hp_per_floor":[80,80,80,80,80,80,85,85,85,85,85,85,85,85,85,85],"card_choices":[{"not_picked":["Dual Wield","Wild Strike"],"picked":"Iron Wave","floor":1.0},{"not_picked":["Corruption","Flex","Thunderclap"],"picked":"SKIP","floor":2.0},{"not_picked":["Flex","Intimidate"],"picked":"Warcry","floor":3.0},{"not_picked":["Perfected Strike","Reckless Charge","Heavy Blade"],"picked":"SKIP","floor":8.0},{"not_picked":["Evolve","Power Through"],"picked":"Disarm","floor":12.0},{"not_picked":["Flex","Wild Strike"],"picked":"Reaper","floor":13},{"not_picked":["Sword Boomerang","Sever Soul","Burning Pact"],"picked":"SKIP","floor":14}],"player_experience":329215,"relics_obtained":[{"floor":8.0,"key":"Turnip"},{"floor":9.0,"key":"Ginger"},{"floor":13,"key":"Sundial"}],"event_choices":[{"damage_healed":0.0,"max_hp_gain":0.0,"max_hp_loss":0.0,"gold_gain":0.0,"event_name":"Golden Idol","player_choice":"Take Damage","floor":4.0,"gold_loss":0.0,"damage_taken":20.0,"relics_obtained":["Golden Idol"]},{"damage_healed":0.0,"max_hp_gain":5.0,"max_hp_loss":0.0,"gold_gain":0.0,"event_name":"Big Fish","player_choice":"Donut","floor":7.0,"gold_loss":0.0,"damage_taken":0.0},{"damage_healed":0.0,"max_hp_gain":0.0,"max_hp_loss":0.0,"gold_gain":0.0,"event_name":"Lab","player_choice":"Got Potions","floor":10.0,"gold_loss":0.0,"damage_taken":0.0}],"is_beta":false,"boss_relics":[],"items_purged_floors":[],"is_endless":false,"potions_floor_spawned":[1,12,14],"killed_by":"Slime Boss","ascension_level":8}