{"gold_per_floor":[114,20,20,34,50,50,50,81,81,81,6,31,31,45,45,140,140,152,167,183,183,194,194,207,207,207,207,207,207,222,255,255,270,270,371,371,385,251,351,351,361,388,388,398,448,448,461,461,461,488,488,646],"floor_reached":53,"playtime":3980,"items_purged":["Regret","Strike_R"],"score":792,"play_id":"15945392-d970-4045-9fc4-84ae56fc8691","local_time":"20190303113308","is_ascension_mode":false,"campfire_choices":[{"data":"Armaments","floor":6.0,"key":"SMITH"},{"data":"Run Through","floor":15.0,"key":"SMITH"},{"data":"Body Slam","floor":23.0,"key":"SMITH"},{"floor":32,"key":"DIG"},{"floor":34,"key":"DIG"},{"floor":43,"key":"DIG"},{"floor":49,"key":"DIG"},{"data":"Entrench","floor":51,"key":"SMITH"}],"neow_cost":"NONE","seed_source_timestamp":571982499769971,"circlet_count":0,"master_deck":["Strike_R","Strike_R","Strike_R","Defend_R+1","Defend_R","Defend_R","Defend_R","Bash","Barricade","Run Through+1","strawberrySpire:Disreguard+1","Armaments+1","Shrug It Off","conspire:Purge","Shrug It Off","jedi:unlimitedpower","strawberrySpire:Aggression","Wild Strike+1","Body Slam+1","strawberrySpire:Taunt","ReplayTheSpireMod:Stacked","strawberrySpire:Endurance+1","Iron Wave+1","Rage","ReplayTheSpireMod:??????????????????????","Flash of Steel","Replay:Fractal Strike","Entrench+1"],"special_seed":0,"relics":["Burning Blood","hubris:MedicalManual","hubris:MysteriousPyramids","conspire:DeflatedDodgeball","StoneCalendar","ShockBauble","Runic Dome","theJungle:BirthdayCakeSlice","theJungle:PaperFaux","Snack Pack","Shovel","halation:Toothbrush","ReplayTheSpireMod:Lightbulb","Durian","conspire:SpecialSausage","hubris:Towel","War Paint","hubris:TenFootPole","Baseball","Bottled Lightning","infinitespire:Broken Mirror","Garlic"],"potions_floor_usage":[31,35,39,52],"damage_taken":[{"damage":1.0,"enemies":"Cultist","floor":1.0,"turns":3.0},{"damage":2.0,"enemies":"Jaw Worm","floor":4.0,"turns":3.0},{"damage":0.0,"enemies":"Small Slimes","floor":5.0,"turns":4.0},{"damage":39.0,"enemies":"3 Sentries","floor":8.0,"turns":10.0},{"damage":16.0,"enemies":"strawberrySpire:EnergyPylons","floor":12.0,"turns":7.0},{"damage":0.0,"enemies":"2 Fungi Beasts","floor":14.0,"turns":6.0},{"damage":16.0,"enemies":"The Guardian","floor":16.0,"turns":14.0},{"damage":19.0,"enemies":"theJungle:MUSHROOMGANG","floor":18.0,"turns":6.0},{"damage":0.0,"enemies":"Shell Parasite","floor":19.0,"turns":7.0},{"damage":6.0,"enemies":"Snake Plant","floor":20.0,"turns":6.0},{"damage":7.0,"enemies":"theJungle:2_Snecko_Cultists","floor":22.0,"turns":5.0},{"damage":0.0,"enemies":"theJungle:SlimyTreeVines","floor":24.0,"turns":7.0},{"damage":6.0,"enemies":"theJungle:Snecko_Cultist_And_Trap","floor":30.0,"turns":7.0},{"damage":9,"enemies":"theJungle:Cassacara","floor":31,"turns":7},{"damage":3,"enemies":"theJungle:2_Snecko_Cultists","floor":33,"turns":5},{"damage":0,"enemies":"theJungle:FunGuy","floor":35,"turns":8},{"damage":22,"enemies":"3 Darklings","floor":37,"turns":7},{"damage":15,"enemies":"infinitespire:Three Voidlings","floor":39,"turns":7},{"damage":2,"enemies":"Nightmare_Alpha","floor":39,"turns":11},{"damage":12,"enemies":"3 Shapes","floor":41,"turns":7},{"damage":0,"enemies":"Giant Head","floor":42,"turns":6},{"damage":11,"enemies":"Sphere and 2 Shapes","floor":44,"turns":7},{"damage":2,"enemies":"Jaw Worm Horde","floor":46,"turns":4},{"damage":0,"enemies":"4 Shapes","floor":47,"turns":6},{"damage":2,"enemies":"Writhing Mass","floor":50,"turns":5},{"damage":3,"enemies":"infinitespire:MassOfShapes","floor":52,"turns":15}],"seed_played":"6986390096053611786","potions_obtained":[{"floor":8.0,"key":"Dexterity Potion"},{"floor":12.0,"key":"Dexterity Potion"},{"floor":19.0,"key":"Explosive Potion"},{"floor":20.0,"key":"FearPotion"},{"floor":31,"key":"SpeedPotion"},{"floor":35,"key":"Explosive Potion"},{"floor":37,"key":"Strength Potion"},{"floor":42,"key":"Weak Potion"}],"is_trial":false,"path_per_floor":["M","$","$","M","M","R","?","E","T","?","$","E","?","M","R","B",null,"M","M","M","?","M","R","M","PTL","PTL","?","T","?","M","E","R","M","R","B",null,"M","$","?","?","M","E","R","M","T","M","M","?","R","M","R","B",null],"character_chosen":"IRONCLAD","items_purchased":["strawberrySpire:Disreguard","Rage"],"campfire_rested":0,"item_purchase_floors":[2,38],"current_hp_per_floor":[80,80,80,80,80,80,80,47,47,44,44,34,34,40,40,30,80,67,73,73,78,77,77,85,85,85,85,85,65,67,72,72,77,82,90,90,82,85,93,93,89,93,93,93,93,93,93,93,93,93,93,93],"gold":646,"neow_bonus":"ONE_RANDOM_RARE_CARD","is_prod":false,"is_daily":false,"chose_seed":false,"campfire_upgraded":4,"win_rate":0,"timestamp":1551573188,"path_taken":["M","?","$","M","M","R","?","E","T","?","$","E","?","?","R","BOSS","M","?","M","?","M","R","M","PTL","PTL","?","T","?","M","E","R","M","R","BOSS","M","$","?","?","M","E","R","M","T","M","?","?","R","M","R","BOSS"],"build_version":"2019-01-23","purchased_purges":2,"victory":true,"max_hp_per_floor":[80,80,80,80,80,80,80,80,80,80,80,80,80,80,80,80,80,80,80,80,85,85,85,85,85,85,85,85,85,85,85,85,85,90,90,90,90,93,93,93,93,93,93,93,93,93,93,93,93,93,93,93],"card_choices":[{"not_picked":["Wild Strike","Cleave"],"picked":"Run Through","floor":1.0},{"not_picked":["Warcry","Replay:Undeath\u0027s Touch"],"picked":"Armaments","floor":4.0},{"not_picked":["Bloodletting","strawberrySpire:ZonePlayer","Infernal Blade"],"picked":"SKIP","floor":5.0},{"not_picked":["Disarm","Headbutt"],"picked":"Shrug It Off","floor":8.0},{"not_picked":["Sever Soul","Heavy Blade","Combust"],"picked":"SKIP","floor":12.0},{"not_picked":["Body Slam","Sword Boomerang"],"picked":"Shrug It Off","floor":14.0},{"not_picked":["Feed","conspire:Purge"],"picked":"jedi:unlimitedpower","floor":16.0},{"not_picked":["strawberrySpire:DraftPunk","Anger"],"picked":"strawberrySpire:Aggression","floor":18.0},{"not_picked":["Thunderclap","Perfected Strike","Wild Strike+1"],"picked":"SKIP","floor":19.0},{"not_picked":["Thunderclap","Perfected Strike"],"picked":"Wild Strike+1","floor":19.0},{"not_picked":["Body Slam","strawberrySpire:Conflagrate","jedi:unlimitedpower"],"picked":"SKIP","floor":20.0},{"not_picked":["strawberrySpire:Conflagrate","jedi:unlimitedpower"],"picked":"Body Slam","floor":20.0},{"not_picked":["Battle Trance","ReplayTheSpireMod:Limb From Limb"],"picked":"strawberrySpire:Taunt","floor":22.0},{"not_picked":["Bloodletting","Pommel Strike"],"picked":"ReplayTheSpireMod:Stacked","floor":24.0},{"not_picked":["jedi:suffering","jedi:collectorstrike","Cleave"],"picked":"SKIP","floor":30.0},{"not_picked":["Bloodletting","Fire Breathing+1","Dual Wield"],"picked":"SKIP","floor":31},{"not_picked":["jedi:controlledanger","jedi:fear"],"picked":"strawberrySpire:Endurance+1","floor":33},{"not_picked":["Sever Soul+1","Armaments+1"],"picked":"Iron Wave+1","floor":37},{"not_picked":["ReplayTheSpireMod:Chaos Vortex","infinitespire:Virus"],"picked":"ReplayTheSpireMod:??????????????????????","floor":39},{"not_picked":["strawberrySpire:Spite","Battle Trance","Perfected Strike"],"picked":"SKIP","floor":41},{"not_picked":["Absolvement+1","Sentinel","strawberrySpire:Taunt+1"],"picked":"SKIP","floor":42},{"not_picked":["strawberrySpire:ZonePlayer+1","Shockwave+1","Inflame+1"],"picked":"SKIP","floor":44},{"not_picked":["Iron Wave","Sever Soul","Clothesline"],"picked":"SKIP","floor":47},{"not_picked":["Good Instincts","Replay:Sssssssssstrike"],"picked":"Flash of Steel","floor":48},{"not_picked":["infinitespire:UltimateForm","infinitespire:FinalStrike"],"picked":"Replay:Fractal Strike","floor":50},{"not_picked":["strawberrySpire:Aggression+1","conspire:ExplosiveBarrier+1"],"picked":"Entrench","floor":50}],"player_experience":768995,"relics_obtained":[{"floor":8.0,"key":"hubris:MysteriousPyramids"},{"floor":9.0,"key":"conspire:DeflatedDodgeball"},{"floor":12.0,"key":"ShockBauble"},{"floor":28.0,"key":"Snack Pack"},{"floor":31,"key":"halation:Toothbrush"},{"floor":32,"key":"ReplayTheSpireMod:Lightbulb"},{"floor":34,"key":"Durian"},{"floor":42,"key":"War Paint"},{"floor":43,"key":"hubris:TenFootPole"},{"floor":45,"key":"Baseball"},{"floor":49,"key":"Garlic"}],"event_choices":[{"damage_healed":0.0,"max_hp_gain":0.0,"max_hp_loss":0.0,"gold_gain":0.0,"event_name":"Big Fish","player_choice":"Box","floor":7.0,"gold_loss":0.0,"damage_taken":0.0,"relics_obtained":["hubris:MedicalManual"],"cards_obtained":["Regret"]},{"damage_healed":0.0,"max_hp_gain":0.0,"max_hp_loss":0.0,"gold_gain":0.0,"event_name":"Scrap Ooze","player_choice":"Success","floor":10.0,"gold_loss":0.0,"damage_taken":3.0,"relics_obtained":["StoneCalendar"]},{"damage_healed":0.0,"max_hp_gain":0.0,"max_hp_loss":0.0,"gold_gain":0.0,"cards_transformed":["Strike_R"],"event_name":"Living Wall","player_choice":"Change","floor":13.0,"gold_loss":0.0,"damage_taken":0.0,"cards_obtained":["conspire:Purge"]},{"damage_healed":0,"gold_gain":0,"player_choice":"Memory 1","damage_taken":0,"max_hp_gain":0,"max_hp_loss":0,"event_name":"SensoryStone","floor":48,"gold_loss":0}],"is_beta":false,"boss_relics":[{"not_picked":["Black Star","ChewingGum"],"picked":"Runic Dome"},{"not_picked":["Tiny House","Mark of Pain"],"picked":"conspire:SpecialSausage"}],"items_purged_floors":[11,38],"is_endless":false,"potions_floor_spawned":[8,12,19,20,22,31,35,37,42,50],"ascension_level":0}