{"gold_per_floor":[114,39,39,56,69,69,80,80,80,80,95,95,113,5,5,5],"floor_reached":16,"playtime":555,"items_purged":["Normality"],"score":170,"play_id":"9328cee0-a0fc-4762-9924-02ec716d3733","local_time":"20190301183244","is_ascension_mode":true,"campfire_choices":[{"data":"Pommel Strike","floor":6.0,"key":"SMITH"},{"data":"Limit Break","floor":8.0,"key":"SMITH"},{"data":"Bash","floor":10.0,"key":"SMITH"},{"data":"Iron Wave","floor":15,"key":"SMITH"}],"neow_cost":"CURSE","seed_source_timestamp":426095847040141,"circlet_count":0,"master_deck":["AscendersBane","Strike_R","Strike_R","Strike_R","Strike_R","Defend_R","Defend_R","Defend_R","Defend_R","Bash+1","Limit Break+1","Iron Wave+1","Pommel Strike+1","Infernal Blade","Twin Strike","Metallicize"],"special_seed":0,"relics":["Burning Blood","Pear"],"potions_floor_usage":[16],"damage_taken":[{"damage":10.0,"enemies":"2 Louse","floor":1.0,"turns":3.0},{"damage":4.0,"enemies":"Small Slimes","floor":4.0,"turns":4.0},{"damage":1.0,"enemies":"Cultist","floor":5.0,"turns":3.0},{"damage":17.0,"enemies":"Blue Slaver","floor":7.0,"turns":5.0},{"damage":24.0,"enemies":"Lots of Slimes","floor":11.0,"turns":4.0},{"damage":13.0,"enemies":"Large Slime","floor":13.0,"turns":8.0},{"damage":63,"enemies":"The Guardian","floor":16,"turns":12}],"seed_played":"3142866243523371233","potions_obtained":[{"floor":1.0,"key":"Fire Potion"},{"floor":7.0,"key":"LiquidBronze"},{"floor":13.0,"key":"Swift Potion"}],"is_trial":false,"path_per_floor":["M","$","?","M","M","R","M","R","T","R","M","?","M","$","R","B"],"character_chosen":"IRONCLAD","items_purchased":["Twin Strike","Metallicize"],"campfire_rested":0,"item_purchase_floors":[14,14],"current_hp_per_floor":[64,64,69,71,76,76,65,65,75,75,57,57,50,50,50,0],"gold":5,"neow_bonus":"THREE_RARE_CARDS","is_prod":false,"is_daily":false,"chose_seed":false,"campfire_upgraded":4,"win_rate":0,"timestamp":1551425564,"path_taken":["M","$","?","M","M","R","M","R","T","R","M","?","M","$","R","BOSS"],"build_version":"2019-01-23","purchased_purges":1,"victory":false,"max_hp_per_floor":[75,75,80,80,80,80,80,80,90,90,90,90,90,90,90,90],"card_choices":[{"not_picked":["Impervious","Dark Embrace"],"picked":"Limit Break","floor":0.0},{"not_picked":["Seeing Red","True Grit"],"picked":"Iron Wave","floor":1.0},{"not_picked":["Clash","Iron Wave"],"picked":"Pommel Strike","floor":4.0},{"not_picked":["Warcry","Shrug It Off","Clash"],"picked":"SKIP","floor":5.0},{"not_picked":["Cleave","Clothesline","Body Slam"],"picked":"SKIP","floor":7.0},{"not_picked":["Sever Soul","Clothesline","Corruption"],"picked":"SKIP","floor":11.0},{"not_picked":["Perfected Strike","Reaper"],"picked":"Infernal Blade","floor":13.0}],"player_experience":739239,"relics_obtained":[{"floor":9.0,"key":"Pear"}],"event_choices":[{"damage_healed":0.0,"max_hp_gain":5.0,"max_hp_loss":0.0,"gold_gain":0.0,"event_name":"Big Fish","player_choice":"Donut","floor":3.0,"gold_loss":0.0,"damage_taken":0.0},{"cards_removed":["Strike_R"],"damage_healed":0.0,"max_hp_gain":0.0,"max_hp_loss":0.0,"gold_gain":0.0,"event_name":"Bonfire Elementals","player_choice":"Offered Basic","floor":12.0,"gold_loss":0.0,"damage_taken":0.0}],"is_beta":false,"boss_relics":[],"items_purged_floors":[2],"is_endless":false,"potions_floor_spawned":[1,7,13],"killed_by":"The Guardian","ascension_level":17}