{"gold_per_floor":[119,138,21,21,34,63,80,80,80,80,355,370,370,213,213,290,290,310,63,80,80,10,10,10,10,10,10,26,45,45,45,45,118,118,136,154,76,76,42,42,73,73,98,129,143,153,202,302,302,302,302,302,18,47,47],"floor_reached":56,"playtime":8267,"items_purged":["Regret","Writhe"],"score":1894,"play_id":"993a77fb-1624-4a06-922b-852f0dc56d2a","local_time":"20181229185559","is_ascension_mode":true,"campfire_choices":[{"data":"Zap","floor":8,"key":"SMITH"},{"floor":13,"key":"REST"},{"data":"Static Discharge","floor":15,"key":"SMITH"},{"floor":23,"key":"REST"},{"floor":27,"key":"RECALL"},{"data":"Heatsinks","floor":32,"key":"SMITH"},{"floor":40,"key":"REST"},{"data":"Loop","floor":42,"key":"SMITH"},{"floor":49,"key":"REST"},{"data":"Consume","floor":52,"key":"SMITH"}],"neow_cost":"NONE","seed_source_timestamp":542059421502749,"circlet_count":0,"master_deck":["AscendersBane","Strike_B","Strike_B","Defend_B","Defend_B","Defend_B","Defend_B","Zap+1","Cold Snap","Conserve Battery","Ball Lightning","Capacitor","Conserve Battery","Conserve Battery","BootSequence","Static Discharge+1","Machine Learning","Loop+1","Amplify","Hologram","Storm","Heatsinks+1","Glacier","Static Discharge","Hologram","Creative AI","Coolheaded+1","Barrage+1","Capacitor","Hello World","Loop+1","Amplify","Aggregate","White Noise+1","Consume+1","Chill","Storm","All For One","Redo"],"relics":["Cracked Core","Bag of Preparation","Question Card","Mummified Hand","Snecko Eye","Nilry\u0027s Codex","Darkstone Periapt","Lizard Tail","Blue Candle","Smiling Mask","DataDisk","Prayer Wheel","Nunchaku","Art of War"],"potions_floor_usage":[6,16,28,41,44,46,54],"damage_taken":[{"damage":3,"enemies":"Jaw Worm","floor":1,"turns":4},{"damage":0,"enemies":"Cultist","floor":2,"turns":3},{"damage":5,"enemies":"Small Slimes","floor":5,"turns":2},{"damage":19,"enemies":"Lagavulin","floor":6,"turns":8},{"damage":3,"enemies":"Gremlin Gang","floor":7,"turns":4},{"damage":0,"enemies":"3 Louse","floor":12,"turns":3},{"damage":14,"enemies":"The Guardian","floor":16,"turns":11},{"damage":11,"enemies":"Shell Parasite","floor":18,"turns":7},{"damage":14,"enemies":"Spheric Guardian","floor":20,"turns":3},{"damage":0,"enemies":"3 Cultists","floor":28,"turns":5},{"damage":0,"enemies":"Cultist and Chosen","floor":29,"turns":3},{"damage":13,"enemies":"Champ","floor":33,"turns":11},{"damage":6,"enemies":"3 Shapes","floor":35,"turns":5},{"damage":29,"enemies":"3 Darklings","floor":36,"turns":7},{"damage":20,"enemies":"Nemesis","floor":41,"turns":5},{"damage":2,"enemies":"Giant Head","floor":44,"turns":7},{"damage":1,"enemies":"Jaw Worm Horde","floor":45,"turns":3},{"damage":13,"enemies":"Spire Growth","floor":46,"turns":4},{"damage":1,"enemies":"2 Orb Walkers","floor":47,"turns":3},{"damage":1,"enemies":"Mind Bloom Boss Battle","floor":48,"turns":4},{"damage":1,"enemies":"Awakened One","floor":50,"turns":5},{"damage":62,"enemies":"Shield and Spear","floor":54,"turns":4},{"damage":80,"enemies":"The Heart","floor":55,"turns":6}],"seed_played":"8491867506496347356","potions_obtained":[{"floor":5,"key":"Weak Potion"},{"floor":7,"key":"Ancient Potion"},{"floor":12,"key":"SkillPotion"},{"floor":18,"key":"SpeedPotion"},{"floor":29,"key":"SpeedPotion"},{"floor":33,"key":"GamblersBrew"},{"floor":41,"key":"Regen Potion"},{"floor":46,"key":"Weak Potion"}],"is_trial":false,"path_per_floor":["M","M","$","?","M","E","M","R","T","?","?","M","R","$","R","B",null,"M","$","M","?","$","R","?","?","T","R","M","M","?","T","R","B",null,"M","M","$","?","$","R","E","R","T","E","M","M","?","?","R","B",null,"R","$","E","B",null],"character_chosen":"DEFECT","items_purchased":["Ball Lightning","Capacitor","Static Discharge","Loop","Amplify","Hologram","Heatsinks","Capacitor","Hello World","Storm","All For One"],"campfire_rested":4,"item_purchase_floors":[3,3,14,19,19,19,22,37,39,53,53],"current_hp_per_floor":[65,65,65,65,60,41,38,38,38,38,38,38,60,60,60,46,68,57,57,43,27,27,49,49,49,49,49,49,49,49,49,49,36,65,59,30,30,55,55,79,59,59,59,57,56,52,51,50,74,73,79,79,79,17,26],"gold":47,"neow_bonus":"RANDOM_COMMON_RELIC","is_prod":false,"is_daily":false,"chose_seed":false,"campfire_upgraded":5,"win_rate":0,"timestamp":1546106159,"path_taken":["M","M","$","?","?","E","M","R","T","?","?","?","R","$","R","BOSS","M","$","M","?","$","R","?","?","T","R","?","M","?","?","R","BOSS","M","M","$","?","$","R","E","R","T","E","M","M","?","?","R","BOSS","R","$","E","BOSS"],"build_version":"2018-12-25","purchased_purges":2,"victory":true,"max_hp_per_floor":[75,75,75,75,75,75,75,75,75,75,75,75,75,75,75,75,75,75,75,75,75,75,75,75,75,75,75,75,75,75,75,75,75,75,75,75,75,81,81,81,81,81,81,81,81,81,81,81,81,81,81,81,81,81,81],"card_choices":[{"not_picked":["Leap","Sweeping Beam"],"picked":"Cold Snap","floor":1},{"not_picked":["Rip and Tear","Ball Lightning"],"picked":"Conserve Battery","floor":2},{"not_picked":["Thunder Strike","Force Field"],"picked":"Conserve Battery","floor":5},{"not_picked":["Sunder","Streamline"],"picked":"Conserve Battery","floor":6},{"not_picked":["Coolheaded","Beam Cell","Skim"],"picked":"BootSequence","floor":7},{"not_picked":["Lockon","Darkness","Genetic Algorithm","BootSequence"],"picked":"SKIP","floor":12},{"not_picked":["Multi-Cast","Biased Cognition","Amplify"],"picked":"Machine Learning","floor":16},{"not_picked":["Stack","Leap","Beam Cell","Blizzard"],"picked":"SKIP","floor":18},{"not_picked":["Redo","FTL","Cold Snap+1"],"picked":"Storm","floor":20},{"not_picked":["Rebound","Hologram","Conserve Battery"],"picked":"Glacier","floor":28},{"not_picked":["All For One","Barrage","Beam Cell"],"picked":"Static Discharge","floor":29},{"not_picked":["Fission","Amplify","Electrodynamics"],"picked":"Creative AI","floor":33},{"not_picked":["Go for the Eyes","Rebound","Barrage+1"],"picked":"Coolheaded+1","floor":35},{"not_picked":["Streamline","Scrape","Cold Snap"],"picked":"Barrage+1","floor":36},{"not_picked":["Gash","White Noise","Turbo"],"picked":"Loop+1","floor":41},{"not_picked":["Cold Snap","Beam Cell+1","Biased Cognition"],"picked":"Amplify","floor":44},{"not_picked":["Rebound","Steam","Beam Cell"],"picked":"Aggregate","floor":45},{"not_picked":["Streamline+1","Skim","Static Discharge"],"picked":"White Noise+1","floor":46},{"not_picked":["Steam","Darkness+1","Beam Cell+1"],"picked":"Consume","floor":47},{"not_picked":["Doom and Gloom","Chaos","Compile Driver+1"],"picked":"Chill","floor":48},{"not_picked":["Barrage","Biased Cognition","Steam+1"],"picked":"Redo","floor":54}],"player_experience":628185,"relics_obtained":[{"floor":6,"key":"Question Card"},{"floor":9,"key":"Mummified Hand"},{"floor":21,"key":"Nilry\u0027s Codex"},{"floor":31,"key":"Darkstone Periapt"},{"floor":41,"key":"Blue Candle"},{"floor":43,"key":"Smiling Mask"},{"floor":44,"key":"DataDisk"},{"floor":47,"key":"Prayer Wheel"},{"floor":48,"key":"Nunchaku"},{"floor":54,"key":"Art of War"}],"event_choices":[{"cards_removed":["Strike_B"],"damage_healed":0,"gold_gain":0,"player_choice":"Purged","damage_taken":0,"max_hp_gain":0,"max_hp_loss":0,"event_name":"Purifier","floor":4,"gold_loss":0},{"cards_removed":["Strike_B"],"damage_healed":0,"gold_gain":0,"player_choice":"Forget","damage_taken":0,"max_hp_gain":0,"max_hp_loss":0,"event_name":"Living Wall","floor":10,"gold_loss":0},{"damage_healed":0,"gold_gain":275,"player_choice":"Desecrate","damage_taken":0,"max_hp_gain":0,"max_hp_loss":0,"event_name":"Golden Shrine","floor":11,"gold_loss":0,"cards_obtained":["Regret"]},{"damage_healed":0,"gold_gain":0,"player_choice":"Obtained Book","damage_taken":16,"max_hp_gain":0,"max_hp_loss":0,"event_name":"Cursed Tome","floor":21,"gold_loss":0},{"damage_healed":0,"gold_gain":0,"player_choice":"Ignored","damage_taken":0,"max_hp_gain":0,"max_hp_loss":0,"event_name":"Ghosts","floor":24,"gold_loss":0},{"cards_removed":["Dualcast"],"damage_healed":0,"gold_gain":0,"player_choice":"Offered Basic","damage_taken":0,"max_hp_gain":0,"max_hp_loss":0,"event_name":"Bonfire Elementals","floor":25,"gold_loss":0},{"damage_healed":0,"gold_gain":0,"player_choice":"Read","damage_taken":0,"max_hp_gain":0,"max_hp_loss":0,"event_name":"The Library","floor":30,"gold_loss":0,"cards_obtained":["Hologram"]},{"damage_healed":19,"gold_gain":0,"player_choice":"Writhe","damage_taken":0,"max_hp_gain":0,"max_hp_loss":0,"event_name":"Winding Halls","floor":38,"gold_loss":0,"cards_obtained":["Writhe"]},{"damage_healed":0,"gold_gain":0,"player_choice":"Fight","damage_taken":0,"max_hp_gain":0,"max_hp_loss":0,"event_name":"Mysterious Sphere","floor":47,"gold_loss":0},{"damage_healed":0,"gold_gain":0,"player_choice":"Fight","damage_taken":0,"max_hp_gain":0,"max_hp_loss":0,"event_name":"MindBloom","floor":48,"gold_loss":0}],"is_beta":true,"boss_relics":[{"not_picked":["Coffee Dripper","Ectoplasm"],"picked":"Snecko Eye"},{"not_picked":["Tiny House","Runic Pyramid"],"picked":"Lizard Tail"}],"items_purged_floors":[14,53],"is_endless":false,"potions_floor_spawned":[5,7,12,18,29,33,35,41,46],"ascension_level":13}