{"gold_per_floor":[119,69,69,79,79,140,140,167,167,184,184,28,40,58,58,58],"floor_reached":16,"playtime":1188,"items_purged":[],"score":110,"play_id":"2e745184-f940-43f9-a43a-b107c5da0c78","local_time":"20180701232532","is_ascension_mode":false,"campfire_choices":[{"data":"Outmaneuver","floor":7,"key":"SMITH"},{"data":"Neutralize","floor":15,"key":"SMITH"}],"neow_cost":"TEN_PERCENT_HP_LOSS","seed_source_timestamp":74297849940081,"circlet_count":0,"master_deck":["Defend_G","Defend_G","Defend_G","Defend_G","Defend_G","Strike_G","Strike_G","Strike_G","Survivor","Neutralize+1","Quick Slash","Quick Slash","Prepared","Outmaneuver+1","Envenom+1","Prepared","Parasite","Outmaneuver","Outmaneuver"],"special_seed":17714,"relics":["Ring of the Snake","Du-Vu Doll","Frozen Egg 2","Tiny Chest","Dream Catcher","Happy Flower","Ancient Tea Set"],"potions_floor_usage":[6,8,13],"damage_taken":[{"damage":0,"enemies":"Jaw Worm","floor":1,"turns":6},{"damage":0,"enemies":"2 Louse","floor":4,"turns":4},{"damage":18,"enemies":"Lagavulin","floor":6,"turns":11},{"damage":19,"enemies":"3 Sentries","floor":8,"turns":8},{"damage":0,"enemies":"Cultist","floor":10,"turns":3},{"damage":12,"enemies":"Large Slime","floor":13,"turns":4},{"damage":1,"enemies":"Exordium Wildlife","floor":14,"turns":5},{"damage":29,"enemies":"Slime Boss","floor":16,"turns":7}],"seed_played":"-3989343996345683563","potions_obtained":[{"floor":4,"key":"EssenceOfSteel"},{"floor":6,"key":"Explosive Potion"},{"floor":10,"key":"AttackPotion"}],"is_trial":false,"path_per_floor":["M","?","?","M","?","E","R","E","T","M","?","$","M","M","R"],"character_chosen":"THE_SILENT","items_purchased":["Ancient Tea Set"],"campfire_rested":0,"item_purchase_floors":[12],"current_hp_per_floor":[63,63,60,60,60,42,42,23,23,23,38,38,26,25,25,0],"gold":58,"neow_bonus":"ONE_RARE_RELIC","is_prod":false,"is_daily":false,"chose_seed":false,"campfire_upgraded":2,"win_rate":0,"timestamp":1530512732,"path_taken":["M","?","?","M","?","E","R","E","T","M","?","$","M","M","R","BOSS"],"build_version":"2018-06-28","purchased_purges":0,"victory":false,"max_hp_per_floor":[63,63,63,63,63,63,63,63,63,63,63,63,63,63,63,63],"card_choices":[{"not_picked":["Sucker Punch","Dagger Throw"],"picked":"Quick Slash","floor":1},{"not_picked":["Masterful Stab","Sucker Punch"],"picked":"Quick Slash","floor":4},{"not_picked":["Bouncing Flask","Slice"],"picked":"Outmaneuver","floor":6},{"not_picked":["All Out Attack","Expertise"],"picked":"Envenom+1","floor":8},{"not_picked":["Distraction","Dagger Throw"],"picked":"Prepared","floor":10},{"not_picked":["Riddle With Holes","Quick Slash"],"picked":"Outmaneuver","floor":13},{"not_picked":["PiercingWail","Choke"],"picked":"Outmaneuver","floor":14}],"player_experience":98971,"relics_obtained":[{"floor":6,"key":"Tiny Chest"},{"floor":8,"key":"Dream Catcher"},{"floor":9,"key":"Happy Flower"}],"event_choices":[{"event_name":"The Cleric","player_choice":"Card Removal","floor":2,"damage_taken":0},{"event_name":"Scrap Ooze","player_choice":"success","floor":3,"damage_taken":3},{"event_name":"Living Wall","player_choice":"Change","floor":5,"damage_taken":0},{"event_name":"Mushrooms","player_choice":"Healed and dodged fight","floor":11,"damage_taken":0}],"boss_relics":[],"items_purged_floors":[],"is_endless":false,"potions_floor_spawned":[4,6,10],"killed_by":"Slime Boss","ascension_level":0}