{"gold_per_floor":[119,119,139,155,33,33,59,59,59,70,70,103,113,113,113,191,191,202,202,202,222,239,304,356,370,370,404,404,125,125,142,142,215,215,226,236,12,63,43,77,77,111,111,127,127,23,55,75,75,75,75],"floor_reached":52,"playtime":6487,"items_purged":["Strike_B","Strike_B"],"score":2251,"play_id":"5f134150-5944-49c7-8f59-d85e1e045c72","local_time":"20190302161753","is_ascension_mode":true,"campfire_choices":[{"floor":6,"key":"REST"},{"data":"Dualcast","floor":8,"key":"SMITH"},{"data":"All For One","floor":15,"key":"SMITH"},{"floor":30,"key":"REST"},{"floor":32,"key":"REST"},{"data":"1","floor":41,"key":"LIFT"},{"floor":45,"key":"REST"},{"data":"2","floor":49,"key":"LIFT"}],"neow_cost":"NONE","seed_source_timestamp":5420037963358,"circlet_count":0,"master_deck":["AscendersBane","Strike_B+1","Defend_B","Defend_B+1","Defend_B","Defend_B","Zap+1","Dualcast+1","Ball Lightning","Compile Driver","Glacier","Rip and Tear","BootSequence","Core Surge","Ball Lightning","All For One+1","Auto Shields","All For One","Defragment+1","Hologram+1","J.A.X.","Gash","Glacier+1","Gash","Gash","Steam","Gash","Steam Power","Gash","Cold Snap+1","Echo Form","Scrape","Turbo+1","Seek","BootSequence+1","Steam+1","Hologram+1","Hologram","Master of Strategy","Gash","Echo Form","Skim+1","Ball Lightning+1","Stack+1","Hologram","Gash","Glacier+1","Scrape"],"relics":["Cracked Core","Prayer Wheel","Incense Burner","Meat on the Bone","Regal Pillow","Fusion Hammer","Mercury Hourglass","Tiny Chest","Dead Branch","Smiling Mask","Enchiridion","Dream Catcher","Lizard Tail","Girya","Anchor","Sundial","Torii","The Courier"],"potions_floor_usage":[12,16,18,23,27,35,38,44,44,47],"damage_taken":[{"damage":0,"enemies":"2 Louse","floor":1,"turns":1},{"damage":0,"enemies":"Small Slimes","floor":3,"turns":2},{"damage":7,"enemies":"Jaw Worm","floor":4,"turns":2},{"damage":8,"enemies":"Gremlin Nob","floor":7,"turns":3},{"damage":2,"enemies":"3 Louse","floor":10,"turns":3},{"damage":0,"enemies":"3 Sentries","floor":12,"turns":6},{"damage":0,"enemies":"Exordium Thugs","floor":13,"turns":4},{"damage":7,"enemies":"Slime Boss","floor":16,"turns":7},{"damage":3,"enemies":"Chosen","floor":18,"turns":4},{"damage":9,"enemies":"Shell Parasite","floor":21,"turns":3},{"damage":31,"enemies":"Centurion and Healer","floor":22,"turns":4},{"damage":23,"enemies":"Slavers","floor":23,"turns":4},{"damage":10,"enemies":"Cultist and Chosen","floor":25,"turns":7},{"damage":5,"enemies":"Book of Stabbing","floor":27,"turns":6},{"damage":17,"enemies":"Shelled Parasite and Fungi","floor":31,"turns":3},{"damage":7,"enemies":"Collector","floor":33,"turns":4},{"damage":8,"enemies":"3 Darklings","floor":35,"turns":3},{"damage":0,"enemies":"Orb Walker","floor":36,"turns":3},{"damage":0,"enemies":"2 Orb Walkers","floor":38,"turns":5},{"damage":6,"enemies":"Nemesis","floor":40,"turns":5},{"damage":12,"enemies":"Giant Head","floor":42,"turns":3},{"damage":22,"enemies":"Spire Growth","floor":44,"turns":3},{"damage":19,"enemies":"Reptomancer","floor":47,"turns":4},{"damage":0,"enemies":"Jaw Worm Horde","floor":48,"turns":2},{"damage":23,"enemies":"Donu and Deca","floor":50,"turns":6},{"damage":44,"enemies":"Awakened One","floor":51,"turns":9}],"seed_played":"5543161185742136492","potions_obtained":[{"floor":3,"key":"SpeedPotion"},{"floor":7,"key":"FearPotion"},{"floor":12,"key":"GamblersBrew"},{"floor":18,"key":"Strength Potion"},{"floor":23,"key":"Block Potion"},{"floor":25,"key":"SpeedPotion"},{"floor":33,"key":"SteroidPotion"},{"floor":36,"key":"SpeedPotion"},{"floor":39,"key":"SmokeBomb"},{"floor":40,"key":"Ancient Potion"},{"floor":42,"key":"SkillPotion"},{"floor":44,"key":"GamblersBrew"}],"is_trial":false,"path_per_floor":["M","?","M","M","$","R","E","R","T","M","?","E","M","T","R","B",null,"M","?","T","M","M","E","T","M","T","E","?","$","R","M","R","B",null,"M","M","$","?","?","E","R","E","T","M","R","$","E","M","R","B","B",null],"character_chosen":"DEFECT","items_purchased":["Glacier","Rip and Tear","Dream Catcher","Gash","Hologram","Master of Strategy","Hologram"],"campfire_rested":4,"item_purchase_floors":[5,5,29,29,37,37,46],"current_hp_per_floor":[64,43,43,36,36,57,49,49,49,47,47,47,47,47,47,40,63,60,60,60,51,32,21,21,23,23,30,9,9,45,40,71,64,69,61,61,61,61,61,55,55,43,43,33,69,69,50,50,50,39,47],"gold":75,"neow_bonus":"UPGRADE_CARD","is_prod":false,"is_daily":false,"chose_seed":false,"campfire_upgraded":2,"win_rate":0,"timestamp":1551539873,"path_taken":["M","?","M","M","$","R","E","R","T","M","?","E","M","?","R","BOSS","M","?","?","M","M","E","?","M","T","E","?","$","R","M","R","BOSS","M","M","$","?","?","E","R","E","T","M","R","$","E","?","R","BOSS","BOSS"],"build_version":"2019-02-06","purchased_purges":2,"victory":true,"max_hp_per_floor":[71,71,71,71,71,71,71,71,71,71,71,71,71,71,71,71,71,71,71,71,71,71,71,71,71,71,71,71,71,71,71,71,71,71,71,71,71,71,71,71,71,71,71,71,71,71,71,71,71,71,71],"card_choices":[{"not_picked":["Gash","Heatsinks"],"picked":"Ball Lightning","floor":1},{"not_picked":["Skim","Steam","Leap"],"picked":"SKIP","floor":3},{"not_picked":["Reprogram","Auto Shields"],"picked":"Compile Driver","floor":4},{"not_picked":["Auto Shields","Steam"],"picked":"BootSequence","floor":7},{"not_picked":["Cold Snap","Redo"],"picked":"Core Surge","floor":10},{"not_picked":["Rip and Tear","Skim"],"picked":"Ball Lightning","floor":10},{"not_picked":["Stack","Chaos","Gash"],"picked":"SKIP","floor":12},{"not_picked":["Stack","Chaos","Gash"],"picked":"SKIP","floor":12},{"not_picked":["Sweeping Beam","Loop"],"picked":"All For One","floor":13},{"not_picked":["Turbo","Heatsinks"],"picked":"Auto Shields","floor":13},{"not_picked":["Fission","Thunder Strike"],"picked":"All For One","floor":16},{"not_picked":["Fusion+1","Leap+1"],"picked":"Defragment+1","floor":18},{"not_picked":["Melter","BootSequence"],"picked":"Hologram+1","floor":18},{"not_picked":["Barrage","Coolheaded"],"picked":"Gash","floor":21},{"not_picked":["Melter","Streamline"],"picked":"Glacier+1","floor":21},{"not_picked":["Steam","Static Discharge"],"picked":"Gash","floor":22},{"not_picked":["Cold Snap","Sweeping Beam"],"picked":"Gash","floor":22},{"not_picked":["Stack","Turbo","Rebound"],"picked":"SKIP","floor":23},{"not_picked":["White Noise","Aggregate"],"picked":"Steam","floor":25},{"not_picked":["Sunder","Fission"],"picked":"Gash","floor":25},{"not_picked":["Compile Driver","Coolheaded"],"picked":"Steam Power","floor":27},{"not_picked":["Beam Cell","Lockon"],"picked":"Cold Snap+1","floor":30},{"not_picked":["Coolheaded","White Noise"],"picked":"Echo Form","floor":31},{"not_picked":["Sweeping Beam","Gash"],"picked":"Scrape","floor":31},{"not_picked":["Genetic Algorithm","Reprogram"],"picked":"Turbo+1","floor":32},{"not_picked":["Core Surge","Rainbow"],"picked":"Seek","floor":33},{"not_picked":["Beam Cell","Capacitor"],"picked":"BootSequence+1","floor":35},{"not_picked":["Leap","Rebound"],"picked":"Steam+1","floor":35},{"not_picked":["Rebound","Reprogram"],"picked":"Hologram+1","floor":36},{"not_picked":["Compile Driver","Chaos","Leap+1"],"picked":"SKIP","floor":36},{"not_picked":["Streamline","Recycle"],"picked":"Gash","floor":38},{"not_picked":["Coolheaded","Gash"],"picked":"Echo Form","floor":40},{"not_picked":["Compile Driver","Rip and Tear","BootSequence"],"picked":"SKIP","floor":42},{"not_picked":["Sweeping Beam","Cold Snap"],"picked":"Skim+1","floor":44},{"not_picked":["Leap","Undo"],"picked":"Ball Lightning+1","floor":44},{"not_picked":["Reinforced Body+1","Undo+1"],"picked":"Stack+1","floor":45},{"not_picked":["Leap","Auto Shields"],"picked":"Gash","floor":47},{"not_picked":["Rebound","Stack"],"picked":"Glacier+1","floor":48},{"not_picked":["Barrage","Sunder+1"],"picked":"Scrape","floor":48}],"player_experience":1269157,"relics_obtained":[{"floor":7,"key":"Prayer Wheel"},{"floor":9,"key":"Incense Burner"},{"floor":12,"key":"Meat on the Bone"},{"floor":14,"key":"Regal Pillow"},{"floor":20,"key":"Mercury Hourglass"},{"floor":23,"key":"Tiny Chest"},{"floor":26,"key":"Dead Branch"},{"floor":27,"key":"Smiling Mask"},{"floor":28,"key":"Enchiridion"},{"floor":38,"key":"Girya"},{"floor":40,"key":"Anchor"},{"floor":42,"key":"Sundial"},{"floor":43,"key":"Torii"},{"floor":47,"key":"The Courier"}],"event_choices":[{"damage_healed":0,"gold_gain":0,"player_choice":"Entered Light","damage_taken":21,"max_hp_gain":0,"max_hp_loss":0,"event_name":"Shining Light","floor":2,"gold_loss":0,"cards_upgraded":["Strike_B","Defend_B"]},{"cards_removed":["Strike_B"],"damage_healed":0,"gold_gain":0,"player_choice":"Forget","damage_taken":0,"max_hp_gain":0,"max_hp_loss":0,"event_name":"Living Wall","floor":11,"gold_loss":0},{"damage_healed":0,"gold_gain":0,"player_choice":"Obtain J.A.X.","damage_taken":0,"max_hp_gain":0,"max_hp_loss":0,"event_name":"Drug Dealer","floor":19,"gold_loss":0,"cards_obtained":["J.A.X."]},{"damage_healed":0,"gold_gain":0,"player_choice":"Obtained Book","damage_taken":21,"max_hp_gain":0,"max_hp_loss":0,"event_name":"Cursed Tome","floor":28,"gold_loss":0},{"damage_healed":0,"gold_gain":0,"player_choice":"Fight","damage_taken":0,"max_hp_gain":0,"max_hp_loss":0,"event_name":"Mysterious Sphere","floor":38,"gold_loss":0},{"damage_healed":0,"gold_gain":0,"player_choice":"Bought 1 Potion","damage_taken":0,"max_hp_gain":0,"max_hp_loss":0,"event_name":"The Woman in Blue","floor":39,"gold_loss":0}],"is_beta":true,"boss_relics":[{"not_picked":["Eternal Feather","Coffee Dripper"],"picked":"Fusion Hammer"},{"not_picked":["Runic Pyramid","Busted Crown"],"picked":"Lizard Tail"}],"items_purged_floors":[29,46],"is_endless":false,"potions_floor_spawned":[3,7,12,18,23,25,33,36,40,42,44],"ascension_level":20}