{"gold_per_floor":[112,0,20,20,20,20,37,37,61,61,71,0,17,17,17,115,115,133,34,52,52,52,52,68,94,119,119,137,148,158,177,177,177],"floor_reached":33,"playtime":1163,"items_purged":["Strike_B"],"score":489,"play_id":"ec1f7148-e00c-45b7-b2bc-077e51f9d0e5","local_time":"20180921183706","is_ascension_mode":true,"campfire_choices":[{"data":"Defragment","floor":6,"key":"SMITH"},{"data":"Capacitor","floor":8,"key":"SMITH"},{"data":"Zap","floor":10,"key":"SMITH"},{"floor":15,"key":"REST"},{"floor":23,"key":"REST"},{"floor":32,"key":"REST"}],"neow_cost":"NONE","seed_source_timestamp":605691794507077,"circlet_count":0,"master_deck":["Strike_B","Strike_B","Strike_B","Defend_B+1","Defend_B","Defend_B","Defend_B","Zap+1","Dualcast+1","AscendersBane","Defragment+1","Defragment+1","Defragment+1","Capacitor+1","Heatsinks","Coolheaded+1","Storm","Electrodynamics","Thunder Strike","Leap","Stack","Defragment","Steam","Undo","Glacier","Loop","Chaos+1","Reboot"],"relics":["Cracked Core","Strawberry","White Beast Statue","War Paint","Smiling Mask"],"potions_floor_usage":[7,24,25,28,29,31,31,33],"damage_taken":[{"damage":4,"enemies":"Jaw Worm","floor":1,"turns":5},{"damage":0,"enemies":"Small Slimes","floor":3,"turns":3},{"damage":0,"enemies":"2 Louse","floor":7,"turns":1},{"damage":16,"enemies":"Looter","floor":11,"turns":4},{"damage":15,"enemies":"Exordium Thugs","floor":13,"turns":4},{"damage":0,"enemies":"Slime Boss","floor":16,"turns":4},{"damage":38,"enemies":"2 Thieves","floor":18,"turns":4},{"damage":11,"enemies":"Shell Parasite","floor":20,"turns":4},{"damage":8,"enemies":"3 Cultists","floor":24,"turns":3},{"damage":36,"enemies":"Book of Stabbing","floor":25,"turns":5},{"damage":1,"enemies":"Cultist and Chosen","floor":28,"turns":5},{"damage":0,"enemies":"Snecko","floor":29,"turns":5},{"damage":6,"enemies":"Centurion and Healer","floor":30,"turns":5},{"damage":17,"enemies":"Shelled Parasite and Fungi","floor":31,"turns":5},{"damage":38,"enemies":"Automaton","floor":33,"turns":6}],"seed_played":"6083303365236157535","potions_obtained":[{"floor":1,"key":"Ancient Potion"},{"floor":3,"key":"Explosive Potion"},{"floor":13,"key":"Ancient Potion"},{"floor":18,"key":"SneckoOil"},{"floor":20,"key":"AttackPotion"},{"floor":24,"key":"Fire Potion"},{"floor":25,"key":"SkillPotion"},{"floor":28,"key":"Fire Potion"},{"floor":29,"key":"FearPotion"},{"floor":30,"key":"Ancient Potion"},{"floor":31,"key":"Energy Potion"}],"is_trial":false,"path_per_floor":["M","$","M","?","?","R","M","R","T","R","M","$","M","$","R","B",null,"M","$","M","?","?","R","M","E","T","?","M","M","M","M","R"],"character_chosen":"DEFECT","items_purchased":["Defragment","Storm","Stack","Defragment"],"campfire_rested":3,"item_purchase_floors":[2,12,19,19],"current_hp_per_floor":[64,64,64,49,49,49,49,49,56,56,40,40,25,25,49,49,74,36,36,25,25,25,49,41,5,5,32,31,31,25,8,32,0],"gold":177,"neow_bonus":"THREE_CARDS","is_prod":false,"is_daily":false,"chose_seed":false,"campfire_upgraded":3,"win_rate":0,"timestamp":1537569426,"path_taken":["M","$","M","?","?","R","M","R","T","R","M","?","M","$","R","BOSS","M","$","M","?","?","R","M","E","T","?","M","M","M","M","R","BOSS"],"build_version":"2018-09-20","purchased_purges":1,"victory":false,"max_hp_per_floor":[75,75,75,75,75,75,75,75,82,82,82,82,82,82,82,82,82,82,82,82,82,82,82,82,82,82,82,82,82,82,82,82,82],"card_choices":[{"not_picked":["Darkness","Compile Driver"],"picked":"Defragment","floor":0},{"not_picked":["Capacitor","Recycle"],"picked":"Defragment","floor":1},{"not_picked":["Force Field","Beam Cell"],"picked":"Capacitor","floor":3},{"not_picked":["Sweeping Beam","Stack"],"picked":"Heatsinks","floor":7},{"not_picked":["Hologram","Go for the Eyes"],"picked":"Coolheaded","floor":11},{"not_picked":["Rip and Tear","Hologram"],"picked":"Electrodynamics","floor":13},{"not_picked":["All For One","Echo Form"],"picked":"Thunder Strike","floor":16},{"not_picked":["Go for the Eyes","Redo"],"picked":"Leap","floor":18},{"not_picked":["Reprogram","Turbo"],"picked":"Steam","floor":20},{"not_picked":["Go for the Eyes","Fission"],"picked":"Undo","floor":24},{"not_picked":["Heatsinks","Steam"],"picked":"Glacier","floor":25},{"not_picked":["Defragment","Stack"],"picked":"Loop","floor":28},{"not_picked":["Double Energy","Coolheaded"],"picked":"Chaos+1","floor":29},{"not_picked":["Streamline+1","Sweeping Beam"],"picked":"Reboot","floor":30},{"not_picked":["Fusion","Sunder","Aggregate"],"picked":"SKIP","floor":31}],"player_experience":228462,"relics_obtained":[{"floor":9,"key":"Strawberry"},{"floor":25,"key":"War Paint"},{"floor":26,"key":"Smiling Mask"}],"event_choices":[{"event_name":"Shining Light","player_choice":"Entered Light","floor":4,"damage_taken":0},{"event_name":"Living Wall","player_choice":"Grow","floor":5,"damage_taken":0},{"event_name":"Beggar","player_choice":"Ignored","floor":21,"damage_taken":0},{"event_name":"Ghosts","player_choice":"Ignored","floor":22,"damage_taken":0},{"event_name":"The Library","player_choice":"Heal","floor":27,"damage_taken":0}],"is_beta":false,"boss_relics":[{"not_picked":["Ectoplasm","Snecko Eye"],"picked":"White Beast Statue"}],"items_purged_floors":[2],"is_endless":false,"potions_floor_spawned":[1,3,13,18,20,24,25,28,29,30,31],"killed_by":"Automaton","ascension_level":10}