{"gold_per_floor":[110,110,110,110,129,129,160,171,195,206,225,225,67,84,84,161,161,180,198,98,117,136,136,164,164,164,164,164],"floor_reached":28,"playtime":851,"items_purged":["Strike_G","Concentrate"],"score":530,"play_id":"c9b7dc3f-af49-4855-a454-a15f8e7f529d","local_time":"20181103001955","is_ascension_mode":true,"campfire_choices":[{"data":"Doppelganger","floor":6.0,"key":"SMITH"},{"data":"Bouncing Flask","floor":12.0,"key":"SMITH"},{"data":"Neutralize","floor":15.0,"key":"SMITH"},{"floor":23.0,"key":"REST"},{"floor":25.0,"key":"REST"}],"neow_cost":"NONE","seed_source_timestamp":100398311755622,"circlet_count":0,"master_deck":["AscendersBane","Defend_G","Defend_G","Defend_G","Defend_G","Strike_G","Strike_G","Strike_G","Survivor","Neutralize+1","Backstab","Doppelganger+1","Infinite Blades","Bouncing Flask+1","Catalyst","Blur","After Image","Cloak And Dagger","Adrenaline","Necronomicurse"],"special_seed":0,"relics":["Ring of the Snake","NeowsBlessing","PreservedInsect","Paper Crane","Snake Skull","Snecko Eye","Question Card","Darkstone Periapt","Necronomicon"],"potions_floor_usage":[28],"damage_taken":[{"damage":0.0,"enemies":"Cultist","floor":1.0,"turns":1.0},{"damage":0.0,"enemies":"Small Slimes","floor":5.0,"turns":1.0},{"damage":0.0,"enemies":"3 Sentries","floor":7.0,"turns":1.0},{"damage":0.0,"enemies":"2 Louse","floor":8.0,"turns":3.0},{"damage":3.0,"enemies":"Red Slaver","floor":10.0,"turns":3.0},{"damage":0.0,"enemies":"Large Slime","floor":11.0,"turns":4.0},{"damage":9.0,"enemies":"Exordium Wildlife","floor":14.0,"turns":5.0},{"damage":5.0,"enemies":"Hexaghost","floor":16.0,"turns":6.0},{"damage":0.0,"enemies":"Spheric Guardian","floor":18.0,"turns":2.0},{"damage":12.0,"enemies":"2 Thieves","floor":19.0,"turns":4.0},{"damage":32.0,"enemies":"Cultist and Chosen","floor":21.0,"turns":5.0},{"damage":10.0,"enemies":"Snake Plant","floor":22.0,"turns":3.0},{"damage":13.0,"enemies":"Book of Stabbing","floor":24.0,"turns":4.0},{"damage":36,"enemies":"Slavers","floor":28,"turns":3}],"seed_played":"7059065280531946917","potions_obtained":[{"floor":5.0,"key":"FearPotion"},{"floor":7.0,"key":"Block Potion"},{"floor":11.0,"key":"SpeedPotion"},{"floor":16.0,"key":"Energy Potion"},{"floor":18.0,"key":"Regen Potion"},{"floor":22.0,"key":"Swift Potion"},{"floor":24.0,"key":"Dexterity Potion"}],"is_trial":false,"path_per_floor":["M","?","?","?","M","R","E","M","T","M","M","R","$","M","R","B",null,"M","M","$","M","M","R","E","R","T","?","E"],"character_chosen":"THE_SILENT","items_purchased":["Blur"],"campfire_rested":2,"item_purchase_floors":[13],"current_hp_per_floor":[59,54,54,54,54,54,54,54,54,51,51,51,51,42,42,37,59,59,47,47,30,20,39,26,45,45,30,0],"gold":164,"neow_bonus":"THREE_ENEMY_KILL","is_prod":false,"is_daily":false,"chose_seed":false,"campfire_upgraded":3,"win_rate":0,"timestamp":1541229595,"path_taken":["M","?","?","?","M","R","E","?","T","M","M","R","?","M","R","BOSS","M","M","$","M","M","R","E","R","T","?","E"],"build_version":"2018-11-01","purchased_purges":2,"victory":false,"max_hp_per_floor":[66,66,66,66,66,66,66,66,66,66,66,66,66,66,66,66,66,66,66,66,66,66,66,66,66,66,72,72],"card_choices":[{"not_picked":["Outmaneuver","Terror"],"picked":"Backstab","floor":1.0},{"not_picked":["All Out Attack","Reflex","Blade Dance"],"picked":"SKIP","floor":5.0},{"not_picked":["Flying Knee","Dodge and Roll"],"picked":"Infinite Blades","floor":7.0},{"not_picked":["Quick Slash","Blade Dance"],"picked":"Bouncing Flask","floor":8.0},{"not_picked":["Endless Agony","Choke","Deadly Poison"],"picked":"SKIP","floor":10.0},{"not_picked":["Dagger Throw","Underhanded Strike"],"picked":"Catalyst","floor":11.0},{"not_picked":["Deadly Poison","Grand Finale","Outmaneuver"],"picked":"SKIP","floor":14.0},{"not_picked":["Unload","Night Terror"],"picked":"After Image","floor":16.0},{"not_picked":["Slice","Sucker Punch","Cloak And Dagger"],"picked":"SKIP","floor":18.0},{"not_picked":["Poisoned Stab","Flying Knee+1","Prepared"],"picked":"SKIP","floor":19.0},{"not_picked":["Dodge and Roll+1","Tactician","Riddle With Holes"],"picked":"SKIP","floor":21.0},{"not_picked":["Outmaneuver","Phantasmal Killer"],"picked":"Cloak And Dagger","floor":22.0},{"not_picked":["Backstab","Glass Knife"],"picked":"Adrenaline","floor":24.0}],"player_experience":592011,"relics_obtained":[{"floor":7.0,"key":"Paper Crane"},{"floor":9.0,"key":"Snake Skull"},{"floor":24.0,"key":"Question Card"},{"floor":26.0,"key":"Darkstone Periapt"},{"floor":27.0,"key":"Necronomicon"}],"event_choices":[{"damage_healed":0.0,"max_hp_gain":0.0,"max_hp_loss":0.0,"gold_gain":0.0,"event_name":"Scrap Ooze","player_choice":"Success","floor":2.0,"gold_loss":0.0,"damage_taken":5.0,"relics_obtained":["PreservedInsect"]},{"damage_healed":0.0,"max_hp_gain":0.0,"max_hp_loss":0.0,"gold_gain":0.0,"cards_transformed":["Strike_G"],"event_name":"Living Wall","player_choice":"Change","floor":3.0,"gold_loss":0.0,"damage_taken":0.0,"cards_obtained":["Concentrate"]},{"damage_healed":0.0,"max_hp_gain":0.0,"max_hp_loss":0.0,"gold_gain":0.0,"cards_transformed":["Defend_G"],"event_name":"Transmorgrifier","player_choice":"Transformed","floor":4.0,"gold_loss":0.0,"damage_taken":0.0,"cards_obtained":["Doppelganger"]},{"damage_healed":0.0,"max_hp_gain":0.0,"max_hp_loss":0.0,"gold_gain":0.0,"event_name":"Cursed Tome","player_choice":"Obtained Book","floor":27.0,"gold_loss":0.0,"damage_taken":21.0}],"is_beta":false,"boss_relics":[{"not_picked":["Ring of the Serpent","White Beast Statue"],"picked":"Snecko Eye"}],"items_purged_floors":[13,20],"is_endless":false,"potions_floor_spawned":[5,7,11,16,18,22,24],"killed_by":"Slavers","ascension_level":20}