{"gold_per_floor":[16,91,91,109,127,127,1,1,1,1,27,27,58,70,70,175,175,187,207,46,57,7,7,19,19],"floor_reached":25,"playtime":937,"items_purged":["Strike_B","Strike_B"],"score":377,"play_id":"3914255a-fcba-4edf-b915-d15a35e07bc1","local_time":"20181029191217","is_ascension_mode":true,"campfire_choices":[{"data":"Buffer","floor":6,"key":"SMITH"},{"data":"Zap","floor":10,"key":"SMITH"},{"data":"Self Repair","floor":12,"key":"SMITH"},{"data":"Sweeping Beam","floor":15,"key":"SMITH"},{"data":"Trip","floor":23,"key":"SMITH"}],"neow_cost":"NO_GOLD","seed_source_timestamp":9617741599138650,"circlet_count":0,"master_deck":["Strike_B","Defend_B","Defend_B","Defend_B","Defend_B","Zap+1","Dualcast","AscendersBane","Buffer+1","Beam Cell","Sweeping Beam+1","Ball Lightning","Self Repair+1","Conserve Battery","Gash","Gash","Gash","Machine Learning","Conserve Battery","Hologram+1","Sweeping Beam","Trip+1","Conserve Battery"],"relics":["Cracked Core","Bag of Preparation","Question Card","Smiling Mask","Inserter"],"potions_floor_usage":[11,13,18,24,25,25],"damage_taken":[{"damage":10,"enemies":"Small Slimes","floor":1,"turns":4},{"damage":3,"enemies":"Jaw Worm","floor":4,"turns":4},{"damage":2,"enemies":"2 Louse","floor":5,"turns":2},{"damage":0,"enemies":"Lagavulin Event","floor":11,"turns":5},{"damage":10,"enemies":"3 Sentries","floor":13,"turns":5},{"damage":0,"enemies":"Blue Slaver","floor":14,"turns":3},{"damage":0,"enemies":"Slime Boss","floor":16,"turns":7},{"damage":9,"enemies":"Shell Parasite","floor":18,"turns":5},{"damage":23,"enemies":"2 Thieves","floor":19,"turns":5},{"damage":23,"enemies":"Sentry and Sphere","floor":21,"turns":6},{"damage":34,"enemies":"Snake Plant","floor":24,"turns":5},{"damage":20,"enemies":"Slavers","floor":25,"turns":3}],"seed_played":"7187829974291920713","potions_obtained":[{"floor":1,"key":"Fire Potion"},{"floor":4,"key":"SpeedPotion"},{"floor":5,"key":"Block Potion"},{"floor":16,"key":"Block Potion"},{"floor":21,"key":"EssenceOfSteel"},{"floor":24,"key":"Ancient Potion"}],"is_trial":false,"path_per_floor":["M","?","?","M","M","R","$","$","T","R","?","R","E","M","R","B",null,"M","M","$","M","$","R","M"],"character_chosen":"DEFECT","items_purchased":["Self Repair","Conserve Battery","Sweeping Beam","Trip"],"campfire_rested":0,"item_purchase_floors":[7,7,20,20],"current_hp_per_floor":[58,47,40,37,35,35,35,35,35,35,42,42,42,42,42,52,69,70,57,57,44,44,44,20,0],"gold":19,"neow_bonus":"THREE_RARE_CARDS","is_prod":false,"is_daily":false,"chose_seed":false,"campfire_upgraded":5,"win_rate":0,"timestamp":1540865537,"path_taken":["M","?","?","M","M","R","?","$","T","R","?","R","E","M","R","BOSS","M","M","$","M","$","R","M","E"],"build_version":"2018-10-25v2","purchased_purges":2,"victory":false,"max_hp_per_floor":[75,75,75,75,75,75,75,75,75,75,75,75,75,75,75,75,75,75,75,75,75,75,75,75,75],"card_choices":[{"not_picked":["Reboot","Hyperbeam"],"picked":"Buffer","floor":0},{"not_picked":["Doom and Gloom","Barrage"],"picked":"Beam Cell","floor":1},{"not_picked":["Chaos","Barrage"],"picked":"Sweeping Beam","floor":4},{"not_picked":["Skim","Capacitor"],"picked":"Ball Lightning","floor":5},{"not_picked":["Streamline","Reboot"],"picked":"Gash","floor":11},{"not_picked":["Genetic Algorithm","Rip and Tear","Sweeping Beam"],"picked":"Gash","floor":13},{"not_picked":["Go for the Eyes","Ball Lightning","Compile Driver"],"picked":"Gash","floor":14},{"not_picked":["Hyperbeam","Biased Cognition","Thunder Strike"],"picked":"Machine Learning","floor":16},{"not_picked":["Coolheaded","Static Discharge","Doom and Gloom"],"picked":"Conserve Battery","floor":18},{"not_picked":["Redo","Cold Snap","Coolheaded"],"picked":"Hologram+1","floor":19},{"not_picked":["Stack+1","Steam+1","Go for the Eyes"],"picked":"Conserve Battery","floor":21},{"not_picked":["Reprogram","Steam Power","Darkness","Hyperbeam"],"picked":"SKIP","floor":24}],"player_experience":327644,"relics_obtained":[{"floor":9,"key":"Bag of Preparation"},{"floor":11,"key":"Question Card"},{"floor":13,"key":"Smiling Mask"}],"event_choices":[{"damage_healed":0,"gold_gain":75,"player_choice":"Gather Gold","damage_taken":11,"max_hp_gain":0,"max_hp_loss":0,"event_name":"World of Goop","floor":2,"gold_loss":0},{"cards_removed":["Strike_B"],"damage_healed":0,"gold_gain":0,"player_choice":"Card Removal","damage_taken":7,"max_hp_gain":0,"max_hp_loss":0,"event_name":"Golden Wing","floor":3,"gold_loss":0},{"damage_healed":0,"gold_gain":30,"player_choice":"Searched \u00272\u0027 times","damage_taken":0,"max_hp_gain":0,"max_hp_loss":0,"event_name":"Dead Adventurer","floor":11,"gold_loss":0}],"is_beta":false,"boss_relics":[{"not_picked":["Busted Crown","Astrolabe"],"picked":"Inserter"}],"items_purged_floors":[20,22],"is_endless":false,"potions_floor_spawned":[1,4,5,16,21,24],"killed_by":"Slavers","ascension_level":10}