{"gold_per_floor":[10,10,35,35,49,49,87,12,37,37,37,52,52,77,77,198,198,219,318,166,181,215,215,215,227,296,315,326,226,243,257,257,359,359,372,594,605,155,155,155,155,174,174,174,194,207,222,222,222,222],"floor_reached":50,"playtime":2135,"items_purged":["Injury","Normality"],"score":521,"play_id":"df065377-f70c-4a6f-9012-c84d3c73b8f4","local_time":"20180910193151","is_ascension_mode":false,"campfire_choices":[{"data":"Perfected Strike","floor":6.0,"key":"SMITH"},{"data":"Clash","floor":11.0,"key":"SMITH"},{"data":"Wild Strike","floor":13.0,"key":"SMITH"},{"data":"Strike_R","floor":15.0,"key":"SMITH"},{"data":"Perfected Strike","floor":23.0,"key":"SMITH"},{"data":"Wild Strike","floor":32.0,"key":"SMITH"},{"data":"Apotheosis","floor":40,"key":"SMITH"},{"data":"Perfected Strike","floor":44,"key":"SMITH"},{"data":"Bludgeon","floor":49,"key":"SMITH"}],"neow_cost":"NO_GOLD","seed_source_timestamp":0,"circlet_count":0,"master_deck":["Strike_R","Strike_R","Strike_R","Strike_R","Strike_R+1","Defend_R","Defend_R","Defend_R","Defend_R","Bash","Perfected Strike+1","Clash+1","Wild Strike+1","Bludgeon+1","Perfected Strike+1","Twin Strike+1","Sword Boomerang+1","Wild Strike+1","Pommel Strike+1","Apotheosis+1","Perfected Strike+1","Decay","Perfected Strike+1","Decay"],"special_seed":0,"relics":["Burning Blood","Bloody Idol","Red Skull","Orichalcum","Bird Faced Urn","Cursed Key","Anchor","Red Mask","Pear","Sozu","Bottled Flame","Dodecahedron","Pocketwatch"],"potions_floor_usage":[42,42,50],"damage_taken":[{"damage":5.0,"enemies":"Jaw Worm","floor":1.0,"turns":4.0},{"damage":6.0,"enemies":"2 Louse","floor":3.0,"turns":2.0},{"damage":5.0,"enemies":"Cultist","floor":5.0,"turns":4.0},{"damage":23.0,"enemies":"Gremlin Nob","floor":7.0,"turns":4.0},{"damage":2.0,"enemies":"Blue Slaver","floor":12.0,"turns":2.0},{"damage":0.0,"enemies":"Large Slime","floor":14.0,"turns":2.0},{"damage":71.0,"enemies":"Hexaghost","floor":16.0,"turns":10.0},{"damage":10.0,"enemies":"2 Thieves","floor":18.0,"turns":3.0},{"damage":0.0,"enemies":"Chosen","floor":21.0,"turns":2.0},{"damage":13.0,"enemies":"Masked Bandits","floor":22.0,"turns":4.0},{"damage":3.0,"enemies":"Snecko","floor":25.0,"turns":3.0},{"damage":0.0,"enemies":"Snake Plant","floor":27.0,"turns":2.0},{"damage":11.0,"enemies":"Shelled Parasite and Fungi","floor":28.0,"turns":3.0},{"damage":1.0,"enemies":"3 Cultists","floor":30.0,"turns":3.0},{"damage":0.0,"enemies":"Snake Plant","floor":31.0,"turns":2.0},{"damage":56.0,"enemies":"Collector","floor":33.0,"turns":8.0},{"damage":0,"enemies":"Orb Walker","floor":35,"turns":2},{"damage":15,"enemies":"3 Darklings","floor":37,"turns":4},{"damage":34,"enemies":"Maw","floor":42,"turns":6},{"damage":2,"enemies":"Reptomancer","floor":45,"turns":2},{"damage":11,"enemies":"Transient","floor":46,"turns":5},{"damage":3,"enemies":"3 Darklings","floor":47,"turns":3},{"damage":116,"enemies":"Time Eater","floor":50,"turns":8}],"seed_played":"6403147199609973512","potions_obtained":[{"floor":12.0,"key":"FairyPotion"},{"floor":14.0,"key":"Energy Potion"},{"floor":27.0,"key":"BloodPotion"},{"floor":28.0,"key":"Dexterity Potion"},{"floor":30.0,"key":"Energy Potion"},{"floor":33.0,"key":"BloodPotion"}],"is_trial":false,"path_per_floor":["M","?","M","?","M","R","E","$","T","T","R","M","R","M","R","B",null,"M","?","$","M","?","R","?","M","T","M","M","$","M","M","R","B",null,"M","?","M","$","?","R","?","M","T","R","M","M","M","T","R"],"character_chosen":"IRONCLAD","items_purchased":["Anchor","Apotheosis","Bottled Flame"],"campfire_rested":0,"item_purchase_floors":[20,38,38],"current_hp_per_floor":[96,96,96,96,96,96,79,79,79,79,79,83,83,89,89,24,96,92,92,92,96,89,89,89,96,106,106,106,106,106,106,106,61,106,106,106,102,102,102,102,102,99,99,99,106,106,106,106,106,0],"gold":222,"neow_bonus":"TWENTY_PERCENT_HP_BONUS","is_prod":false,"is_daily":false,"chose_seed":false,"campfire_upgraded":9,"win_rate":0,"timestamp":1536622311,"path_taken":["M","?","M","?","M","R","E","$","T","?","R","M","R","M","R","BOSS","M","?","$","M","?","R","?","M","T","M","M","$","M","M","R","BOSS","M","?","?","$","?","R","?","M","T","R","M","M","?","?","R","BOSS"],"build_version":"2018-09-06","purchased_purges":2,"victory":false,"max_hp_per_floor":[96,96,96,96,96,96,96,96,96,96,96,96,96,96,96,96,96,96,96,96,96,96,96,96,96,106,106,106,106,106,106,106,106,106,106,106,106,106,106,106,106,106,106,106,106,106,106,106,106,106],"card_choices":[{"not_picked":["Sword Boomerang","Havoc"],"picked":"Perfected Strike","floor":1.0},{"not_picked":["Disarm","Headbutt"],"picked":"Clash","floor":3.0},{"not_picked":["Sentinel","Dark Embrace"],"picked":"Wild Strike","floor":5.0},{"not_picked":["Bloodletting","Thunderclap","Flex"],"picked":"SKIP","floor":7.0},{"not_picked":["Havoc","Bloodletting","Reckless Charge"],"picked":"SKIP","floor":12.0},{"not_picked":["Flex","True Grit","Sentinel"],"picked":"SKIP","floor":14.0},{"not_picked":["Impervious","Exhume"],"picked":"Bludgeon","floor":16.0},{"not_picked":["Headbutt","Flame Barrier","Shrug It Off"],"picked":"SKIP","floor":18.0},{"not_picked":["Wild Strike","Thunderclap+1"],"picked":"Perfected Strike","floor":21.0},{"not_picked":["Iron Wave+1","Demon Form"],"picked":"Twin Strike+1","floor":22.0},{"not_picked":["Shrug It Off+1","Cleave","Feed"],"picked":"SKIP","floor":25.0},{"not_picked":["Headbutt+1","Flame Barrier"],"picked":"Sword Boomerang+1","floor":27.0},{"not_picked":["True Grit","Thunderclap"],"picked":"Wild Strike","floor":28.0},{"not_picked":["Sever Soul","Battle Trance","Sword Boomerang"],"picked":"SKIP","floor":30.0},{"not_picked":["Uppercut","Reckless Charge","Body Slam"],"picked":"SKIP","floor":31.0},{"not_picked":["Clothesline","Second Wind"],"picked":"Pommel Strike+1","floor":35},{"not_picked":["Hemokinesis","Clothesline","Fire Breathing+1"],"picked":"SKIP","floor":37},{"not_picked":["Cleave","Evolve"],"picked":"Perfected Strike","floor":42},{"not_picked":["True Grit+1","Rampage+1","Rupture"],"picked":"SKIP","floor":45},{"not_picked":["Wild Strike","Feed"],"picked":"Perfected Strike+1","floor":46},{"not_picked":["Heavy Blade+1","Armaments","Shrug It Off"],"picked":"SKIP","floor":47}],"player_experience":74294,"relics_obtained":[{"floor":7.0,"key":"Red Skull"},{"floor":9.0,"key":"Orichalcum"},{"floor":10.0,"key":"Bird Faced Urn"},{"floor":22.0,"key":"Red Mask"},{"floor":26.0,"key":"Pear"},{"floor":43,"key":"Dodecahedron"},{"floor":48,"key":"Pocketwatch"}],"event_choices":[{"event_name":"Golden Idol","player_choice":"Take Wound","floor":2.0,"damage_taken":0.0},{"event_name":"Scrap Ooze","player_choice":"unsuccessful","floor":4.0,"damage_taken":0.0},{"event_name":"Nest","player_choice":"Stole From Cult","floor":19.0,"damage_taken":0.0},{"event_name":"Masked Bandits","player_choice":"Fought Bandits","floor":22.0,"damage_taken":0.0},{"event_name":"Forgotten Altar","player_choice":"Gave Idol","floor":24.0,"damage_taken":0.0},{"event_name":"Tomb of Lord Red Mask","player_choice":"Wore Mask","floor":36,"damage_taken":0},{"event_name":"Mysterious Sphere","player_choice":"Ignore","floor":39,"damage_taken":0},{"event_name":"SensoryStone","player_choice":"Memory 1","floor":41,"damage_taken":0}],"is_beta":false,"boss_relics":[{"not_picked":["Runic Pyramid","Busted Crown"],"picked":"Cursed Key"},{"not_picked":["Runic Dome","Philosopher\u0027s Stone"],"picked":"Sozu"}],"items_purged_floors":[8,29],"is_endless":false,"potions_floor_spawned":[1,12,14,27,28,30,33,35,42],"killed_by":"Time Eater","ascension_level":0}