{"gold_per_floor":[119,119,119,135,155,181,181,181,181,193,205,205,223,237,237,237],"floor_reached":16,"playtime":592,"items_purged":[],"score":208,"play_id":"a84f242a-2437-46aa-938e-0e819c50c643","local_time":"20181127213140","is_ascension_mode":true,"campfire_choices":[{"data":"True Grit","floor":8.0,"key":"SMITH"},{"data":"Pain","floor":12.0,"key":"PURGE"},{"floor":15.0,"key":"REST"}],"neow_cost":"NONE","seed_source_timestamp":385543234748664,"circlet_count":0,"master_deck":["AscendersBane","Strike_R","Strike_R","Strike_R","Strike_R","Defend_R","Defend_R","Defend_R","Bash","Metallicize","True Grit+1","Parasite","Shrug It Off"],"special_seed":0,"relics":["Burning Blood","WarpedTongs","Turnip","Peace Pipe"],"potions_floor_usage":[],"damage_taken":[{"damage":7.0,"enemies":"Cultist","floor":1.0,"turns":4.0},{"damage":14.0,"enemies":"Jaw Worm","floor":4.0,"turns":3.0},{"damage":10.0,"enemies":"Small Slimes","floor":5.0,"turns":3.0},{"damage":41.0,"enemies":"3 Sentries","floor":6.0,"turns":10.0},{"damage":12.0,"enemies":"3 Louse","floor":10.0,"turns":4.0},{"damage":13.0,"enemies":"Large Slime","floor":11.0,"turns":6.0},{"damage":3.0,"enemies":"Looter","floor":13.0,"turns":4.0},{"damage":16.0,"enemies":"Exordium Thugs","floor":14.0,"turns":10.0},{"damage":34,"enemies":"Hexaghost","floor":16,"turns":9}],"seed_played":"-2052735941629522495","potions_obtained":[{"floor":1.0,"key":"SkillPotion"},{"floor":4.0,"key":"LiquidBronze"}],"is_trial":false,"path_per_floor":["M","?","?","M","M","E","?","R","T","M","M","R","M","M","R","B"],"character_chosen":"IRONCLAD","items_purchased":[],"campfire_rested":1,"item_purchase_floors":[],"current_hp_per_floor":[67,60,60,52,48,13,31,31,31,25,18,18,21,11,33,0],"gold":237,"neow_bonus":"REMOVE_CARD","is_prod":false,"is_daily":false,"chose_seed":false,"campfire_upgraded":1,"win_rate":0,"timestamp":1543383100,"path_taken":["M","?","?","?","M","E","?","R","T","M","M","R","M","M","R","BOSS"],"build_version":"2018-11-15","purchased_purges":0,"victory":false,"max_hp_per_floor":[75,75,75,75,75,75,75,75,75,75,75,75,75,75,75,75],"card_choices":[{"not_picked":["Hemokinesis","Heavy Blade"],"picked":"Metallicize","floor":1.0},{"not_picked":["Clothesline","Seeing Red","Perfected Strike"],"picked":"SKIP","floor":4.0},{"not_picked":["Iron Wave","Sword Boomerang"],"picked":"True Grit","floor":5.0},{"not_picked":["Anger","Clothesline","Carnage"],"picked":"SKIP","floor":6.0},{"not_picked":["Iron Wave","Anger","Pummel"],"picked":"SKIP","floor":10.0},{"not_picked":["Armaments","Burning Pact","Searing Blow"],"picked":"SKIP","floor":11.0},{"not_picked":["Limit Break","Corruption"],"picked":"Shrug It Off","floor":13.0},{"not_picked":["Body Slam","Intimidate","Twin Strike"],"picked":"SKIP","floor":14.0}],"player_experience":679927,"relics_obtained":[{"floor":6.0,"key":"Turnip"},{"floor":9.0,"key":"Peace Pipe"}],"event_choices":[{"cards_removed":["Defend_R"],"damage_healed":0.0,"max_hp_gain":0.0,"max_hp_loss":0.0,"gold_gain":0.0,"event_name":"Golden Wing","player_choice":"Card Removal","floor":2.0,"gold_loss":0.0,"damage_taken":7.0},{"damage_healed":0.0,"max_hp_gain":0.0,"max_hp_loss":0.0,"gold_gain":0.0,"event_name":"Accursed Blacksmith","player_choice":"Rummage","floor":3.0,"gold_loss":0.0,"damage_taken":0.0,"relics_obtained":["WarpedTongs"],"cards_obtained":["Pain"]},{"damage_healed":18.0,"max_hp_gain":0.0,"max_hp_loss":0.0,"gold_gain":0.0,"event_name":"Mushrooms","player_choice":"Healed and dodged fight","floor":7.0,"gold_loss":0.0,"damage_taken":0.0,"cards_obtained":["Parasite"]}],"is_beta":false,"boss_relics":[],"items_purged_floors":[],"is_endless":false,"potions_floor_spawned":[1,4],"killed_by":"Hexaghost","ascension_level":20}