{"gold_per_floor":[17,17,36,36,51,51,151,168,198,198,198,231,251,251,251,326,326,337,436,447,447,457,457,469,469,469,485,10,28,28],"floor_reached":30,"playtime":1106,"items_purged":[],"score":383,"play_id":"4e718931-f416-4ced-a773-07da899ecc6b","local_time":"20181117025533","is_ascension_mode":true,"campfire_choices":[{"data":"Zap","floor":6,"key":"SMITH"},{"data":"Loop","floor":10,"key":"SMITH"},{"floor":15,"key":"REST"},{"floor":23,"key":"REST"},{"floor":25,"key":"REST"}],"neow_cost":"NO_GOLD","seed_source_timestamp":46324559863722,"circlet_count":0,"master_deck":["AscendersBane","Strike_B","Strike_B","Strike_B+1","Strike_B","Defend_B","Defend_B","Defend_B","Defend_B","Zap+1","Dualcast+1","Loop+1","Storm","Ball Lightning","Meteor Strike+1","Lockon","Double Energy","Buffer","Consume","Chaos","Defragment","Force Field+1","Thunder Strike+1","Go for the Eyes+1","Coolheaded","Sunder","Heatsinks","Glacier+1"],"relics":["Cracked Core","StoneCalendar","Tiny Chest","Mercury Hourglass","Oddly Smooth Stone","Fusion Hammer","Whetstone","Dead Branch"],"potions_floor_usage":[12,16,16,29,29,30],"damage_taken":[{"damage":2,"enemies":"2 Louse","floor":1,"turns":3},{"damage":0,"enemies":"Small Slimes","floor":3,"turns":3},{"damage":1,"enemies":"Cultist","floor":5,"turns":3},{"damage":11,"enemies":"Blue Slaver","floor":8,"turns":3},{"damage":36,"enemies":"Gremlin Nob","floor":12,"turns":5},{"damage":0,"enemies":"Large Slime","floor":13,"turns":3},{"damage":24,"enemies":"Slime Boss","floor":16,"turns":7},{"damage":0,"enemies":"2 Thieves","floor":18,"turns":4},{"damage":0,"enemies":"Chosen","floor":20,"turns":4},{"damage":46,"enemies":"Centurion and Healer","floor":22,"turns":7},{"damage":23,"enemies":"Cultist and Chosen","floor":24,"turns":5},{"damage":15,"enemies":"Shelled Parasite and Fungi","floor":27,"turns":4},{"damage":16,"enemies":"Centurion and Healer","floor":29,"turns":6},{"damage":5,"enemies":"Book of Stabbing","floor":30,"turns":1}],"seed_played":"-3835958564103480342","potions_obtained":[{"floor":1,"key":"EssenceOfSteel"},{"floor":12,"key":"EssenceOfSteel"},{"floor":13,"key":"AttackPotion"},{"floor":18,"key":"FocusPotion"},{"floor":20,"key":"Explosive Potion"},{"floor":29,"key":"Swift Potion"}],"is_trial":false,"path_per_floor":["M","$","M","?","M","R","?","M","T","R","?","E","M","T","R","B",null,"M","?","M","?","M","R","M","R","T","M","$","M","E"],"character_chosen":"DEFECT","items_purchased":["Coolheaded","Sunder","Dead Branch","Heatsinks"],"campfire_rested":3,"item_purchase_floors":[28,28,28,28],"current_hp_per_floor":[66,66,66,66,65,65,65,54,54,54,39,3,3,3,25,1,57,57,57,57,57,11,33,10,32,32,17,17,1,0],"gold":28,"neow_bonus":"ONE_RARE_RELIC","is_prod":false,"is_daily":false,"chose_seed":false,"campfire_upgraded":2,"win_rate":0,"timestamp":1542452133,"path_taken":["M","$","M","?","M","R","?","?","T","R","?","E","M","?","R","BOSS","M","?","M","?","M","R","?","R","T","?","$","?","E"],"build_version":"2018-11-15","purchased_purges":0,"victory":false,"max_hp_per_floor":[75,75,75,75,75,75,75,75,75,75,75,75,75,75,75,75,75,75,75,75,75,75,75,75,75,75,75,75,75,75],"card_choices":[{"not_picked":["Blizzard","Rebound"],"picked":"Loop","floor":1},{"not_picked":["Turbo","Undo"],"picked":"Storm","floor":3},{"not_picked":["Hologram","Leap"],"picked":"Ball Lightning","floor":5},{"not_picked":["Sunder","Gash"],"picked":"Meteor Strike","floor":8},{"not_picked":["Double Energy","Undo"],"picked":"Lockon","floor":12},{"not_picked":["Rebound","Melter"],"picked":"Double Energy","floor":13},{"not_picked":["Machine Learning","Amplify"],"picked":"Buffer","floor":16},{"not_picked":["Conserve Battery","Streamline"],"picked":"Consume","floor":18},{"not_picked":["Barrage+1","Coolheaded"],"picked":"Chaos","floor":20},{"not_picked":["Steam","Barrage"],"picked":"Force Field+1","floor":22},{"not_picked":["Beam Cell","Go for the Eyes"],"picked":"Thunder Strike","floor":24},{"not_picked":["Conserve Battery","Ball Lightning"],"picked":"Go for the Eyes+1","floor":27},{"not_picked":["Skim","Undo"],"picked":"Glacier+1","floor":29}],"player_experience":417931,"relics_obtained":[{"floor":9,"key":"Tiny Chest"},{"floor":12,"key":"Mercury Hourglass"},{"floor":14,"key":"Oddly Smooth Stone"},{"floor":26,"key":"Whetstone"}],"event_choices":[{"damage_healed":0,"gold_gain":0,"player_choice":"Ignored","damage_taken":0,"max_hp_gain":0,"max_hp_loss":0,"event_name":"Liars Game","floor":4,"gold_loss":0},{"damage_healed":0,"gold_gain":100,"player_choice":"Pray","damage_taken":0,"max_hp_gain":0,"max_hp_loss":0,"event_name":"Golden Shrine","floor":7,"gold_loss":0},{"damage_healed":0,"gold_gain":0,"player_choice":"Entered Light","damage_taken":15,"max_hp_gain":0,"max_hp_loss":0,"event_name":"Shining Light","floor":11,"gold_loss":0,"cards_upgraded":["Dualcast","Meteor Strike"]},{"damage_healed":0,"gold_gain":99,"player_choice":"Stole From Cult","damage_taken":0,"max_hp_gain":0,"max_hp_loss":0,"event_name":"Nest","floor":19,"gold_loss":0},{"damage_healed":0,"gold_gain":0,"player_choice":"Read","damage_taken":0,"max_hp_gain":0,"max_hp_loss":0,"event_name":"The Library","floor":21,"gold_loss":0,"cards_obtained":["Defragment"]}],"is_beta":false,"boss_relics":[{"not_picked":["White Beast Statue","Astrolabe"],"picked":"Fusion Hammer"}],"items_purged_floors":[],"is_endless":false,"potions_floor_spawned":[1,12,13,18,20,27,29],"killed_by":"Book of Stabbing","ascension_level":13}