{"gold_per_floor":[113,132,25,41,54,54,82,82,105,105,139,15,15,75,75,75],"floor_reached":16,"playtime":660,"items_purged":[],"score":108,"play_id":"8398cf7a-7da8-4f6f-9de4-de1de0688711","local_time":"20190307005323","is_ascension_mode":false,"campfire_choices":[{"data":"Cloak And Dagger","floor":6,"key":"SMITH"},{"data":"Footwork","floor":8,"key":"SMITH"},{"data":"Blade Dance","floor":10,"key":"SMITH"},{"data":"Accuracy","floor":15,"key":"SMITH"}],"neow_cost":"TEN_PERCENT_HP_LOSS","seed_source_timestamp":2472920632204700,"circlet_count":0,"master_deck":["Defend_G","Defend_G","Defend_G","Defend_G","Defend_G","Strike_G","Strike_G","Strike_G+1","Strike_G+1","Strike_G","Survivor","Neutralize","Bullet Time","Cloak And Dagger+1","Infinite Blades","Finisher","Blade Dance+1","Quick Slash","Footwork+1","Skewer","Accuracy+1","Dodge and Roll"],"relics":["Ring of the Snake","Anchor","Whetstone","Snake Skull","Art of War"],"potions_floor_usage":[7],"damage_taken":[{"damage":2,"enemies":"Jaw Worm","floor":1,"turns":6},{"damage":0,"enemies":"2 Louse","floor":2,"turns":5},{"damage":7,"enemies":"Small Slimes","floor":4,"turns":5},{"damage":1,"enemies":"3 Louse","floor":5,"turns":3},{"damage":10,"enemies":"3 Sentries","floor":7,"turns":9},{"damage":30,"enemies":"Gremlin Nob","floor":11,"turns":4},{"damage":1,"enemies":"3 Sentries","floor":14,"turns":7},{"damage":17,"enemies":"Slime Boss","floor":16,"turns":5}],"seed_played":"7426045110457060339","potions_obtained":[{"floor":4,"key":"EssenceOfSteel"},{"floor":11,"key":"Ancient Potion"}],"is_trial":false,"path_per_floor":["M","M","$","M","M","R","E","R","T","R","E","$","?","?","R","B"],"character_chosen":"THE_SILENT","items_purchased":["Infinite Blades","Finisher","Accuracy","Dodge and Roll"],"campfire_rested":0,"item_purchase_floors":[3,3,12,12],"current_hp_per_floor":[61,61,61,54,53,53,43,43,43,43,13,13,13,12,12,0],"gold":75,"neow_bonus":"THREE_RARE_CARDS","is_prod":false,"is_daily":false,"chose_seed":false,"campfire_upgraded":4,"win_rate":0,"timestamp":1551948803,"path_taken":["M","M","$","M","M","R","E","R","T","R","E","$","?","?","R","BOSS"],"build_version":"2019-01-23","purchased_purges":0,"victory":false,"max_hp_per_floor":[63,63,63,63,63,63,63,63,63,63,63,63,63,63,63,63],"card_choices":[{"not_picked":["Grand Finale","Wraith Form v2"],"picked":"Bullet Time","floor":0},{"not_picked":["Finisher","Acrobatics"],"picked":"Cloak And Dagger","floor":1},{"not_picked":["Tactician","Outmaneuver","Deflect"],"picked":"SKIP","floor":2},{"not_picked":["Outmaneuver","Dash"],"picked":"Blade Dance","floor":4},{"not_picked":["Dodge and Roll","Deadly Poison"],"picked":"Quick Slash","floor":5},{"not_picked":["Catalyst","Choke"],"picked":"Footwork","floor":7},{"not_picked":["Bane","Escape Plan"],"picked":"Skewer","floor":11}],"player_experience":806168,"relics_obtained":[{"floor":7,"key":"Anchor"},{"floor":9,"key":"Whetstone"},{"floor":11,"key":"Snake Skull"},{"floor":14,"key":"Art of War"}],"event_choices":[{"damage_healed":0,"gold_gain":0,"player_choice":"Ignored","damage_taken":0,"max_hp_gain":0,"max_hp_loss":0,"event_name":"Liars Game","floor":13,"gold_loss":0},{"damage_healed":0,"gold_gain":0,"player_choice":"Searched \u00271\u0027 times","damage_taken":0,"max_hp_gain":0,"max_hp_loss":0,"event_name":"Dead Adventurer","floor":14,"gold_loss":0}],"is_beta":false,"boss_relics":[],"items_purged_floors":[],"is_endless":false,"potions_floor_spawned":[4,11],"killed_by":"Slime Boss","ascension_level":0}