{"gold_per_floor":[118,98,109,128,140,174,174,201,271,271,303,303,318,33,33,110,110,123,123,32,48,63,63,63],"floor_reached":24,"playtime":1347,"items_purged":[],"score":482,"play_id":"7b160544-0c7c-4bc4-bf4e-44484a4f754a","local_time":"20190302154430","is_ascension_mode":true,"campfire_choices":[{"data":"Zap","floor":7.0,"key":"SMITH"},{"data":"Defragment","floor":10.0,"key":"SMITH"},{"data":"Machine Learning","floor":15.0,"key":"SMITH"},{"data":"Sweeping Beam","floor":23,"key":"SMITH"}],"neow_cost":"NONE","seed_source_timestamp":0,"circlet_count":0,"master_deck":["AscendersBane","Strike_B","Strike_B","Strike_B","Strike_B","Defend_B","Defend_B","Defend_B","Defend_B","Zap+1","Dualcast","Sweeping Beam+1","Streamline","Coolheaded","Leap","Machine Learning+1","Defragment+1","Conserve Battery","Genetic Algorithm","Buffer+1","Ball Lightning","Doom and Gloom","Gash"],"special_seed":0,"relics":["Cracked Core","Boot","Shuriken","Thread and Needle","The Courier","Oddly Smooth Stone","Membership Card","Kunai","Black Star","Medical Kit"],"potions_floor_usage":[],"damage_taken":[{"damage":0.0,"enemies":"2 Louse","floor":1.0,"turns":2.0},{"damage":1.0,"enemies":"Cultist","floor":3.0,"turns":3.0},{"damage":4.0,"enemies":"Jaw Worm","floor":4.0,"turns":4.0},{"damage":9.0,"enemies":"Red Slaver","floor":5.0,"turns":3.0},{"damage":11.0,"enemies":"3 Sentries","floor":6.0,"turns":7.0},{"damage":30.0,"enemies":"Gremlin Nob","floor":8.0,"turns":4.0},{"damage":0.0,"enemies":"Lagavulin","floor":11.0,"turns":7.0},{"damage":0.0,"enemies":"Lots of Slimes","floor":13.0,"turns":4.0},{"damage":7.0,"enemies":"Slime Boss","floor":16.0,"turns":13.0},{"damage":18,"enemies":"3 Byrds","floor":18,"turns":6},{"damage":10,"enemies":"Shell Parasite","floor":21,"turns":7},{"damage":0,"enemies":"Snecko","floor":22,"turns":8},{"damage":30,"enemies":"Slavers","floor":24,"turns":3}],"seed_played":"-3372735322780705847","potions_obtained":[{"floor":2.0,"key":"Poison Potion"},{"floor":4.0,"key":"EssenceOfSteel"},{"floor":5.0,"key":"AttackPotion"},{"floor":11.0,"key":"PowerPotion"},{"floor":12.0,"key":"Energy Potion"},{"floor":16.0,"key":"Strength Potion"},{"floor":21,"key":"FocusPotion"}],"is_trial":false,"path_per_floor":["M","?","M","M","M","E","R","E","T","R","E","?","M","$","R","B",null,"M","?","$","M","M","R","E"],"character_chosen":"DEFECT","items_purchased":["Membership Card","Kunai","Medical Kit"],"campfire_rested":0,"item_purchase_floors":[14,14,20],"current_hp_per_floor":[64,64,63,59,50,39,39,9,9,9,9,9,9,9,9,2,54,36,36,36,26,26,26,0],"gold":63,"neow_bonus":"RANDOM_COMMON_RELIC","is_prod":false,"is_daily":false,"chose_seed":false,"campfire_upgraded":4,"win_rate":0,"timestamp":1551559470,"path_taken":["M","?","M","M","?","E","R","E","T","R","E","?","M","$","R","BOSS","M","?","$","M","?","R","E"],"build_version":"2019-01-23","purchased_purges":0,"victory":false,"max_hp_per_floor":[71,71,71,71,71,71,71,71,71,71,71,71,71,71,71,71,71,71,71,71,71,71,71,71],"card_choices":[{"not_picked":["Beam Cell","Go for the Eyes"],"picked":"Sweeping Beam","floor":1.0},{"not_picked":["Melter","Leap"],"picked":"Streamline","floor":3.0},{"not_picked":["Hologram","Redo"],"picked":"Coolheaded","floor":4.0},{"not_picked":["Melter","Compile Driver"],"picked":"Leap","floor":5.0},{"not_picked":["Turbo","Compile Driver"],"picked":"Machine Learning","floor":6.0},{"not_picked":["Stack","Consume"],"picked":"Defragment","floor":8.0},{"not_picked":["Turbo","Streamline"],"picked":"Conserve Battery","floor":11.0},{"not_picked":["Ball Lightning","Redo"],"picked":"Genetic Algorithm","floor":13.0},{"not_picked":["Creative AI","Multi-Cast"],"picked":"Buffer","floor":16.0},{"not_picked":["Reprogram","Scrape"],"picked":"Ball Lightning","floor":18},{"not_picked":["Rebound","Self Repair"],"picked":"Doom and Gloom","floor":21},{"not_picked":["Stack","Auto Shields"],"picked":"Gash","floor":22}],"player_experience":640958,"relics_obtained":[{"floor":6.0,"key":"Shuriken"},{"floor":8.0,"key":"Thread and Needle"},{"floor":9.0,"key":"The Courier"},{"floor":11.0,"key":"Oddly Smooth Stone"}],"event_choices":[{"damage_healed":0.0,"max_hp_gain":0.0,"max_hp_loss":0.0,"gold_gain":0.0,"event_name":"The Woman in Blue","player_choice":"Bought 1 Potion","floor":2.0,"gold_loss":0.0,"damage_taken":0.0},{"damage_healed":0.0,"max_hp_gain":0.0,"max_hp_loss":0.0,"gold_gain":0.0,"event_name":"Lab","player_choice":"Got Potions","floor":12.0,"gold_loss":0.0,"damage_taken":0.0},{"damage_healed":0,"gold_gain":0,"player_choice":"Upgraded","damage_taken":0,"max_hp_gain":0,"max_hp_loss":0,"event_name":"Upgrade Shrine","floor":19,"gold_loss":0,"cards_upgraded":["Buffer"]}],"is_beta":false,"boss_relics":[{"not_picked":["Tiny House","Nuclear Battery"],"picked":"Black Star"}],"items_purged_floors":[],"is_endless":false,"potions_floor_spawned":[4,5,11,16,21,22],"killed_by":"Slavers","ascension_level":20}