{"gold_per_floor":[109,35,35,35,53,82,82,112,112,112,144,144,174,194,194,298,298,317,317,335,68,87,114,114,127,150,176,176,201,30,45,45,143,143,161,161,175,195,52,82,94,110,110,110,110,124,124],"floor_reached":47,"playtime":3908,"items_purged":["Strike_R","Strike_R"],"score":595,"play_id":"fda77540-db45-4f28-8fee-956bb9a7d0c8","local_time":"20190201194718","is_ascension_mode":true,"campfire_choices":[{"floor":10,"key":"REST"},{"floor":12,"key":"REST"},{"floor":15,"key":"RECALL"},{"data":"RitualDagger","floor":24,"key":"SMITH"},{"data":"Reaper","floor":32,"key":"SMITH"}],"neow_cost":"NONE","seed_source_timestamp":0,"circlet_count":0,"master_deck":["Strike_R","Strike_R","Strike_R","Defend_R","Defend_R","Defend_R","Defend_R","Bash","Spot Weakness","Seeing Red","Inflame","Heavy Blade","Whirlwind","Shockwave","Offering","Spot Weakness","Seeing Red","RitualDagger+1","Metallicize","True Grit","Shrug It Off","Warcry","Decay","Metallicize","Reaper+1","Seeing Red+1","Double Tap","Burning Pact","Heavy Blade+1","Offering","Pommel Strike+1","Master of Strategy","Magnetism","Transmutation","Madness","Madness","Disarm+1"],"special_seed":0,"relics":["Burning Blood","Letter Opener","Prayer Wheel","Vajra","Bag of Marbles","Self Forming Clay","Coffee Dripper","HandDrill","Pocketwatch","Ancient Tea Set","Incense Burner","Pen Nib","Busted Crown","Red Skull","Oddly Smooth Stone","Darkstone Periapt","Blue Candle"],"potions_floor_usage":[16,16,23,23,33,33],"damage_taken":[{"damage":1.0,"enemies":"2 Louse","floor":1.0,"turns":2.0},{"damage":1.0,"enemies":"Cultist","floor":5.0,"turns":4.0},{"damage":44.0,"enemies":"Lagavulin","floor":6.0,"turns":8.0},{"damage":22,"enemies":"3 Sentries","floor":8,"turns":6},{"damage":36,"enemies":"Lagavulin","floor":11,"turns":7},{"damage":16,"enemies":"Gremlin Nob","floor":13,"turns":4},{"damage":5,"enemies":"Jaw Worm","floor":14,"turns":3},{"damage":11,"enemies":"Hexaghost","floor":16,"turns":7},{"damage":12,"enemies":"Shell Parasite","floor":18,"turns":2},{"damage":8,"enemies":"2 Thieves","floor":20,"turns":3},{"damage":5,"enemies":"Chosen and Byrds","floor":22,"turns":5},{"damage":12,"enemies":"Gremlin Leader","floor":23,"turns":5},{"damage":12,"enemies":"Centurion and Healer","floor":25,"turns":4},{"damage":15,"enemies":"Book of Stabbing","floor":27,"turns":5},{"damage":27,"enemies":"Gremlin Leader","floor":29,"turns":5},{"damage":18,"enemies":"Snake Plant","floor":31,"turns":3},{"damage":12,"enemies":"Automaton","floor":33,"turns":6},{"damage":15,"enemies":"Orb Walker","floor":35,"turns":2},{"damage":10,"enemies":"3 Darklings","floor":37,"turns":3},{"damage":8,"enemies":"Transient","floor":38,"turns":5},{"damage":21,"enemies":"Giant Head","floor":40,"turns":7},{"damage":9,"enemies":"Spire Growth","floor":41,"turns":3},{"damage":6,"enemies":"3 Darklings","floor":42,"turns":3},{"damage":18,"enemies":"Maw","floor":46,"turns":5},{"damage":43,"enemies":"Nemesis","floor":47,"turns":2}],"seed_played":"-937639025830801385","potions_obtained":[{"floor":1.0,"key":"Swift Potion"},{"floor":13,"key":"EssenceOfSteel"},{"floor":14,"key":"AttackPotion"},{"floor":16,"key":"LiquidBronze"},{"floor":18,"key":"PowerPotion"},{"floor":20,"key":"SkillPotion"},{"floor":25,"key":"SpeedPotion"},{"floor":31,"key":"AttackPotion"},{"floor":33,"key":"Explosive Potion"},{"floor":35,"key":"Poison Potion"},{"floor":37,"key":"SteroidPotion"}],"is_trial":false,"path_per_floor":["M","$","?","$","M","E","?","E","T","R","E","R","E","M","R","B",null,"M","?","M","$","M","E","R","M","T","E","?","E","$","M","R","B",null,"M","T","M","M","$","E","M","M","T","?","?","M","E"],"character_chosen":"IRONCLAD","items_purchased":["Inflame","HandDrill","Metallicize","Oddly Smooth Stone"],"campfire_rested":2,"item_purchase_floors":[2,21,30,39],"current_hp_per_floor":[80,80,80,80,80,42,34,18,18,42,12,36,26,27,27,22,80,74,68,66,66,67,61,61,55,55,46,46,25,25,13,13,68,80,71,71,80,80,80,65,62,62,62,52,42,30,0],"gold":124,"neow_bonus":"THREE_CARDS","is_prod":false,"is_daily":false,"chose_seed":false,"campfire_upgraded":2,"win_rate":0,"timestamp":1549039638,"path_taken":["M","$","?","?","M","E","?","E","T","R","E","R","E","M","R","BOSS","M","?","M","$","M","E","R","M","T","E","?","E","$","M","R","BOSS","M","?","M","M","$","E","M","M","T","?","?","M","E"],"build_version":"2019-01-23","purchased_purges":2,"victory":false,"max_hp_per_floor":[80,80,80,80,80,80,80,80,80,80,80,80,80,80,80,80,80,80,80,80,80,80,80,80,80,80,80,80,80,80,80,80,80,80,80,80,80,80,80,80,80,80,80,80,80,80,80],"card_choices":[{"not_picked":["Cleave","Twin Strike"],"picked":"Spot Weakness","floor":0.0},{"not_picked":["Perfected Strike","Armaments"],"picked":"Seeing Red","floor":1.0},{"not_picked":["Sword Boomerang","Thunderclap","Combust"],"picked":"SKIP","floor":5.0},{"not_picked":["Cleave","Limit Break"],"picked":"Heavy Blade","floor":6.0},{"not_picked":["Armaments","Shrug It Off"],"picked":"Whirlwind","floor":8},{"not_picked":["Entrench","Disarm","Thunderclap"],"picked":"SKIP","floor":11},{"not_picked":["Havoc","Body Slam"],"picked":"Shockwave","floor":13},{"not_picked":["Havoc","Body Slam","Reckless Charge"],"picked":"SKIP","floor":14},{"not_picked":["Thunderclap","Headbutt","Searing Blow"],"picked":"SKIP","floor":14},{"not_picked":["Juggernaut","Exhume"],"picked":"Offering","floor":16},{"not_picked":["Pommel Strike","Dual Wield"],"picked":"Spot Weakness","floor":18},{"not_picked":["Sever Soul","Corruption"],"picked":"Seeing Red","floor":18},{"not_picked":["True Grit","Pommel Strike"],"picked":"Metallicize","floor":20},{"not_picked":["Pommel Strike","Body Slam+1","Headbutt+1"],"picked":"SKIP","floor":20},{"not_picked":["Havoc+1","Corruption"],"picked":"True Grit","floor":22},{"not_picked":["Perfected Strike","Searing Blow+1"],"picked":"Shrug It Off","floor":22},{"not_picked":["Sword Boomerang","Evolve","Anger+1"],"picked":"SKIP","floor":23},{"not_picked":["Fiend Fire","Bloodletting+1"],"picked":"Warcry","floor":25},{"not_picked":["Infernal Blade","Twin Strike","Perfected Strike"],"picked":"SKIP","floor":25},{"not_picked":["Anger+1","Havoc","Wild Strike"],"picked":"SKIP","floor":27},{"not_picked":["Entrench+1","Cleave","Corruption"],"picked":"SKIP","floor":29},{"not_picked":["Perfected Strike+1","Armaments+1"],"picked":"Reaper","floor":31},{"not_picked":["Fire Breathing","Hemokinesis"],"picked":"Seeing Red+1","floor":31},{"not_picked":["Feed","Dark Embrace"],"picked":"Double Tap","floor":33},{"not_picked":[],"picked":"Burning Pact","floor":35},{"not_picked":["Twin Strike"],"picked":"SKIP","floor":35},{"not_picked":["Body Slam"],"picked":"SKIP","floor":37},{"not_picked":["Searing Blow+1"],"picked":"SKIP","floor":37},{"not_picked":[],"picked":"Heavy Blade+1","floor":38},{"not_picked":["Thunderclap"],"picked":"SKIP","floor":38},{"not_picked":[],"picked":"Offering","floor":40},{"not_picked":[],"picked":"Pommel Strike+1","floor":41},{"not_picked":["Heavy Blade"],"picked":"SKIP","floor":41},{"not_picked":["Havoc"],"picked":"SKIP","floor":42},{"not_picked":["Hemokinesis+1"],"picked":"SKIP","floor":42},{"not_picked":[],"picked":"Master of Strategy","floor":44},{"not_picked":[],"picked":"Magnetism","floor":44},{"not_picked":[],"picked":"Transmutation","floor":44},{"not_picked":[],"picked":"Disarm+1","floor":46},{"not_picked":["Combust+1"],"picked":"SKIP","floor":46}],"player_experience":234744,"relics_obtained":[{"floor":6.0,"key":"Prayer Wheel"},{"floor":8,"key":"Vajra"},{"floor":11,"key":"Bag of Marbles"},{"floor":13,"key":"Self Forming Clay"},{"floor":23,"key":"Pocketwatch"},{"floor":26,"key":"Ancient Tea Set"},{"floor":27,"key":"Incense Burner"},{"floor":29,"key":"Pen Nib"},{"floor":36,"key":"Red Skull"},{"floor":40,"key":"Darkstone Periapt"},{"floor":43,"key":"Blue Candle"}],"event_choices":[{"damage_healed":0.0,"max_hp_gain":0.0,"max_hp_loss":0.0,"gold_gain":0.0,"event_name":"WeMeetAgain","player_choice":"Gave Potion","floor":3.0,"gold_loss":0.0,"damage_taken":0.0,"relics_obtained":["Letter Opener"]},{"damage_healed":0,"gold_gain":0,"player_choice":"Damaged","damage_taken":8,"max_hp_gain":0,"max_hp_loss":0,"event_name":"Wheel of Change","floor":7,"gold_loss":0},{"damage_healed":0,"gold_gain":0,"player_choice":"Joined the Cult","damage_taken":6,"max_hp_gain":0,"max_hp_loss":0,"event_name":"Nest","floor":19,"gold_loss":0,"cards_obtained":["RitualDagger"]},{"damage_healed":0,"gold_gain":0,"player_choice":"Cursed","damage_taken":0,"max_hp_gain":0,"max_hp_loss":0,"event_name":"Wheel of Change","floor":28,"gold_loss":0,"cards_obtained":["Decay"]},{"damage_healed":0,"gold_gain":0,"player_choice":"Memory 3","damage_taken":10,"max_hp_gain":0,"max_hp_loss":0,"event_name":"SensoryStone","floor":44,"gold_loss":0},{"damage_healed":0,"gold_gain":0,"player_choice":"Embrace Madness","damage_taken":10,"max_hp_gain":0,"max_hp_loss":0,"event_name":"Winding Halls","floor":45,"gold_loss":0,"cards_obtained":["Madness","Madness"]}],"is_beta":false,"boss_relics":[{"not_picked":["Orrery","Runic Cube"],"picked":"Coffee Dripper"},{"not_picked":["Astrolabe","Empty Cage"],"picked":"Busted Crown"}],"items_purged_floors":[21,30],"is_endless":false,"potions_floor_spawned":[1,13,14,16,18,20,25,31,33,35,37,40],"killed_by":"Nemesis","ascension_level":1}