{"gold_per_floor":[116,116,116,116,72,103,103,129,129,155,173,186,186,201,201,278,278,288,303,318,54,54],"floor_reached":22,"playtime":763,"items_purged":["Strike_B"],"score":558,"play_id":"5267021d-2740-4d0b-a106-f977b15410f2","local_time":"20190304211958","is_ascension_mode":true,"campfire_choices":[{"data":"Echo Form","floor":13.0,"key":"SMITH"},{"data":"Dualcast","floor":15.0,"key":"SMITH"}],"neow_cost":"NONE","seed_source_timestamp":0,"circlet_count":0,"master_deck":["AscendersBane","Strike_B","Defend_B","Defend_B","Defend_B","Defend_B","Zap+1","Dualcast+1","Melter+1","Glacier","Capacitor","Echo Form+1","Ball Lightning","Conserve Battery","Ball Lightning","Stack","Electrodynamics","Chaos","Double Energy","Conserve Battery+1","Rip and Tear","Discovery"],"special_seed":0,"relics":["Cracked Core","NeowsBlessing","Letter Opener","Pear","Kunai","Shuriken","Coffee Dripper"],"potions_floor_usage":[],"damage_taken":[{"damage":0.0,"enemies":"2 Louse","floor":1.0,"turns":1.0},{"damage":0.0,"enemies":"3 Sentries","floor":6.0,"turns":1.0},{"damage":0.0,"enemies":"Gremlin Nob","floor":8.0,"turns":1.0},{"damage":0.0,"enemies":"Lagavulin","floor":10.0,"turns":6.0},{"damage":1.0,"enemies":"Jaw Worm","floor":11.0,"turns":3.0},{"damage":2.0,"enemies":"Small Slimes","floor":12.0,"turns":4.0},{"damage":0.0,"enemies":"Gremlin Gang","floor":14.0,"turns":3.0},{"damage":12.0,"enemies":"The Guardian","floor":16.0,"turns":8.0},{"damage":21,"enemies":"Shell Parasite","floor":18,"turns":5},{"damage":3,"enemies":"Chosen","floor":19,"turns":5},{"damage":41,"enemies":"Shelled Parasite and Fungi","floor":20,"turns":6},{"damage":11,"enemies":"Centurion and Healer","floor":22,"turns":1}],"seed_played":"4579971448602591759","potions_obtained":[{"floor":1.0,"key":"AttackPotion"},{"floor":6.0,"key":"FearPotion"},{"floor":18,"key":"SpeedPotion"},{"floor":20,"key":"EssenceOfSteel"}],"is_trial":false,"path_per_floor":["M","?","?","?","$","E","?","E","T","E","M","M","R","M","R","B",null,"M","M","M","$","M"],"character_chosen":"DEFECT","items_purchased":["Glacier","Rip and Tear","Discovery"],"campfire_rested":0,"item_purchase_floors":[5,21,21],"current_hp_per_floor":[64,64,69,46,46,46,46,56,56,56,55,53,53,53,53,41,75,54,51,10,10,0],"gold":54,"neow_bonus":"THREE_ENEMY_KILL","is_prod":false,"is_daily":false,"chose_seed":false,"campfire_upgraded":2,"win_rate":0,"timestamp":1551752398,"path_taken":["M","?","?","?","$","E","?","E","T","E","M","M","R","M","R","BOSS","M","M","M","$","?"],"build_version":"2019-01-23","purchased_purges":1,"victory":false,"max_hp_per_floor":[71,71,76,76,76,76,76,86,86,86,86,86,86,86,86,86,86,86,86,86,86,86],"card_choices":[{"not_picked":["Go for the Eyes","Coolheaded"],"picked":"Melter","floor":1.0},{"not_picked":["Turbo","Go for the Eyes"],"picked":"Capacitor","floor":6.0},{"not_picked":["Coolheaded","Steam"],"picked":"Echo Form","floor":8.0},{"not_picked":["Auto Shields","Sweeping Beam"],"picked":"Ball Lightning","floor":10.0},{"not_picked":["Gash","Leap"],"picked":"Conserve Battery","floor":11.0},{"not_picked":["Consume","Compile Driver"],"picked":"Ball Lightning","floor":12.0},{"not_picked":["Coolheaded","Beam Cell"],"picked":"Stack","floor":14.0},{"not_picked":["Thunder Strike","Creative AI"],"picked":"Electrodynamics","floor":16.0},{"not_picked":["Redo","Conserve Battery"],"picked":"Chaos","floor":18},{"not_picked":["Reprogram","Double Energy","Rebound"],"picked":"SKIP","floor":19},{"not_picked":["Reprogram","Double Energy","Rebound"],"picked":"SKIP","floor":19},{"not_picked":["Reprogram","Rebound"],"picked":"Double Energy","floor":19},{"not_picked":["Leap","Static Discharge"],"picked":"Conserve Battery+1","floor":20}],"player_experience":680860,"relics_obtained":[{"floor":6.0,"key":"Letter Opener"},{"floor":8.0,"key":"Pear"},{"floor":9.0,"key":"Kunai"},{"floor":10.0,"key":"Shuriken"}],"event_choices":[{"cards_removed":["Strike_B"],"damage_healed":0.0,"max_hp_gain":0.0,"max_hp_loss":0.0,"gold_gain":0.0,"event_name":"Living Wall","player_choice":"Forget","floor":2.0,"gold_loss":0.0,"damage_taken":0.0},{"damage_healed":0.0,"max_hp_gain":5.0,"max_hp_loss":0.0,"gold_gain":0.0,"event_name":"Big Fish","player_choice":"Donut","floor":3.0,"gold_loss":0.0,"damage_taken":0.0},{"damage_healed":0.0,"max_hp_gain":0.0,"max_hp_loss":0.0,"gold_gain":0.0,"event_name":"Shining Light","player_choice":"Entered Light","floor":4.0,"gold_loss":0.0,"damage_taken":23.0,"cards_upgraded":["Melter","Zap"]},{"cards_removed":["Strike_B"],"damage_healed":0.0,"max_hp_gain":0.0,"max_hp_loss":0.0,"gold_gain":0.0,"event_name":"Purifier","player_choice":"Purged","floor":7.0,"gold_loss":0.0,"damage_taken":0.0}],"is_beta":false,"boss_relics":[{"not_picked":["Lizard Tail","Black Star"],"picked":"Coffee Dripper"}],"items_purged_floors":[21],"is_endless":false,"potions_floor_spawned":[1,6,10,18,20],"killed_by":"Centurion and Healer","ascension_level":20}