{"gold_per_floor":[113,125,26,37,51,76,76,101,101,101,112,112,112,187,187,287,287,227,227,238,337,337,210,210,119,143,143,143,158,173,173,173,173],"floor_reached":33,"playtime":1972,"items_purged":["Defend_B"],"score":276,"play_id":"0af46f1d-8194-4991-bdfd-7484f442a6d9","local_time":"20181230112136","is_ascension_mode":false,"campfire_choices":[{"floor":7,"key":"REST"},{"data":"Glacier","floor":10,"key":"SMITH"},{"floor":15,"key":"REST"},{"floor":32,"key":"REST"}],"neow_cost":"NONE","seed_source_timestamp":432016351280897,"circlet_count":0,"master_deck":["Strike_B","Strike_B","Strike_B","Zap","Dualcast","Loop","Capacitor","Cold Snap","Conserve Battery","Glacier+1","Capacitor","Glacier","Fission","Doom and Gloom","Cold Snap","Conserve Battery","Darkness","Cold Snap","Cold Snap"],"special_seed":0,"relics":["Cracked Core","Anchor","Bag of Marbles","Blood Vial","Empty Cage","Gremlin Horn","Omamori","Darkstone Periapt"],"potions_floor_usage":[6,8,11,18,33],"damage_taken":[{"damage":0.0,"enemies":"Cultist","floor":1.0,"turns":4.0},{"damage":1.0,"enemies":"Jaw Worm","floor":2.0,"turns":4.0},{"damage":1.0,"enemies":"Small Slimes","floor":4.0,"turns":3.0},{"damage":0.0,"enemies":"2 Fungi Beasts","floor":5.0,"turns":4.0},{"damage":35,"enemies":"Gremlin Nob","floor":6,"turns":6},{"damage":21,"enemies":"3 Sentries","floor":8,"turns":8},{"damage":1,"enemies":"Large Slime","floor":11,"turns":5},{"damage":4,"enemies":"The Guardian","floor":16,"turns":17},{"damage":0,"enemies":"2 Thieves","floor":18,"turns":4},{"damage":37,"enemies":"3 Byrds","floor":20,"turns":7},{"damage":14,"enemies":"Snecko","floor":29,"turns":7},{"damage":5,"enemies":"Sentry and Sphere","floor":30,"turns":14},{"damage":67,"enemies":"Automaton","floor":33,"turns":12}],"seed_played":"-1269353263586329229","potions_obtained":[{"floor":1.0,"key":"Block Potion"},{"floor":6,"key":"Fire Potion"},{"floor":8,"key":"Poison Potion"},{"floor":16,"key":"Fire Potion"},{"floor":30,"key":"LiquidBronze"}],"is_trial":false,"path_per_floor":["M","M","$","M","M","E","R","E","T","R","M","?","?","?","R","B",null,"M","?","M","?","T","$","?","$","T","?","?","M","M","$","R","B"],"character_chosen":"DEFECT","items_purchased":["Cold Snap","Conserve Battery","Conserve Battery","Darkness","Cold Snap"],"campfire_rested":3,"item_purchase_floors":[3,3,23,25,25],"current_hp_per_floor":[82,81,81,80,80,45,69,48,48,48,49,42,42,31,55,53,82,82,82,45,45,45,45,45,45,45,45,45,33,30,30,54,0],"gold":173,"neow_bonus":"TEN_PERCENT_HP_BONUS","is_prod":false,"is_daily":false,"chose_seed":false,"campfire_upgraded":1,"win_rate":0,"timestamp":1546186896,"path_taken":["M","M","$","M","?","E","R","E","T","R","M","?","?","?","R","BOSS","M","?","M","?","?","?","?","$","T","?","?","M","M","$","R","BOSS"],"build_version":"2018-12-20","purchased_purges":1,"victory":false,"max_hp_per_floor":[82,82,82,82,82,82,82,82,82,82,82,82,82,82,82,82,82,82,82,82,82,82,82,82,82,82,82,82,82,82,82,82,82],"card_choices":[{"not_picked":["Sunder","Compile Driver"],"picked":"Loop","floor":1.0},{"not_picked":["Go for the Eyes","Lockon"],"picked":"Capacitor","floor":2.0},{"not_picked":["Aggregate","Rebound"],"picked":"Glacier","floor":4.0},{"not_picked":["Leap","Compile Driver"],"picked":"Capacitor","floor":5.0},{"not_picked":["Biased Cognition","Hologram","Aggregate"],"picked":"SKIP","floor":6},{"not_picked":["White Noise","Stack","Force Field"],"picked":"SKIP","floor":8},{"not_picked":["White Noise","Rip and Tear"],"picked":"Glacier","floor":11},{"not_picked":["Seek","Thunder Strike"],"picked":"Fission","floor":16},{"not_picked":["Reprogram","Sweeping Beam","Steam"],"picked":"SKIP","floor":18},{"not_picked":["Beam Cell","Leap"],"picked":"Cold Snap","floor":20},{"not_picked":["Hologram","Reprogram"],"picked":"Cold Snap","floor":29},{"not_picked":["Sweeping Beam","Steam+1","All For One"],"picked":"SKIP","floor":30}],"player_experience":361371,"relics_obtained":[{"floor":6,"key":"Anchor"},{"floor":8,"key":"Bag of Marbles"},{"floor":9,"key":"Blood Vial"},{"floor":22,"key":"Gremlin Horn"},{"floor":26,"key":"Omamori"}],"event_choices":[{"cards_removed":["Defend_B"],"damage_healed":0,"gold_gain":0,"player_choice":"Card Removal","damage_taken":7,"max_hp_gain":0,"max_hp_loss":0,"event_name":"Golden Wing","floor":12,"gold_loss":0},{"damage_healed":0,"gold_gain":0,"player_choice":"Ignored","damage_taken":0,"max_hp_gain":0,"max_hp_loss":0,"event_name":"Liars Game","floor":13,"gold_loss":0},{"damage_healed":0,"gold_gain":75,"player_choice":"Gather Gold","damage_taken":11,"max_hp_gain":0,"max_hp_loss":0,"event_name":"World of Goop","floor":14,"gold_loss":0},{"damage_healed":0,"gold_gain":0,"player_choice":"Read","damage_taken":0,"max_hp_gain":0,"max_hp_loss":0,"event_name":"The Library","floor":19,"gold_loss":0,"cards_obtained":["Doom and Gloom"]},{"damage_healed":0,"gold_gain":99,"player_choice":"Stole From Cult","damage_taken":0,"max_hp_gain":0,"max_hp_loss":0,"event_name":"Nest","floor":21,"gold_loss":0},{"damage_healed":0,"gold_gain":0,"player_choice":"Ignored","damage_taken":0,"max_hp_gain":0,"max_hp_loss":0,"event_name":"Ghosts","floor":24,"gold_loss":0},{"cards_removed":["Strike_B"],"damage_healed":0,"gold_gain":0,"player_choice":"Elegance","damage_taken":0,"max_hp_gain":0,"max_hp_loss":0,"event_name":"Back to Basics","floor":27,"gold_loss":0},{"damage_healed":0,"gold_gain":0,"player_choice":"Stole Relic","damage_taken":0,"relics_obtained":["Darkstone Periapt"],"max_hp_gain":0,"max_hp_loss":0,"event_name":"Addict","floor":28,"gold_loss":0,"cards_obtained":["Shame"]}],"is_beta":false,"boss_relics":[{"not_picked":["Inserter","Coffee Dripper"],"picked":"Empty Cage"}],"items_purged_floors":[23],"is_endless":false,"potions_floor_spawned":[1,6,8,16,30],"killed_by":"Automaton","ascension_level":0}