{"gold_per_floor":[109,128,141,161,161,161,194,214,238,238,413,446,466,311,311,311],"floor_reached":16,"playtime":670,"items_purged":["Strike_R"],"score":123,"play_id":"b2e81b0a-d8f4-4b9a-8113-4770b26de590","local_time":"20190307210834","is_ascension_mode":true,"campfire_choices":[{"data":"Flame Barrier","floor":6,"key":"SMITH"},{"data":"Clothesline","floor":10,"key":"SMITH"},{"data":"Body Slam","floor":15,"key":"SMITH"}],"neow_cost":"NONE","seed_source_timestamp":1989247081951219,"circlet_count":0,"master_deck":["Strike_R","Strike_R","Strike_R","Defend_R","Defend_R","Defend_R","Defend_R","Bash","Flame Barrier+1","Ghostly Armor","Ghostly Armor","Clothesline+1","Armaments","Carnage","Doubt","Metallicize","Body Slam+1","Shockwave"],"special_seed":0,"relics":["Burning Blood","Torii","Bag of Marbles","Anchor"],"potions_floor_usage":[3,7],"damage_taken":[{"damage":20.0,"enemies":"Small Slimes","floor":1.0,"turns":4.0},{"damage":6.0,"enemies":"2 Louse","floor":2.0,"turns":4.0},{"damage":5,"enemies":"Cultist","floor":3,"turns":4},{"damage":14,"enemies":"Looter","floor":4,"turns":5},{"damage":36,"enemies":"3 Sentries","floor":7,"turns":12},{"damage":0,"enemies":"Red Slaver","floor":8,"turns":5},{"damage":21,"enemies":"Lagavulin","floor":12,"turns":10},{"damage":1,"enemies":"Large Slime","floor":13,"turns":5},{"damage":33,"enemies":"The Guardian","floor":16,"turns":9}],"seed_played":"7844665550863857147","potions_obtained":[{"floor":1.0,"key":"Dexterity Potion"},{"floor":2.0,"key":"GamblersBrew"},{"floor":4,"key":"Swift Potion"},{"floor":13,"key":"Energy Potion"}],"is_trial":false,"path_per_floor":["M","M","M","M","?","R","E","M","T","R","?","E","M","$","R","B"],"character_chosen":"IRONCLAD","items_purchased":["Shockwave"],"campfire_rested":0,"item_purchase_floors":[14],"current_hp_per_floor":[74,74,75,67,67,67,37,43,43,43,43,28,33,33,33,0],"gold":311,"neow_bonus":"TEN_PERCENT_HP_BONUS","is_prod":false,"is_daily":false,"chose_seed":false,"campfire_upgraded":3,"win_rate":0,"timestamp":1552010914,"path_taken":["M","M","M","M","?","R","E","M","T","R","?","E","M","$","R","BOSS"],"build_version":"2019-01-23","purchased_purges":1,"victory":false,"max_hp_per_floor":[88,88,88,88,88,88,88,88,88,88,88,88,88,88,88,88],"card_choices":[{"not_picked":["True Grit","Wild Strike"],"picked":"Flame Barrier","floor":1.0},{"not_picked":["Intimidate","Shrug It Off"],"picked":"Ghostly Armor","floor":2.0},{"not_picked":["Shockwave","Flex"],"picked":"Ghostly Armor","floor":3},{"not_picked":["Cleave","Pommel Strike"],"picked":"Clothesline","floor":4},{"not_picked":["Pommel Strike","Infernal Blade"],"picked":"Armaments","floor":7},{"not_picked":["Anger","True Grit"],"picked":"Carnage","floor":8},{"not_picked":["Intimidate","Ghostly Armor"],"picked":"Metallicize","floor":12},{"not_picked":["Rupture","Sentinel"],"picked":"Body Slam","floor":13}],"player_experience":513994,"relics_obtained":[{"floor":7,"key":"Torii"},{"floor":9,"key":"Bag of Marbles"},{"floor":12,"key":"Anchor"}],"event_choices":[{"cards_removed":["Strike_R"],"damage_healed":0,"gold_gain":0,"player_choice":"Forget","damage_taken":0,"max_hp_gain":0,"max_hp_loss":0,"event_name":"Living Wall","floor":5,"gold_loss":0},{"damage_healed":0,"gold_gain":175,"player_choice":"AGREE","damage_taken":0,"max_hp_gain":0,"max_hp_loss":0,"event_name":"Liars Game","floor":11,"gold_loss":0,"cards_obtained":["Doubt"]}],"is_beta":false,"boss_relics":[],"items_purged_floors":[14],"is_endless":false,"potions_floor_spawned":[1,2,4,13],"killed_by":"The Guardian","ascension_level":2}