{"gold_per_floor":[212,47,47,61,61,61,136,136,136,136,151,184,184,204,204,204],"floor_reached":16,"playtime":449,"items_purged":[],"score":196,"play_id":"063cdda2-71df-4a4f-89d1-2dbde880bb3a","local_time":"20181120235510","is_ascension_mode":true,"campfire_choices":[{"data":"Neutralize","floor":6.0,"key":"SMITH"},{"floor":8.0,"key":"REST"},{"floor":15,"key":"REST"}],"neow_cost":"NONE","seed_source_timestamp":134044888031978,"circlet_count":0,"master_deck":["AscendersBane","Defend_G","Defend_G","Defend_G","Defend_G","Defend_G","Strike_G","Strike_G","Strike_G","Strike_G","Strike_G","Survivor","Neutralize+1","Well Laid Plans","Decay","Backflip","Caltrops","Terror"],"special_seed":0,"relics":["Ring of the Snake","Potion Belt","Torii","Nunchaku","CultistMask"],"potions_floor_usage":[12],"damage_taken":[{"damage":13.0,"enemies":"Small Slimes","floor":1.0,"turns":6.0},{"damage":12.0,"enemies":"Cultist","floor":4.0,"turns":6.0},{"damage":1.0,"enemies":"2 Louse","floor":11.0,"turns":3.0},{"damage":32,"enemies":"3 Sentries","floor":12,"turns":13},{"damage":0,"enemies":"Exordium Wildlife","floor":14,"turns":3},{"damage":28,"enemies":"Hexaghost","floor":16,"turns":9}],"seed_played":"6380365307625512084","potions_obtained":[{"floor":1.0,"key":"Block Potion"},{"floor":14,"key":"GamblersBrew"}],"is_trial":false,"path_per_floor":["M","$","?","M","$","R","?","R","T","?","M","E","?","M","R","B"],"character_chosen":"THE_SILENT","items_purchased":["Potion Belt"],"campfire_rested":2,"item_purchase_floors":[2],"current_hp_per_floor":[46,46,46,34,34,34,23,42,42,42,41,9,9,9,28,0],"gold":204,"neow_bonus":"HUNDRED_GOLD","is_prod":false,"is_daily":false,"chose_seed":false,"campfire_upgraded":1,"win_rate":0,"timestamp":1542786910,"path_taken":["M","$","?","M","?","R","?","R","T","?","?","E","?","M","R","BOSS"],"build_version":"2018-11-15","purchased_purges":0,"victory":false,"max_hp_per_floor":[66,66,66,66,66,66,66,66,66,66,66,66,66,66,66,66],"card_choices":[{"not_picked":["Poisoned Stab","Deadly Poison"],"picked":"Well Laid Plans","floor":1.0},{"not_picked":["PiercingWail","Escape Plan"],"picked":"Backflip","floor":4.0},{"not_picked":["Reflex","Sucker Punch"],"picked":"Caltrops","floor":11.0},{"not_picked":["Sucker Punch","Poisoned Stab"],"picked":"Terror","floor":12},{"not_picked":["Dagger Throw","Deflect","Underhanded Strike"],"picked":"SKIP","floor":14}],"player_experience":664532,"relics_obtained":[{"floor":9.0,"key":"Torii"},{"floor":12,"key":"Nunchaku"}],"event_choices":[{"damage_healed":0.0,"max_hp_gain":0.0,"max_hp_loss":0.0,"gold_gain":0.0,"event_name":"Wheel of Change","player_choice":"Cursed","floor":3.0,"gold_loss":0.0,"damage_taken":0.0,"cards_obtained":["Decay"]},{"damage_healed":0.0,"max_hp_gain":0.0,"max_hp_loss":0.0,"gold_gain":75.0,"event_name":"World of Goop","player_choice":"Gather Gold","floor":7.0,"gold_loss":0.0,"damage_taken":11.0},{"damage_healed":0.0,"max_hp_gain":0.0,"max_hp_loss":0.0,"gold_gain":0.0,"event_name":"Liars Game","player_choice":"Ignored","floor":10.0,"gold_loss":0.0,"damage_taken":0.0},{"damage_healed":0,"gold_gain":0,"player_choice":"Trade","damage_taken":0,"relics_obtained":["CultistMask"],"max_hp_gain":0,"max_hp_loss":0,"event_name":"FaceTrader","floor":13,"gold_loss":0}],"is_beta":false,"boss_relics":[],"items_purged_floors":[],"is_endless":false,"potions_floor_spawned":[1,14],"killed_by":"Hexaghost","ascension_level":20}