{"gold_per_floor":[15,15,30,42,54,54,112,112,136,162,172,172,182,182],"floor_reached":14,"playtime":534,"items_purged":[],"score":153,"play_id":"a1fd1771-a43b-4c40-9da8-b06f83417bd2","local_time":"20180630192452","is_ascension_mode":true,"campfire_choices":[{"data":"Zap","floor":6,"key":"SMITH"},{"floor":8,"key":"REST"},{"data":"Defragment","floor":12,"key":"SMITH"}],"neow_cost":"NO_GOLD","seed_source_timestamp":803066966969621,"circlet_count":0,"master_deck":["Strike_B","Strike_B","Strike_B","Defend_B","Defend_B","Defend_B","Zap+1","Dualcast","AscendersBane","Ball Lightning","Cold Snap","Defragment+1","Go for the Eyes","Reinforced Body"],"relics":["Cracked Core","Tiny Chest","Bag of Preparation","Happy Flower"],"potions_floor_usage":[10],"damage_taken":[{"damage":1,"enemies":"Cultist","floor":1,"turns":3},{"damage":7,"enemies":"Jaw Worm","floor":3,"turns":3},{"damage":0,"enemies":"Small Slimes","floor":4,"turns":3},{"damage":8,"enemies":"Exordium Thugs","floor":5,"turns":4},{"damage":36,"enemies":"Gremlin Nob","floor":7,"turns":4},{"damage":11,"enemies":"Lagavulin","floor":10,"turns":5},{"damage":13,"enemies":"Exordium Wildlife","floor":11,"turns":3},{"damage":0,"enemies":"Large Slime","floor":13,"turns":3},{"damage":15,"enemies":"Gremlin Nob","floor":14,"turns":3}],"seed_played":"1206269635799299911","potions_obtained":[{"floor":1,"key":"LiquidBronze"},{"floor":5,"key":"GamblersBrew"},{"floor":10,"key":"FearPotion"},{"floor":11,"key":"Ancient Potion"}],"is_trial":false,"path_per_floor":["M","$","M","M","M","R","E","R","T","E","M","R","M"],"character_chosen":"DEFECT","items_purchased":[],"campfire_rested":1,"item_purchase_floors":[],"current_hp_per_floor":[67,67,60,60,52,52,16,38,38,27,14,14,14,0],"gold":182,"neow_bonus":"REMOVE_TWO","is_prod":false,"is_daily":false,"chose_seed":false,"campfire_upgraded":2,"win_rate":0,"timestamp":1530354292,"path_taken":["M","$","M","?","M","R","E","R","T","E","M","R","M","?"],"build_version":"2018-06-28","purchased_purges":0,"victory":false,"max_hp_per_floor":[75,75,75,75,75,75,75,75,75,75,75,75,75,75],"card_choices":[{"not_picked":["Recycle","Sweeping Beam","Aggregate"],"picked":"SKIP","floor":1},{"not_picked":["Compile Driver","Barrage"],"picked":"Ball Lightning","floor":3},{"not_picked":["Leap","Hologram"],"picked":"Cold Snap","floor":4},{"not_picked":["Tempest","Stack","Barrage"],"picked":"SKIP","floor":5},{"not_picked":["Rebound","Melter","Redo"],"picked":"SKIP","floor":7},{"not_picked":["Seek","Ball Lightning"],"picked":"Defragment","floor":10},{"not_picked":["Steam","Genetic Algorithm"],"picked":"Go for the Eyes","floor":11},{"not_picked":["Go for the Eyes","Beam Cell"],"picked":"Reinforced Body","floor":13}],"player_experience":530055,"relics_obtained":[{"floor":7,"key":"Tiny Chest"},{"floor":9,"key":"Bag of Preparation"},{"floor":10,"key":"Happy Flower"}],"event_choices":[{"event_name":"Dead Adventurer","player_choice":"Searched \u00272\u0027 times","floor":14,"damage_taken":0}],"boss_relics":[],"items_purged_floors":[],"is_endless":false,"potions_floor_spawned":[1,5,10,11],"killed_by":"Gremlin Nob","ascension_level":10}