{"gold_per_floor":[116,136,153,173,185,217,217,229,300,314,348,348,348,360,360,360],"floor_reached":16,"playtime":1476,"items_purged":[],"score":116,"play_id":"3be34467-dbb5-433f-8f49-f500a24c256d","local_time":"20190305210451","is_ascension_mode":false,"campfire_choices":[{"data":"Heavy Blade","floor":7,"key":"SMITH"},{"floor":13,"key":"REST"},{"floor":15,"key":"REST"}],"neow_cost":"NONE","seed_source_timestamp":102139641936026,"circlet_count":0,"master_deck":["Strike_R","Strike_R","Strike_R","Strike_R","Strike_R","Defend_R","Defend_R","Defend_R","Defend_R","Bash+1","Heavy Blade+1","Burning Pact","Flex","Flex","Iron Wave","Intimidate","Pommel Strike","Rage","Thunderclap","Cleave"],"relics":["Burning Blood","Happy Flower","Letter Opener","Du-Vu Doll"],"potions_floor_usage":[],"damage_taken":[{"damage":8,"enemies":"2 Louse","floor":1,"turns":3},{"damage":1,"enemies":"Cultist","floor":2,"turns":4},{"damage":5,"enemies":"Small Slimes","floor":3,"turns":3},{"damage":17,"enemies":"Exordium Thugs","floor":4,"turns":5},{"damage":5,"enemies":"Looter","floor":5,"turns":2},{"damage":8,"enemies":"Gremlin Nob","floor":6,"turns":3},{"damage":4,"enemies":"Exordium Wildlife","floor":8,"turns":4},{"damage":8,"enemies":"Red Slaver","floor":10,"turns":2},{"damage":36,"enemies":"Lagavulin","floor":11,"turns":6},{"damage":6,"enemies":"Exordium Thugs","floor":14,"turns":4},{"damage":80,"enemies":"Hexaghost","floor":16,"turns":9}],"seed_played":"2757730733516617763","potions_obtained":[{"floor":2,"key":"GamblersBrew"},{"floor":4,"key":"Poison Potion"},{"floor":5,"key":"Ancient Potion"},{"floor":8,"key":"LiquidBronze"}],"is_trial":false,"path_per_floor":["?"],"character_chosen":"IRONCLAD","items_purchased":[],"campfire_rested":2,"item_purchase_floors":[],"current_hp_per_floor":[78,80,80,69,70,68,68,70,70,68,38,38,62,62,80,0],"gold":360,"neow_bonus":"UPGRADE_CARD","is_prod":false,"is_daily":false,"chose_seed":false,"campfire_upgraded":1,"win_rate":0.0,"timestamp":1551816291,"path_taken":["M","M","M","M","M","E","R","M","T","M","E","?","R","M","R","BOSS"],"build_version":"2019-01-23","purchased_purges":0,"victory":false,"max_hp_per_floor":[80,80,80,80,80,80,80,80,80,80,80,80,80,80,80,80],"card_choices":[{"not_picked":["Warcry","Thunderclap"],"picked":"Heavy Blade","floor":1},{"not_picked":["Power Through","Warcry"],"picked":"Burning Pact","floor":2},{"not_picked":["Armaments","Demon Form"],"picked":"Flex","floor":3},{"not_picked":["Carnage","Cleave"],"picked":"Flex","floor":4},{"not_picked":["Clash","Metallicize"],"picked":"Iron Wave","floor":5},{"not_picked":["Blood for Blood","Iron Wave"],"picked":"Intimidate","floor":6},{"not_picked":["Ghostly Armor","Burning Pact"],"picked":"Pommel Strike","floor":8},{"not_picked":["True Grit","Twin Strike"],"picked":"Rage","floor":10},{"not_picked":["Blood for Blood","Corruption"],"picked":"Thunderclap","floor":11},{"not_picked":["Ghostly Armor","Clothesline"],"picked":"Cleave","floor":14}],"player_experience":40956,"relics_obtained":[{"floor":6,"key":"Happy Flower"},{"floor":9,"key":"Letter Opener"},{"floor":11,"key":"Du-Vu Doll"}],"event_choices":[{"damage_healed":0,"gold_gain":0,"player_choice":"Bought 0 Potions","damage_taken":0,"max_hp_gain":0,"max_hp_loss":0,"event_name":"The Woman in Blue","floor":12,"gold_loss":0}],"is_beta":false,"boss_relics":[],"items_purged_floors":[],"is_endless":false,"potions_floor_spawned":[2,4,5,8],"killed_by":"Hexaghost","ascension_level":0}