{"gold_per_floor":[15,190,208,53,69,103,120,148,201,221,221,221,246,256,256,356,386,396,10,24,24,44,44,44,44,120,120],"floor_reached":27,"playtime":1479,"items_purged":["Doubt","Normality"],"score":305,"play_id":"d14381c3-06a7-45c6-be77-6a4c7425ffe6","local_time":"20181108201426","is_ascension_mode":true,"campfire_choices":[{"data":"Blood for Blood","floor":11,"key":"SMITH"},{"data":"Evolve","floor":15,"key":"SMITH"},{"data":"Barricade","floor":23,"key":"SMITH"},{"floor":25,"key":"REST"}],"neow_cost":"NO_GOLD","seed_source_timestamp":12425591769249,"circlet_count":0,"master_deck":["Strike_R+1","Strike_R","Strike_R","Strike_R","Defend_R","Defend_R","Defend_R","Defend_R","Bash","Metallicize","Body Slam","Evolve+1","Blood for Blood+1","Impervious","Thunderclap","Reaper","Blood for Blood+1","Cleave","Evolve","Barricade+1","Normality","Normality","Cleave+1","Rupture+1","Armaments","Pommel Strike","Rupture+1"],"relics":["Burning Blood","Incense Burner","Letter Opener","Darkstone Periapt","Whetstone","Ancient Tea Set","Calling Bell","Tiny Chest","Frozen Egg 2","Thread and Needle","Art of War","Blue Candle","Molten Egg 2"],"potions_floor_usage":[6,6,16],"damage_taken":[{"damage":2,"enemies":"2 Louse","floor":1,"turns":4},{"damage":17,"enemies":"Small Slimes","floor":3,"turns":6},{"damage":0,"enemies":"Cultist","floor":5,"turns":3},{"damage":28,"enemies":"3 Sentries","floor":6,"turns":10},{"damage":6,"enemies":"Looter","floor":7,"turns":4},{"damage":25,"enemies":"Lagavulin","floor":8,"turns":8},{"damage":3,"enemies":"2 Fungi Beasts","floor":10,"turns":4},{"damage":9,"enemies":"Gremlin Nob","floor":13,"turns":6},{"damage":15,"enemies":"Gremlin Gang","floor":14,"turns":3},{"damage":34,"enemies":"The Guardian","floor":16,"turns":15},{"damage":0,"enemies":"Spheric Guardian","floor":18,"turns":12},{"damage":46,"enemies":"3 Byrds","floor":20,"turns":8},{"damage":36,"enemies":"Centurion and Healer","floor":22,"turns":8},{"damage":62,"enemies":"Gremlin Leader","floor":27,"turns":7}],"seed_played":"4495088256782986958","potions_obtained":[{"floor":1,"key":"SpeedPotion"},{"floor":3,"key":"GamblersBrew"},{"floor":7,"key":"Ancient Potion"},{"floor":13,"key":"GamblersBrew"},{"floor":22,"key":"Poison Potion"}],"is_trial":false,"path_per_floor":["M","?","M","$","M","E","M","E","T","M","R","?","E","M","R","B",null,"M","$","M","?","M","R","?","R","T","E"],"character_chosen":"IRONCLAD","items_purchased":["Evolve","Art of War","Rupture+1","Armaments"],"campfire_rested":1,"item_purchase_floors":[4,19,19,19],"current_hp_per_floor":[80,80,69,69,75,53,53,34,34,47,47,47,50,45,45,21,98,98,98,58,38,18,18,18,48,48,0],"gold":120,"neow_bonus":"ONE_RARE_RELIC","is_prod":false,"is_daily":false,"chose_seed":false,"campfire_upgraded":3,"win_rate":0,"timestamp":1541736866,"path_taken":["M","?","M","$","M","E","M","E","T","M","R","?","E","M","R","BOSS","M","$","?","?","M","R","?","R","T","E"],"build_version":"2018-11-08","purchased_purges":2,"victory":false,"max_hp_per_floor":[80,80,80,80,80,80,80,80,80,80,80,80,80,80,80,80,98,98,98,98,103,103,103,103,103,103,103],"card_choices":[{"not_picked":["Flex","Heavy Blade"],"picked":"Metallicize","floor":1},{"not_picked":["True Grit","Reckless Charge"],"picked":"Body Slam","floor":3},{"not_picked":["Dual Wield","Heavy Blade"],"picked":"Blood for Blood","floor":5},{"not_picked":["Havoc","Hemokinesis"],"picked":"Impervious","floor":6},{"not_picked":["Intimidate","Heavy Blade"],"picked":"Thunderclap","floor":7},{"not_picked":["Sword Boomerang","Sentinel"],"picked":"Reaper","floor":8},{"not_picked":["Pommel Strike","Bloodletting"],"picked":"Blood for Blood","floor":10},{"not_picked":["Burning Pact","Carnage"],"picked":"Cleave","floor":13},{"not_picked":["Thunderclap","Searing Blow"],"picked":"Evolve","floor":14},{"not_picked":["Brutality","Reaper"],"picked":"Barricade","floor":16},{"not_picked":["Headbutt","Dual Wield"],"picked":"Cleave+1","floor":18},{"not_picked":["Shrug It Off","Cleave"],"picked":"Pommel Strike","floor":20},{"not_picked":["Perfected Strike","Thunderclap"],"picked":"Rupture+1","floor":22}],"player_experience":371975,"relics_obtained":[{"floor":6,"key":"Letter Opener"},{"floor":8,"key":"Darkstone Periapt"},{"floor":9,"key":"Whetstone"},{"floor":13,"key":"Ancient Tea Set"},{"floor":17,"key":"Tiny Chest"},{"floor":17,"key":"Frozen Egg 2"},{"floor":17,"key":"Thread and Needle"},{"floor":26,"key":"Molten Egg 2"}],"event_choices":[{"damage_healed":0,"gold_gain":175,"player_choice":"AGREE","damage_taken":0,"max_hp_gain":0,"max_hp_loss":0,"event_name":"Liars Game","floor":2,"gold_loss":0,"cards_obtained":["Doubt"]},{"cards_removed":["Strike_R"],"damage_healed":0,"gold_gain":0,"player_choice":"Offered Basic","damage_taken":0,"max_hp_gain":0,"max_hp_loss":0,"event_name":"Bonfire Elementals","floor":12,"gold_loss":0},{"damage_healed":0,"gold_gain":0,"player_choice":"Shed Blood","damage_taken":25,"max_hp_gain":5,"max_hp_loss":0,"event_name":"Forgotten Altar","floor":21,"gold_loss":0},{"damage_healed":0,"gold_gain":0,"player_choice":"Opened","damage_taken":0,"relics_obtained":["Blue Candle"],"max_hp_gain":0,"max_hp_loss":0,"event_name":"The Mausoleum","floor":24,"gold_loss":0}],"is_beta":false,"boss_relics":[{"not_picked":["Busted Crown","Pandora\u0027s Box"],"picked":"Calling Bell"}],"items_purged_floors":[4,19],"is_endless":false,"potions_floor_spawned":[1,3,7,13,22],"killed_by":"Gremlin Leader","ascension_level":4}