{"gold_per_floor":[20,38,53,28,43,70,87,87,144,144,157,232,232,251,251,349,349,364,375,394,38,38,38,71,71,119,138,156,173,173,184,184,282,282,297,297,307,128,148,148,174,174,174,174,191,206,14,31,31,31],"floor_reached":51,"playtime":2730,"items_purged":["Strike_B","Strike_B","Strike_B"],"score":680,"play_id":"ba4013d5-ecfd-46ec-a672-1f16ea2bde54","local_time":"20180821160747","is_ascension_mode":false,"campfire_choices":[{"floor":8,"key":"REST"},{"data":"Defragment","floor":10,"key":"SMITH"},{"floor":15,"key":"REST"},{"data":"Conserve Battery","floor":23,"key":"SMITH"},{"floor":25,"key":"REST"},{"data":"Double Energy","floor":32,"key":"SMITH"},{"floor":40,"key":"REST"},{"data":"Biased Cognition","floor":42,"key":"SMITH"},{"data":"Capacitor","floor":49,"key":"SMITH"}],"neow_cost":"NO_GOLD","seed_source_timestamp":72884633225134,"circlet_count":0,"master_deck":["Defend_B","Defend_B","Defend_B","Defend_B","Zap","Dualcast+1","Echo Form","BootSequence","Glacier+1","Steam","Defragment+1","Hello World","Machine Learning","Undo","Conserve Battery+1","Electrodynamics","Leap+1","Storm+1","Storm","BootSequence","Double Energy+1","Heatsinks","Glacier","Biased Cognition+1","Capacitor+1","Loop","Self Repair","Self Repair","Barrage","Loop","Steam Power+1"],"relics":["Cracked Core","Blue Candle","Tiny Chest","Dream Catcher","Sozu","Runic Capacitor","War Paint","Bag of Preparation","White Beast Statue","StoneCalendar","Oddly Smooth Stone","Meat on the Bone","Cables"],"potions_floor_usage":[20,24,50],"damage_taken":[{"damage":13,"enemies":"Jaw Worm","floor":1,"turns":3},{"damage":6,"enemies":"Small Slimes","floor":2,"turns":3},{"damage":0,"enemies":"2 Louse","floor":3,"turns":2},{"damage":0,"enemies":"Looter","floor":5,"turns":3},{"damage":25,"enemies":"3 Sentries","floor":6,"turns":10},{"damage":2,"enemies":"Exordium Wildlife","floor":7,"turns":6},{"damage":4,"enemies":"Blue Slaver","floor":11,"turns":5},{"damage":6,"enemies":"Large Slime","floor":14,"turns":4},{"damage":17,"enemies":"Hexaghost","floor":16,"turns":13},{"damage":13,"enemies":"2 Thieves","floor":18,"turns":4},{"damage":0,"enemies":"Chosen","floor":19,"turns":5},{"damage":8,"enemies":"Snake Plant","floor":20,"turns":4},{"damage":27,"enemies":"Gremlin Leader","floor":24,"turns":5},{"damage":1,"enemies":"Centurion and Healer","floor":27,"turns":4},{"damage":0,"enemies":"Cultist and Chosen","floor":28,"turns":3},{"damage":1,"enemies":"Snecko","floor":29,"turns":5},{"damage":1,"enemies":"Chosen and Byrds","floor":31,"turns":4},{"damage":18,"enemies":"Automaton","floor":33,"turns":6},{"damage":17,"enemies":"3 Darklings","floor":35,"turns":4},{"damage":9,"floor":36,"turns":4},{"damage":5,"enemies":"Orb Walker","floor":37,"turns":3},{"damage":4,"enemies":"3 Darklings","floor":39,"turns":3},{"damage":6,"enemies":"Giant Head","floor":41,"turns":7},{"damage":11,"enemies":"Sphere and 2 Shapes","floor":45,"turns":4},{"damage":0,"enemies":"4 Shapes","floor":46,"turns":2},{"damage":2,"enemies":"Maw","floor":48,"turns":5},{"damage":34,"enemies":"Donu and Deca","floor":50,"turns":7}],"seed_played":"4784734376741461000","potions_obtained":[{"floor":2,"key":"Swift Potion"},{"floor":7,"key":"Explosive Potion"},{"floor":16,"key":"Weak Potion"}],"is_trial":false,"path_per_floor":["M","M","M","$","M","E","M","R","T","R","M","?","?","M","R","B",null,"M","M","M","$","?","R","E","R","T","M","M","M","?","M","R","B",null,"M","?","M","$","M","R","E","R","T","T","M","M","$","M","R","B"],"character_chosen":"DEFECT","items_purchased":["Steam","Storm","Runic Capacitor","Self Repair","Loop"],"campfire_rested":4,"item_purchase_floors":[4,21,21,38,47],"current_hp_per_floor":[62,56,56,56,56,31,29,51,51,51,47,36,24,18,40,23,75,62,62,54,54,54,54,27,49,49,48,48,47,47,46,46,28,75,58,49,44,44,47,69,75,75,75,75,75,75,75,75,75,55],"gold":31,"neow_bonus":"THREE_RARE_CARDS","is_prod":false,"is_daily":false,"chose_seed":false,"campfire_upgraded":5,"win_rate":0,"timestamp":1534882067,"path_taken":["M","M","M","$","M","E","M","R","T","R","M","?","?","M","R","BOSS","M","M","M","$","?","R","E","R","T","?","M","M","?","M","R","BOSS","M","?","?","$","M","R","E","R","T","?","M","M","$","M","R","BOSS"],"build_version":"2018-08-16","purchased_purges":3,"victory":true,"max_hp_per_floor":[75,75,75,75,75,75,75,75,75,75,75,75,75,75,75,75,75,75,75,75,75,75,75,75,75,75,75,75,75,75,75,75,75,75,75,75,75,75,75,75,75,75,75,75,75,75,75,75,75,75],"card_choices":[{"not_picked":["Seek","Thunder Strike"],"picked":"Echo Form","floor":0},{"not_picked":["Cold Snap","Lockon","Go for the Eyes"],"picked":"SKIP","floor":1},{"not_picked":["Stack","Melter"],"picked":"BootSequence","floor":2},{"not_picked":["Streamline","Cold Snap"],"picked":"Glacier","floor":3},{"not_picked":["Static Discharge","Conserve Battery"],"picked":"Defragment","floor":5},{"not_picked":["Doom and Gloom","Sweeping Beam"],"picked":"Hello World","floor":6},{"not_picked":["Gash","Beam Cell","Chaos"],"picked":"SKIP","floor":7},{"not_picked":["Turbo","Gash"],"picked":"Machine Learning","floor":11},{"not_picked":["Skim","Streamline"],"picked":"Undo","floor":14},{"not_picked":["Beam Cell","Tempest"],"picked":"Conserve Battery","floor":15},{"not_picked":["Multi-Cast","Fission"],"picked":"Electrodynamics","floor":16},{"not_picked":["Redo","Steam"],"picked":"Leap+1","floor":18},{"not_picked":["Ball Lightning","Compile Driver"],"picked":"Storm+1","floor":19},{"not_picked":["Sunder","Barrage","Hologram"],"picked":"SKIP","floor":20},{"not_picked":["Chaos","Cold Snap","Lockon+1"],"picked":"SKIP","floor":24},{"not_picked":["Fusion","Barrage"],"picked":"BootSequence","floor":25},{"not_picked":["Stack+1","Darkness+1","Gash"],"picked":"SKIP","floor":27},{"not_picked":["Coolheaded+1","Meteor Strike"],"picked":"Double Energy","floor":28},{"not_picked":["Redo","Leap"],"picked":"Heatsinks","floor":29},{"not_picked":["Fusion","Ball Lightning+1"],"picked":"Glacier","floor":31},{"not_picked":["All For One","Core Surge"],"picked":"Biased Cognition","floor":33},{"not_picked":["Chaos","Undo+1"],"picked":"Capacitor","floor":35},{"not_picked":["Cold Snap+1","Auto Shields+1"],"picked":"Loop","floor":36},{"not_picked":["Barrage","Sweeping Beam+1","Leap"],"picked":"SKIP","floor":37},{"not_picked":["Redo+1","Melter","Compile Driver"],"picked":"SKIP","floor":39},{"not_picked":["Leap+1","Beam Cell+1"],"picked":"Self Repair","floor":41},{"not_picked":["Steam+1","Stack","Turbo"],"picked":"SKIP","floor":45},{"not_picked":["Redo+1","Sweeping Beam+1"],"picked":"Barrage","floor":46},{"not_picked":["Skim+1","Rip and Tear+1"],"picked":"Steam Power+1","floor":48}],"player_experience":121060,"relics_obtained":[{"floor":6,"key":"Blue Candle"},{"floor":9,"key":"Tiny Chest"},{"floor":24,"key":"War Paint"},{"floor":26,"key":"Bag of Preparation"},{"floor":36,"key":"StoneCalendar"},{"floor":41,"key":"Oddly Smooth Stone"},{"floor":43,"key":"Meat on the Bone"},{"floor":44,"key":"Cables"}],"event_choices":[{"event_name":"World of Goop","player_choice":"Gather Gold","floor":12,"damage_taken":0},{"event_name":"Scrap Ooze","player_choice":"success","floor":13,"damage_taken":12},{"event_name":"Cursed Tome","player_choice":"Ignored","floor":22,"damage_taken":0},{"event_name":"Back to Basics","player_choice":"Elegance","floor":30,"damage_taken":0},{"event_name":"MindBloom","player_choice":"Fight","floor":36,"damage_taken":0}],"is_beta":false,"boss_relics":[{"not_picked":["Inserter","Fusion Hammer"],"picked":"Sozu"},{"not_picked":["Snecko Eye","Runic Pyramid"],"picked":"White Beast Statue"}],"items_purged_floors":[21,38,47],"is_endless":false,"potions_floor_spawned":[2,7,16,18,20,27,35,36,37,39,41,45,46,48],"ascension_level":0}