{"gold_per_floor":[112,127,127,143,143,143,143,158,213,213,247,262,273,273,273,273],"floor_reached":16,"playtime":629,"items_purged":[],"score":102,"play_id":"757371d0-7291-410c-ace7-1173614d8eb7","local_time":"20190226171547","is_ascension_mode":false,"campfire_choices":[{"data":"Body Slam","floor":6,"key":"SMITH"},{"data":"Body Slam","floor":15,"key":"SMITH"}],"neow_cost":"NONE","seed_source_timestamp":1197738392154109,"circlet_count":0,"master_deck":["Strike_R","Strike_R","Strike_R","Strike_R","Strike_R+1","Defend_R","Defend_R","Defend_R","Defend_R","Body Slam+1","Armaments+1","Shrug It Off","Entrench","Body Slam+1","Corruption"],"relics":["Burning Blood","NeowsBlessing","Art of War","Centennial Puzzle","Lantern"],"potions_floor_usage":[13,16,16],"damage_taken":[{"damage":0,"enemies":"Jaw Worm","floor":1,"turns":1},{"damage":0,"enemies":"2 Louse","floor":2,"turns":2},{"damage":0,"enemies":"Cultist","floor":4,"turns":1},{"damage":7,"enemies":"Exordium Thugs","floor":8,"turns":4},{"damage":11,"enemies":"3 Sentries","floor":11,"turns":11},{"damage":0,"enemies":"Looter","floor":12,"turns":4},{"damage":0,"enemies":"2 Fungi Beasts","floor":13,"turns":3},{"damage":85,"enemies":"The Guardian","floor":16,"turns":16}],"seed_played":"3399182990885282712","potions_obtained":[{"floor":1,"key":"Regen Potion"},{"floor":8,"key":"SpeedPotion"},{"floor":12,"key":"Swift Potion"}],"is_trial":false,"path_per_floor":["M","M","?","M","?","R","?","M","T","T","E","M","M","$","R","B"],"character_chosen":"IRONCLAD","items_purchased":[],"campfire_rested":0,"item_purchase_floors":[],"current_hp_per_floor":[80,80,64,70,63,63,63,62,62,62,57,63,69,69,69,0],"gold":273,"neow_bonus":"THREE_ENEMY_KILL","is_prod":false,"is_daily":false,"chose_seed":false,"campfire_upgraded":2,"win_rate":0,"timestamp":1551219347,"path_taken":["M","M","?","M","?","R","?","?","T","?","E","M","M","$","R","BOSS"],"build_version":"2019-01-23","purchased_purges":0,"victory":false,"max_hp_per_floor":[80,80,80,80,80,80,80,80,80,80,80,80,80,80,80,80],"card_choices":[{"not_picked":["Wild Strike","Headbutt"],"picked":"Body Slam","floor":1},{"not_picked":["Perfected Strike","Infernal Blade"],"picked":"Armaments","floor":2},{"not_picked":["Fire Breathing","Metallicize","Combust"],"picked":"SKIP","floor":4},{"not_picked":["Headbutt","Sentinel"],"picked":"Shrug It Off","floor":8},{"not_picked":["Limit Break","Anger"],"picked":"Entrench","floor":11},{"not_picked":["Carnage","Thunderclap"],"picked":"Body Slam","floor":12},{"not_picked":["Armaments","Wild Strike"],"picked":"Corruption","floor":13}],"player_experience":488566,"relics_obtained":[{"floor":9,"key":"Art of War"},{"floor":10,"key":"Centennial Puzzle"},{"floor":11,"key":"Lantern"}],"event_choices":[{"damage_healed":0,"gold_gain":0,"player_choice":"Entered Light","damage_taken":16,"max_hp_gain":0,"max_hp_loss":0,"event_name":"Shining Light","floor":3,"gold_loss":0,"cards_upgraded":["Armaments","Strike_R"]},{"cards_removed":["Bash"],"damage_healed":0,"gold_gain":0,"player_choice":"Card Removal","damage_taken":7,"max_hp_gain":0,"max_hp_loss":0,"event_name":"Golden Wing","floor":5,"gold_loss":0},{"damage_healed":0,"gold_gain":0,"player_choice":"Ignored","damage_taken":0,"max_hp_gain":0,"max_hp_loss":0,"event_name":"NoteForYourself","floor":7,"gold_loss":0}],"is_beta":false,"boss_relics":[],"items_purged_floors":[],"is_endless":false,"potions_floor_spawned":[1,8,12],"killed_by":"The Guardian","ascension_level":0}