{"gold_per_floor":[112,123,123,73,73,73,2,18,18,94,109,143,17,27,27,27],"floor_reached":16,"playtime":1734,"items_purged":["Strike_R"],"score":100,"play_id":"6c63ae61-a919-4466-b167-d69777a6fae0","local_time":"20190305204628","is_ascension_mode":false,"campfire_choices":[{"floor":6.0,"key":"RECALL"},{"data":"Inflame","floor":15,"key":"SMITH"}],"neow_cost":"TEN_PERCENT_HP_LOSS","seed_source_timestamp":0,"circlet_count":0,"master_deck":["Strike_R","Strike_R","Strike_R","Defend_R","Defend_R","Defend_R","Defend_R","Bash","Dark Embrace","Thunderclap","Armaments","Inflame+1","Warcry","Flex","Double Tap","Flex","Thunderclap"],"special_seed":0,"relics":["Burning Blood","Nunchaku","Meat on the Bone","Bag of Marbles"],"potions_floor_usage":[14,16],"damage_taken":[{"damage":17.0,"enemies":"Small Slimes","floor":1.0,"turns":7.0},{"damage":6.0,"enemies":"2 Louse","floor":2.0,"turns":3.0},{"damage":4,"enemies":"Cultist","floor":8,"turns":4},{"damage":27,"enemies":"Exordium Thugs","floor":11,"turns":7},{"damage":36,"enemies":"Lagavulin","floor":12,"turns":6},{"damage":6,"enemies":"3 Louse","floor":14,"turns":3},{"damage":52,"enemies":"Slime Boss","floor":16,"turns":8}],"seed_played":"5967714307182381369","potions_obtained":[{"floor":8,"key":"Dexterity Potion"},{"floor":12,"key":"SkillPotion"}],"is_trial":false,"path_per_floor":["M","M","?","?","?","R","$","M","T","T","M","E","$","M","R","B"],"character_chosen":"IRONCLAD","items_purchased":["Inflame","Flex"],"campfire_rested":0,"item_purchase_floors":[7,13],"current_hp_per_floor":[61,61,61,61,61,61,61,63,63,63,54,36,36,48,48,0],"gold":27,"neow_bonus":"THREE_RARE_CARDS","is_prod":false,"is_daily":false,"chose_seed":false,"campfire_upgraded":1,"win_rate":0,"timestamp":1551786388,"path_taken":["M","M","?","?","?","R","$","?","T","?","M","E","$","M","R","BOSS"],"build_version":"2019-01-23","purchased_purges":1,"victory":false,"max_hp_per_floor":[72,72,72,72,72,72,72,72,72,72,72,72,72,72,72,72],"card_choices":[{"not_picked":["Immolate","Brutality"],"picked":"Dark Embrace","floor":0.0},{"not_picked":["Headbutt","Iron Wave"],"picked":"Thunderclap","floor":1.0},{"not_picked":["Anger","Iron Wave"],"picked":"Armaments","floor":2.0},{"not_picked":["Clothesline","Burning Pact"],"picked":"Warcry","floor":8},{"not_picked":["Perfected Strike","Pommel Strike"],"picked":"Flex","floor":11},{"not_picked":["Anger","Barricade"],"picked":"Double Tap","floor":12},{"not_picked":["Fire Breathing","Perfected Strike"],"picked":"Thunderclap","floor":14}],"player_experience":92914,"relics_obtained":[{"floor":10,"key":"Meat on the Bone"},{"floor":12,"key":"Bag of Marbles"}],"event_choices":[{"damage_healed":0.0,"max_hp_gain":0.0,"max_hp_loss":0.0,"gold_gain":0.0,"event_name":"Big Fish","player_choice":"Box","floor":3.0,"gold_loss":0.0,"damage_taken":0.0,"relics_obtained":["Nunchaku"],"cards_obtained":["Regret"]},{"cards_removed":["Regret"],"damage_healed":0.0,"max_hp_gain":0.0,"max_hp_loss":0.0,"gold_gain":0.0,"event_name":"The Cleric","player_choice":"Card Removal","floor":4.0,"gold_loss":50.0,"damage_taken":0.0},{"cards_removed":["Strike_R"],"damage_healed":0.0,"max_hp_gain":0.0,"max_hp_loss":0.0,"gold_gain":0.0,"event_name":"Bonfire Elementals","player_choice":"Offered Basic","floor":5.0,"gold_loss":0.0,"damage_taken":0.0}],"is_beta":false,"boss_relics":[],"items_purged_floors":[13],"is_endless":false,"potions_floor_spawned":[8,12],"killed_by":"Slime Boss","ascension_level":0}