{"gold_per_floor":[111,111,111,130,148,181,181,205,205,205,236,257,257,275,275,399,399,413,413,437,48,48,92,0,0,0,0,0,24,24,48,48,169,169,189,314,314,377,377,377,392,725,725,218,237,253,49,60,60,60],"floor_reached":51,"playtime":4072,"items_purged":[],"score":750,"play_id":"6557c12a-28af-4b34-b377-c93a7c0ea73a","local_time":"20190119195738","is_ascension_mode":false,"campfire_choices":[{"floor":7,"key":"RECALL"},{"floor":13,"key":"REST"},{"floor":15,"key":"REST"},{"floor":25,"key":"REST"},{"floor":28,"key":"REST"},{"floor":32,"key":"REST"},{"floor":40,"key":"REST"},{"floor":49,"key":"REST"}],"neow_cost":"NONE","seed_source_timestamp":933235937847654,"circlet_count":0,"master_deck":["Strike_R+1","Strike_R+1","Strike_R+1","Strike_R+1","Defend_R+1","Defend_R+1","Defend_R+1","Defend_R+1","Bash","Offering","Heavy Blade+1","Injury","Perfected Strike","Heavy Blade","Clothesline","Rampage","Shrug It Off","Uppercut","Thunderclap","Offering+1","Perfected Strike+1","Shrug It Off","Inflame","Cleave","Metallicize+1","True Grit+1","Reaper","Burning Pact","Flex","Dark Shackles","Pommel Strike","Thunderclap","Perfected Strike","Ghostly Armor","Metallicize","Clothesline+1","Shrug It Off"],"relics":["Black Blood","Self Forming Clay","Peace Pipe","Velvet Choker","CultistMask","Incense Burner","War Paint","Dead Branch","Torii","Mango","Darkstone Periapt","Vajra","Shuriken","Strawberry","Brimstone"],"potions_floor_usage":[16,16,33,35,38],"damage_taken":[{"damage":12,"enemies":"2 Louse","floor":1,"turns":3},{"damage":7,"enemies":"Small Slimes","floor":4,"turns":4},{"damage":1,"enemies":"Cultist","floor":5,"turns":3},{"damage":33,"enemies":"Gremlin Nob","floor":6,"turns":4},{"damage":8,"enemies":"Blue Slaver","floor":8,"turns":4},{"damage":31,"enemies":"Lagavulin","floor":11,"turns":6},{"damage":6,"enemies":"Red Slaver","floor":12,"turns":4},{"damage":19,"enemies":"Exordium Wildlife","floor":14,"turns":5},{"damage":36,"enemies":"Hexaghost","floor":16,"turns":11},{"damage":15,"enemies":"2 Thieves","floor":18,"turns":4},{"damage":15,"enemies":"Spheric Guardian","floor":20,"turns":4},{"damage":44,"enemies":"Gremlin Leader","floor":23,"turns":8},{"damage":24,"enemies":"Shelled Parasite and Fungi","floor":29,"turns":6},{"damage":9,"enemies":"Chosen and Byrds","floor":31,"turns":6},{"damage":62,"enemies":"Automaton","floor":33,"turns":14},{"damage":0,"enemies":"Orb Walker","floor":35,"turns":3},{"damage":43,"enemies":"Mind Bloom Boss Battle","floor":36,"turns":10},{"damage":50,"enemies":"2 Orb Walkers","floor":38,"turns":6},{"damage":2,"enemies":"3 Shapes","floor":41,"turns":6},{"damage":4,"enemies":"Jaw Worm Horde","floor":45,"turns":3},{"damage":32,"enemies":"Maw","floor":46,"turns":7},{"damage":23,"enemies":"3 Darklings","floor":48,"turns":4},{"damage":107,"enemies":"Awakened One","floor":50,"turns":10}],"seed_played":"4594931936146916469","potions_obtained":[{"floor":5,"key":"Weak Potion"},{"floor":11,"key":"Fire Potion"},{"floor":12,"key":"Energy Potion"},{"floor":20,"key":"Strength Potion"},{"floor":31,"key":"BloodPotion"},{"floor":33,"key":"LiquidBronze"},{"floor":41,"key":"PowerPotion"},{"floor":45,"key":"BloodPotion"}],"is_trial":false,"path_per_floor":["M","?","?","M","M","E","R","M","T","?","E","M","R","M","R","B",null,"M","?","M","$","?","E","?","R","T","$","R","M","?","M","R","B",null,"M","?","?","?","T","R","M","?","T","$","M","M","$","M","R","B",null],"character_chosen":"IRONCLAD","items_purchased":["Inflame","Incense Burner","Shuriken","Strawberry","Perfected Strike","Ghostly Armor","Brimstone"],"campfire_rested":7,"item_purchase_floors":[21,21,44,44,44,44,47],"current_hp_per_floor":[74,58,58,57,62,35,35,33,33,33,8,8,32,19,43,13,80,71,71,62,62,53,15,15,39,39,39,63,45,45,42,66,18,80,80,53,53,27,27,55,63,63,63,70,76,63,63,74,101,17],"gold":60,"neow_bonus":"ONE_RANDOM_RARE_CARD","is_prod":false,"is_daily":false,"chose_seed":false,"campfire_upgraded":0,"win_rate":0,"timestamp":1547945858,"path_taken":["M","?","?","M","M","E","R","M","T","?","E","?","R","M","R","BOSS","M","?","?","$","?","E","?","R","T","$","R","M","?","M","R","BOSS","M","?","?","?","?","R","M","?","T","?","M","?","$","M","R","BOSS"],"build_version":"2019-01-17v2","purchased_purges":0,"victory":true,"max_hp_per_floor":[80,80,80,80,80,80,80,80,80,80,80,80,80,80,80,80,80,80,80,80,80,80,80,80,80,80,80,80,80,80,80,80,80,80,80,80,80,94,94,94,94,94,94,101,101,101,101,101,101,101],"card_choices":[{"not_picked":["Pommel Strike","Havoc"],"picked":"Heavy Blade","floor":1},{"not_picked":["Headbutt","Flame Barrier"],"picked":"Perfected Strike","floor":4},{"not_picked":["Second Wind","Twin Strike"],"picked":"Heavy Blade","floor":5},{"not_picked":["Fiend Fire","Battle Trance"],"picked":"Clothesline","floor":6},{"not_picked":["Pommel Strike","Searing Blow"],"picked":"Rampage","floor":8},{"not_picked":["Bloodletting","Warcry"],"picked":"Shrug It Off","floor":11},{"not_picked":["Searing Blow","Sword Boomerang"],"picked":"Uppercut","floor":12},{"not_picked":["Clash","Shockwave"],"picked":"Thunderclap","floor":14},{"not_picked":["Fiend Fire","Berserk"],"picked":"Offering","floor":16},{"not_picked":["Wild Strike","Sword Boomerang"],"picked":"Perfected Strike+1","floor":18},{"not_picked":["Heavy Blade","Clash"],"picked":"Shrug It Off","floor":20},{"not_picked":["Flex","Clothesline+1"],"picked":"Cleave","floor":23},{"not_picked":["Evolve+1","Heavy Blade"],"picked":"Metallicize+1","floor":29},{"not_picked":["Headbutt","Heavy Blade"],"picked":"True Grit+1","floor":31},{"not_picked":["Dark Embrace","Double Tap"],"picked":"Reaper","floor":33},{"not_picked":["Disarm+1","Headbutt"],"picked":"Burning Pact","floor":35},{"not_picked":["Carnage","Iron Wave"],"picked":"Flex","floor":36},{"not_picked":["Swift Strike","Impatience"],"picked":"Dark Shackles","floor":37},{"not_picked":["Whirlwind","Dual Wield"],"picked":"Pommel Strike","floor":38},{"not_picked":["Carnage+1","Clash+1"],"picked":"Thunderclap","floor":41},{"not_picked":["Ghostly Armor+1","Sword Boomerang"],"picked":"Metallicize","floor":45},{"not_picked":["Dual Wield+1","Power Through"],"picked":"Clothesline+1","floor":46},{"not_picked":["Pommel Strike+1","Headbutt+1"],"picked":"Shrug It Off","floor":48}],"player_experience":73954,"relics_obtained":[{"floor":6,"key":"Self Forming Clay"},{"floor":11,"key":"Peace Pipe"},{"floor":23,"key":"War Paint"},{"floor":26,"key":"Dead Branch"},{"floor":36,"key":"Torii"},{"floor":38,"key":"Mango"},{"floor":39,"key":"Darkstone Periapt"},{"floor":43,"key":"Vajra"}],"event_choices":[{"damage_healed":0,"gold_gain":0,"player_choice":"Entered Light","damage_taken":16,"max_hp_gain":0,"max_hp_loss":0,"event_name":"Shining Light","floor":2,"gold_loss":0,"cards_upgraded":["Strike_R","Heavy Blade"]},{"damage_healed":0,"gold_gain":0,"player_choice":"Take Wound","damage_taken":0,"relics_obtained":["Golden Idol"],"max_hp_gain":0,"max_hp_loss":0,"event_name":"Golden Idol","floor":3,"gold_loss":0,"cards_obtained":["Injury"]},{"cards_removed":["Strike_R"],"damage_healed":0,"gold_gain":0,"player_choice":"Offered Basic","damage_taken":0,"max_hp_gain":0,"max_hp_loss":0,"event_name":"Bonfire Elementals","floor":10,"gold_loss":0},{"damage_healed":0,"gold_gain":0,"player_choice":"Trade","damage_taken":0,"relics_obtained":["CultistMask"],"max_hp_gain":0,"max_hp_loss":0,"event_name":"FaceTrader","floor":19,"gold_loss":0},{"damage_healed":0,"gold_gain":0,"player_choice":"Stopped","damage_taken":9,"max_hp_gain":0,"max_hp_loss":0,"event_name":"Cursed Tome","floor":22,"gold_loss":0},{"damage_healed":0,"gold_gain":0,"player_choice":"Paid Fearfully","damage_taken":0,"max_hp_gain":0,"max_hp_loss":0,"event_name":"Masked Bandits","floor":24,"gold_loss":92},{"damage_healed":0,"gold_gain":0,"player_choice":"Simplicity","damage_taken":0,"max_hp_gain":0,"max_hp_loss":0,"event_name":"Back to Basics","floor":30,"gold_loss":0,"cards_upgraded":["Strike_R","Strike_R","Strike_R","Defend_R","Defend_R","Defend_R"]},{"damage_healed":0,"gold_gain":0,"player_choice":"Fight","damage_taken":0,"max_hp_gain":0,"max_hp_loss":0,"event_name":"MindBloom","floor":36,"gold_loss":0},{"damage_healed":0,"gold_gain":0,"player_choice":"Memory 1","damage_taken":0,"max_hp_gain":0,"max_hp_loss":0,"event_name":"SensoryStone","floor":37,"gold_loss":0},{"damage_healed":0,"gold_gain":0,"player_choice":"Fight","damage_taken":0,"max_hp_gain":0,"max_hp_loss":0,"event_name":"Mysterious Sphere","floor":38,"gold_loss":0},{"damage_healed":0,"gold_gain":333,"player_choice":"Gave Idol","damage_taken":0,"max_hp_gain":0,"max_hp_loss":0,"event_name":"The Moai Head","floor":42,"relics_lost":["Golden Idol"],"gold_loss":0}],"is_beta":false,"boss_relics":[{"not_picked":["Philosopher\u0027s Stone","Runic Dome"],"picked":"Velvet Choker"},{"not_picked":["Pandora\u0027s Box","Busted Crown"],"picked":"Black Blood"}],"items_purged_floors":[],"is_endless":false,"potions_floor_spawned":[5,11,12,20,31,33,41,45,48],"ascension_level":0}