{"gold_per_floor":[114,132,132,143,218,218,67,67,90,90,90],"floor_reached":11,"playtime":433,"items_purged":["Strike_G"],"score":70,"play_id":"1f9ed3fa-1579-4d45-8788-46edaae06e08","local_time":"20190307181402","is_ascension_mode":true,"campfire_choices":[{"data":"Neutralize","floor":6,"key":"SMITH"},{"data":"Backflip","floor":8,"key":"SMITH"},{"data":"Die Die Die","floor":10,"key":"SMITH"}],"neow_cost":"NONE","seed_source_timestamp":1902564616253987,"circlet_count":0,"master_deck":["Defend_G","Defend_G","Defend_G","Defend_G","Defend_G","Strike_G","Strike_G","Strike_G","Survivor","Neutralize+1","Backflip+1","Die Die Die+1"],"relics":["Ring of the Snake","NeowsBlessing","Potion Belt"],"potions_floor_usage":[11,11],"damage_taken":[{"damage":0,"enemies":"Cultist","floor":1,"turns":1},{"damage":0,"enemies":"2 Louse","floor":2,"turns":1},{"damage":0,"enemies":"Jaw Worm","floor":4,"turns":1},{"damage":42,"enemies":"Lagavulin","floor":11,"turns":12}],"seed_played":"3578237998244087496","potions_obtained":[{"floor":2,"key":"Block Potion"},{"floor":4,"key":"Explosive Potion"}],"is_trial":false,"path_per_floor":["M","M","?","M","?","R","$","R","T","R","E"],"character_chosen":"THE_SILENT","items_purchased":["Die Die Die"],"campfire_rested":0,"item_purchase_floors":[7],"current_hp_per_floor":[70,70,63,63,52,52,52,52,52,52,10],"gold":90,"neow_bonus":"THREE_ENEMY_KILL","is_prod":false,"is_daily":false,"chose_seed":false,"campfire_upgraded":3,"win_rate":0,"timestamp":1552011242,"path_taken":["M","M","?","M","?","R","?","R","T","R","E"],"build_version":"2019-01-23","purchased_purges":1,"victory":false,"max_hp_per_floor":[70,70,70,70,70,70,70,70,70,70,70],"card_choices":[{"not_picked":["Blade Dance","Sucker Punch","Setup"],"picked":"SKIP","floor":1},{"not_picked":["Blade Dance","Dodge and Roll"],"picked":"Backflip","floor":2},{"not_picked":["Bane","Dagger Spray","Dodge and Roll"],"picked":"SKIP","floor":4}],"player_experience":216378,"relics_obtained":[{"floor":9,"key":"Potion Belt"}],"event_choices":[{"cards_removed":["Strike_G"],"damage_healed":0,"gold_gain":0,"player_choice":"Card Removal","damage_taken":7,"max_hp_gain":0,"max_hp_loss":0,"event_name":"Golden Wing","floor":3,"gold_loss":0},{"damage_healed":0,"gold_gain":75,"player_choice":"Gather Gold","damage_taken":11,"max_hp_gain":0,"max_hp_loss":0,"event_name":"World of Goop","floor":5,"gold_loss":0}],"is_beta":false,"boss_relics":[],"items_purged_floors":[7],"is_endless":false,"potions_floor_spawned":[2,4],"killed_by":"Lagavulin","ascension_level":3}