{"gold_per_floor":[110,185,360,30,50,81,92,125,125,125,143,143,51,66,66,161,161,179,179,193,117,117,146,146,146,201,201,51,51,70,85,85,85],"floor_reached":33,"playtime":1531,"items_purged":["Doubt","Decay"],"score":462,"play_id":"b1dcc95c-b4cd-4c2d-b9ea-a6fdfa60c4b1","local_time":"20190306070824","is_ascension_mode":true,"campfire_choices":[{"data":"Clothesline","floor":10,"key":"SMITH"},{"data":"Flame Barrier","floor":15,"key":"SMITH"},{"data":"Immolate","floor":24,"key":"SMITH"},{"data":"Uppercut","floor":27,"key":"SMITH"},{"floor":32,"key":"REST"}],"neow_cost":"NONE","seed_source_timestamp":17014545926549,"circlet_count":0,"master_deck":["AscendersBane","Strike_R+1","Strike_R+1","Strike_R+1","Strike_R+1","Strike_R+1","Defend_R+1","Defend_R+1","Defend_R+1","Defend_R+1","Bash","Clothesline+1","Pommel Strike","Immolate+1","Flame Barrier+1","Uppercut+1","Shrug It Off","Double Tap","Inflame","Shrug It Off+1"],"relics":["Black Blood","NeowsBlessing","Singing Bowl","Pen Nib","Bottled Flame","Regal Pillow","Bronze Scales","Dodecahedron","Omamori"],"potions_floor_usage":[8,16,23,29,33,33],"damage_taken":[{"damage":0,"enemies":"2 Louse","floor":1,"turns":1},{"damage":0,"enemies":"Small Slimes","floor":5,"turns":1},{"damage":0,"enemies":"Gremlin Nob","floor":6,"turns":1},{"damage":9,"enemies":"Jaw Worm","floor":7,"turns":3},{"damage":30,"enemies":"Lagavulin","floor":8,"turns":7},{"damage":14,"enemies":"Exordium Wildlife","floor":11,"turns":3},{"damage":6,"enemies":"3 Louse","floor":14,"turns":2},{"damage":44,"enemies":"Hexaghost","floor":16,"turns":12},{"damage":16,"enemies":"Spheric Guardian","floor":18,"turns":4},{"damage":9,"enemies":"3 Byrds","floor":20,"turns":3},{"damage":30,"enemies":"Gremlin Leader","floor":23,"turns":4},{"damage":16,"enemies":"Colosseum Slavers","floor":29,"turns":4},{"damage":44,"enemies":"Centurion and Healer","floor":30,"turns":4},{"damage":0,"enemies":"Snake Plant","floor":31,"turns":4},{"damage":87,"enemies":"Champ","floor":33,"turns":14}],"seed_played":"-9092188242702834113","potions_obtained":[{"floor":5,"key":"LiquidBronze"},{"floor":8,"key":"PowerPotion"},{"floor":11,"key":"SkillPotion"},{"floor":14,"key":"FearPotion"},{"floor":20,"key":"SpeedPotion"},{"floor":23,"key":"Block Potion"},{"floor":30,"key":"SteroidPotion"}],"is_trial":false,"path_per_floor":["M","?","?","$","M","E","M","E","T","R","M","?","$","M","R","B",null,"M","?","M","$","?","E","R","?","T","R","$","?","M","M","R","B"],"character_chosen":"IRONCLAD","items_purchased":["Singing Bowl","Uppercut","Shrug It Off","Inflame","PowerPotion"],"campfire_rested":1,"item_purchase_floors":[4,13,13,21,28],"current_hp_per_floor":[78,67,67,67,75,83,80,56,56,56,48,76,76,78,78,40,75,71,71,74,74,74,54,54,54,54,54,54,48,16,28,71,0],"gold":85,"neow_bonus":"THREE_ENEMY_KILL","is_prod":false,"is_daily":false,"chose_seed":false,"campfire_upgraded":4,"win_rate":0,"timestamp":1551877704,"path_taken":["M","?","?","$","M","E","M","E","T","R","M","?","?","M","R","BOSS","M","?","M","$","?","E","R","?","T","R","$","?","?","M","R","BOSS"],"build_version":"2019-01-23","purchased_purges":2,"victory":false,"max_hp_per_floor":[80,80,80,80,82,84,84,84,84,84,84,84,84,86,86,86,86,88,88,90,90,90,90,90,90,90,90,90,90,92,94,94,94],"card_choices":[{"not_picked":["Clash","Sentinel"],"picked":"Clothesline","floor":1},{"not_picked":["Sever Soul","Cleave","Pommel Strike"],"picked":"Singing Bowl","floor":5},{"not_picked":["Cleave","Corruption","Power Through"],"picked":"Singing Bowl","floor":6},{"not_picked":["Twin Strike","Cleave"],"picked":"Pommel Strike","floor":7},{"not_picked":["Headbutt","Clash"],"picked":"Immolate","floor":8},{"not_picked":["Second Wind","Cleave"],"picked":"Flame Barrier","floor":11},{"not_picked":["True Grit","Flame Barrier","Armaments"],"picked":"Singing Bowl","floor":14},{"not_picked":["Barricade","Reaper"],"picked":"Double Tap","floor":16},{"not_picked":["Thunderclap","Flex","Battle Trance"],"picked":"Singing Bowl","floor":18},{"not_picked":["True Grit","Warcry","Carnage"],"picked":"Singing Bowl","floor":20},{"not_picked":["Clothesline","Whirlwind"],"picked":"Shrug It Off+1","floor":23},{"not_picked":["Thunderclap","Headbutt","Shrug It Off"],"picked":"Singing Bowl","floor":30},{"not_picked":["Cleave","Heavy Blade","Rampage"],"picked":"Singing Bowl","floor":31}],"player_experience":211173,"relics_obtained":[{"floor":6,"key":"Pen Nib"},{"floor":8,"key":"Bottled Flame"},{"floor":9,"key":"Regal Pillow"},{"floor":23,"key":"Dodecahedron"},{"floor":26,"key":"Omamori"}],"event_choices":[{"damage_healed":0,"gold_gain":75,"player_choice":"Gather Gold","damage_taken":11,"max_hp_gain":0,"max_hp_loss":0,"event_name":"World of Goop","floor":2,"gold_loss":0},{"damage_healed":0,"gold_gain":175,"player_choice":"AGREE","damage_taken":0,"max_hp_gain":0,"max_hp_loss":0,"event_name":"Liars Game","floor":3,"gold_loss":0,"cards_obtained":["Doubt"]},{"damage_healed":28,"gold_gain":0,"player_choice":"Banana","damage_taken":0,"max_hp_gain":0,"max_hp_loss":0,"event_name":"Big Fish","floor":12,"gold_loss":0},{"damage_healed":0,"gold_gain":0,"player_choice":"Opened","damage_taken":0,"relics_obtained":["Bronze Scales"],"max_hp_gain":0,"max_hp_loss":0,"event_name":"The Mausoleum","floor":19,"gold_loss":0},{"damage_healed":0,"gold_gain":0,"player_choice":"Simplicity","damage_taken":0,"max_hp_gain":0,"max_hp_loss":0,"event_name":"Back to Basics","floor":22,"gold_loss":0,"cards_upgraded":["Strike_R","Strike_R","Strike_R","Strike_R","Strike_R","Defend_R","Defend_R","Defend_R","Defend_R"]},{"damage_healed":0,"gold_gain":0,"player_choice":"Smashed Altar","damage_taken":0,"max_hp_gain":0,"max_hp_loss":0,"event_name":"Forgotten Altar","floor":25,"gold_loss":0,"cards_obtained":["Decay"]},{"damage_healed":0,"gold_gain":0,"player_choice":"Fight","damage_taken":0,"max_hp_gain":0,"max_hp_loss":0,"event_name":"Colosseum","floor":29,"gold_loss":0},{"damage_healed":0,"gold_gain":0,"player_choice":"Fled From Nobs","damage_taken":0,"max_hp_gain":0,"max_hp_loss":0,"event_name":"Colosseum","floor":29,"gold_loss":0}],"is_beta":false,"boss_relics":[{"not_picked":["Calling Bell","Runic Dome"],"picked":"Black Blood"}],"items_purged_floors":[4,28],"is_endless":false,"potions_floor_spawned":[5,8,11,14,20,23,30],"killed_by":"Champ","ascension_level":11}