{"path_per_floor":["M","?","M","?","M","E","R","M","T","$","M"],"character_chosen":"THE_SILENT","items_purchased":["Vajra"],"gold_per_floor":[118,118,132,207,227,252,252,266,290,64,80,80],"floor_reached":12,"campfire_rested":0,"playtime":921,"item_purchase_floors":[10],"current_hp_per_floor":[70,56,56,45,45,23,23,6,6,6,2,0],"items_purged":["Strike_G"],"gold":80,"score":84,"play_id":"330f4e8a-8517-4223-bbe8-8a0e35c5aef8","local_time":"20180611032214","is_prod":false,"is_daily":false,"chose_seed":false,"is_ascension_mode":true,"campfire_upgraded":1,"win_rate":0,"timestamp":1528712534,"campfire_choices":[{"data":"Burst","floor":7,"key":"SMITH"}],"path_taken":["M","?","?","?","M","E","R","M","T","$","M","E"],"build_version":"2018-06-07v3","seed_source_timestamp":697469204022754,"purchased_purges":1,"victory":false,"master_deck":["Defend_G+1","Defend_G","Defend_G","Defend_G","Defend_G","Strike_G","Strike_G","Strike_G","Strike_G","Survivor","Neutralize","Cloak And Dagger+1","Flying Knee","Dagger Spray","Burst+1","Outmaneuver","Noxious Fumes"],"max_hp_per_floor":[70,70,70,70,70,70,70,70,70,70,70,70],"relics":["Ring of the Snake","Potion Belt","Omamori","Vajra"],"card_choices":[{"not_picked":["Finisher","Sucker Punch"],"picked":"Cloak And Dagger","floor":1},{"not_picked":["Poisoned Stab","Endless Agony"],"picked":"Flying Knee","floor":3},{"not_picked":["PiercingWail","Acrobatics"],"picked":"Dagger Spray","floor":5},{"not_picked":["Leg Sweep","Flying Knee"],"picked":"Burst","floor":6},{"not_picked":["Leg Sweep","PiercingWail"],"picked":"Outmaneuver","floor":8},{"not_picked":["Poisoned Stab","PiercingWail"],"picked":"Noxious Fumes","floor":11}],"player_experience":71744,"potions_floor_usage":[12,12,12],"damage_taken":[{"damage":0,"enemies":"Small Slimes","floor":1,"turns":3},{"damage":0,"enemies":"2 Louse","floor":3,"turns":3},{"damage":0,"enemies":"Jaw Worm","floor":5,"turns":3},{"damage":22,"enemies":"3 Sentries","floor":6,"turns":9},{"damage":17,"enemies":"Gremlin Gang","floor":8,"turns":4},{"damage":4,"enemies":"2 Fungi Beasts","floor":11,"turns":3},{"damage":15,"enemies":"Gremlin Nob","floor":12,"turns":3}],"relics_obtained":[{"floor":6,"key":"Potion Belt"},{"floor":9,"key":"Omamori"}],"event_choices":[{"event_name":"Shining Light","player_choice":"Entered Light","floor":2,"damage_taken":0},{"event_name":"World of Goop","player_choice":"Gather Gold","floor":4,"damage_taken":0}],"boss_relics":[],"items_purged_floors":[10],"potions_floor_spawned":[1,6,11],"seed_played":"791357457677917617","killed_by":"Gremlin Nob","ascension_level":1,"potions_obtained":[{"floor":1,"key":"Poison Potion"},{"floor":6,"key":"Weak Potion"},{"floor":11,"key":"Regen Potion"}],"is_trial":false}