{"gold_per_floor":[115,115,40,40,54,54,97,97,97,97,115,115,149,174,174,270,270,286,301,197,220,233,233,273,286,358,396,420,345,25,39,39,134,134,154,39,60,79,92,92,108,124,150,185,209,209],"floor_reached":46,"playtime":3393,"items_purged":["Redo"],"score":936,"play_id":"c4133eb4-b431-4295-889c-5f8b62cfbde9","local_time":"20190223153740","is_ascension_mode":true,"campfire_choices":[{"data":"Sweeping Beam","floor":6.0,"key":"SMITH"},{"data":"Zap","floor":10.0,"key":"SMITH"},{"data":"Dualcast","floor":12.0,"key":"SMITH"},{"data":"Defragment","floor":15.0,"key":"SMITH"},{"data":"Coolheaded","floor":23.0,"key":"SMITH"},{"data":"White Noise","floor":32.0,"key":"SMITH"},{"floor":40.0,"key":"REST"}],"neow_cost":"NONE","seed_source_timestamp":317630592896789,"circlet_count":0,"master_deck":["AscendersBane","Zap+1","Dualcast+1","Echo Form","Capacitor","Go for the Eyes+1","Biased Cognition","Electrodynamics","Steam Power","Steam","Sweeping Beam+1","Steam Power","Hello World","Defragment+1","Glacier","Amplify","Double Energy","Coolheaded+1","Heatsinks","Stack","Doom and Gloom+1","Auto Shields","FTL","Leap","White Noise+1","Machine Learning","Defragment+1","Heatsinks","Stack","Ball Lightning+1","Undo","Conserve Battery+1","Hologram+1","Chill"],"special_seed":0,"relics":["Pandora\u0027s Box","Golden Idol","Emotion Chip","Pantograph","Calipers","Question Card","Busted Crown","Pen Nib","Bag of Marbles","Sundial","Sozu","Whetstone","Shovel"],"potions_floor_usage":[],"damage_taken":[{"damage":4.0,"enemies":"Cultist","floor":1.0,"turns":3.0},{"damage":6.0,"enemies":"Small Slimes","floor":5.0,"turns":2.0},{"damage":26.0,"enemies":"Lagavulin","floor":7.0,"turns":5.0},{"damage":0.0,"enemies":"2 Louse","floor":11.0,"turns":2.0},{"damage":4.0,"enemies":"3 Sentries","floor":13.0,"turns":2.0},{"damage":5.0,"enemies":"Looter","floor":14.0,"turns":2.0},{"damage":9.0,"enemies":"Slime Boss","floor":16.0,"turns":6.0},{"damage":0.0,"enemies":"Spheric Guardian","floor":18.0,"turns":6.0},{"damage":3.0,"enemies":"Shell Parasite","floor":19.0,"turns":4.0},{"damage":6.0,"enemies":"Shelled Parasite and Fungi","floor":21.0,"turns":3.0},{"damage":0.0,"enemies":"Cultist and Chosen","floor":22.0,"turns":7.0},{"damage":5.0,"enemies":"Book of Stabbing","floor":24.0,"turns":4.0},{"damage":0.0,"enemies":"Centurion and Healer","floor":25.0,"turns":4.0},{"damage":23.0,"enemies":"Slavers","floor":27.0,"turns":2.0},{"damage":22.0,"enemies":"Shelled Parasite and Fungi","floor":28.0,"turns":5.0},{"damage":0.0,"enemies":"Chosen and Byrds","floor":31.0,"turns":4.0},{"damage":17.0,"enemies":"Collector","floor":33.0,"turns":7.0},{"damage":6.0,"enemies":"3 Darklings","floor":35.0,"turns":4.0},{"damage":0.0,"enemies":"Orb Walker","floor":37.0,"turns":3.0},{"damage":11.0,"enemies":"4 Shapes","floor":38.0,"turns":3.0},{"damage":37.0,"enemies":"3 Darklings","floor":39.0,"turns":3.0},{"damage":0.0,"enemies":"Sphere and 2 Shapes","floor":41.0,"turns":4.0},{"damage":0,"enemies":"Maw","floor":42,"turns":6},{"damage":6,"enemies":"Giant Head","floor":44,"turns":7},{"damage":1,"enemies":"Spire Growth","floor":45,"turns":5},{"damage":24,"enemies":"Reptomancer","floor":46,"turns":2}],"seed_played":"8832402674222752601","potions_obtained":[{"floor":5.0,"key":"GamblersBrew"},{"floor":14.0,"key":"Swift Potion"},{"floor":21.0,"key":"Fire Potion"},{"floor":24.0,"key":"Block Potion"},{"floor":28.0,"key":"Fire Potion"},{"floor":33.0,"key":"Ancient Potion"}],"is_trial":false,"path_per_floor":["M","?","?","?","M","R","E","T","T","R","M","R","E","M","R","B",null,"M","M","$","M","M","R","E","M","T","E","M","?","$","M","R","B",null,"M","$","M","M","M","R","M","M","T","E","M","E"],"character_chosen":"DEFECT","items_purchased":["Coolheaded","Leap","Sundial","Heatsinks","Stack"],"campfire_rested":1,"item_purchase_floors":[20,30,30,36,36],"current_hp_per_floor":[60,60,60,53,47,47,21,21,21,21,21,21,17,12,12,28,60,60,57,57,51,51,51,46,46,46,23,1,1,1,1,1,9,56,50,50,50,39,2,23,23,23,23,17,16,0],"gold":209,"neow_bonus":"BOSS_RELIC","is_prod":false,"is_daily":false,"chose_seed":false,"campfire_upgraded":6,"win_rate":0,"timestamp":1550954260,"path_taken":["M","?","?","?","M","R","E","?","T","R","M","R","E","M","R","BOSS","M","M","$","M","M","R","E","M","T","E","M","?","$","M","R","BOSS","M","$","M","M","M","R","M","M","T","E","M","E"],"build_version":"2019-01-23","purchased_purges":1,"victory":false,"max_hp_per_floor":[71,71,71,71,71,71,71,71,71,71,71,71,71,71,71,71,71,71,71,71,71,71,71,71,71,71,71,71,71,71,71,71,71,71,71,71,71,71,71,71,71,71,71,71,71,71],"card_choices":[{"not_picked":["Compile Driver","Barrage"],"picked":"Steam","floor":1.0},{"not_picked":["Turbo","Hyperbeam"],"picked":"Sweeping Beam","floor":5.0},{"not_picked":["Reprogram","Gash"],"picked":"Steam Power","floor":7.0},{"not_picked":["Fusion","Reinforced Body"],"picked":"Hello World","floor":11.0},{"not_picked":["Ball Lightning","Barrage"],"picked":"Defragment","floor":13.0},{"not_picked":["Chill","Steam","Turbo"],"picked":"Glacier","floor":14.0},{"not_picked":["Machine Learning","Electrodynamics","Rainbow"],"picked":"Amplify","floor":16.0},{"not_picked":["Fusion"],"picked":"Double Energy","floor":18.0},{"not_picked":["Sweeping Beam"],"picked":"Static Discharge","floor":19.0},{"not_picked":["Turbo"],"picked":"Heatsinks","floor":21.0},{"not_picked":["Redo"],"picked":"Stack","floor":22.0},{"not_picked":["Rebound"],"picked":"Doom and Gloom","floor":24.0},{"not_picked":["Gash+1","Sweeping Beam"],"picked":"SKIP","floor":25.0},{"not_picked":["Stack"],"picked":"Auto Shields","floor":27.0},{"not_picked":["Cold Snap"],"picked":"FTL","floor":28.0},{"not_picked":["Hello World"],"picked":"White Noise","floor":31.0},{"not_picked":["Reboot"],"picked":"Machine Learning","floor":33.0},{"not_picked":["Hologram"],"picked":"Defragment+1","floor":35.0},{"not_picked":["Barrage"],"picked":"Ball Lightning+1","floor":37.0},{"not_picked":["Steam"],"picked":"Undo","floor":38.0},{"not_picked":["Undo"],"picked":"Conserve Battery+1","floor":39.0},{"not_picked":["Leap+1"],"picked":"Hologram+1","floor":41},{"not_picked":["Steam","Lockon"],"picked":"SKIP","floor":42},{"not_picked":["Rebound","Sweeping Beam+1"],"picked":"SKIP","floor":44},{"not_picked":["Cold Snap"],"picked":"Chill","floor":45}],"player_experience":550081,"relics_obtained":[{"floor":7.0,"key":"Emotion Chip"},{"floor":8.0,"key":"Pantograph"},{"floor":9.0,"key":"Calipers"},{"floor":13.0,"key":"Question Card"},{"floor":24.0,"key":"Pen Nib"},{"floor":27.0,"key":"Bag of Marbles"},{"floor":43,"key":"Whetstone"},{"floor":44,"key":"Shovel"}],"event_choices":[{"damage_healed":0.0,"max_hp_gain":0.0,"max_hp_loss":0.0,"gold_gain":0.0,"event_name":"Golden Idol","player_choice":"Take Wound","floor":2.0,"gold_loss":0.0,"damage_taken":0.0,"relics_obtained":["Golden Idol"],"cards_obtained":["Injury"]},{"cards_removed":["Injury"],"damage_healed":0.0,"max_hp_gain":0.0,"max_hp_loss":0.0,"gold_gain":0.0,"event_name":"The Cleric","player_choice":"Card Removal","floor":3.0,"gold_loss":75.0,"damage_taken":0.0},{"cards_removed":["Beam Cell"],"damage_healed":0.0,"max_hp_gain":0.0,"max_hp_loss":0.0,"gold_gain":0.0,"event_name":"Golden Wing","player_choice":"Card Removal","floor":4.0,"gold_loss":0.0,"damage_taken":7.0},{"cards_removed":["Static Discharge"],"damage_healed":0.0,"max_hp_gain":0.0,"max_hp_loss":0.0,"gold_gain":0.0,"event_name":"Beggar","player_choice":"Gave Gold","floor":29.0,"gold_loss":75.0,"damage_taken":0.0}],"is_beta":false,"boss_relics":[{"not_picked":["Inserter","White Beast Statue"],"picked":"Busted Crown"},{"not_picked":["Calling Bell","Runic Dome"],"picked":"Sozu"}],"items_purged_floors":[20],"is_endless":false,"potions_floor_spawned":[5,14,19,21,22,24,28,33,35,37,39,44,45],"killed_by":"Reptomancer","ascension_level":17}