{"gold_per_floor":[214,225,225,225,243,243,274,58,81,106,106,181,198,210,210,309,309,264,264,264,164,164,164,164,164],"floor_reached":25,"playtime":692,"items_purged":["Strike_G","Strike_G"],"score":223,"play_id":"9db504c0-ee39-4cd9-a2d8-bac0c642236a","local_time":"20180903220339","is_ascension_mode":false,"campfire_choices":[{"data":"Predator","floor":6,"key":"SMITH"},{"data":"Bouncing Flask","floor":11,"key":"SMITH"},{"data":"Deadly Poison","floor":15,"key":"SMITH"}],"neow_cost":"NONE","seed_source_timestamp":183320289701573,"circlet_count":0,"master_deck":["Defend_G+1","Defend_G","Defend_G","Defend_G","Defend_G","Strike_G+1","Strike_G","Strike_G","Survivor","Neutralize","Predator+1","Backflip","Bouncing Flask+1","Glass Knife","Deadly Poison+1","After Image","Footwork","Cloak And Dagger+1","Catalyst","Grand Finale","Noxious Fumes"],"relics":["Ring of the Snake","Snake Skull","Ornamental Fan","Vajra","Odd Mushroom","Ectoplasm","Mango"],"potions_floor_usage":[7,23,23,23],"damage_taken":[{"damage":0,"enemies":"2 Louse","floor":1,"turns":3},{"damage":0,"enemies":"Cultist","floor":2,"turns":3},{"damage":3,"enemies":"Jaw Worm","floor":5,"turns":3},{"damage":18,"enemies":"Gremlin Nob","floor":7,"turns":4},{"damage":1,"enemies":"The Mushroom Lair","floor":10,"turns":4},{"damage":0,"enemies":"Large Slime","floor":13,"turns":2},{"damage":0,"enemies":"2 Fungi Beasts","floor":14,"turns":2},{"damage":1,"enemies":"Hexaghost","floor":16,"turns":6},{"damage":17,"enemies":"2 Thieves","floor":18,"turns":3},{"damage":9,"enemies":"Spheric Guardian","floor":19,"turns":4},{"damage":7,"enemies":"Snecko","floor":22,"turns":4},{"damage":22,"enemies":"Slavers","floor":23,"turns":6},{"damage":10,"enemies":"Sentry and Sphere","floor":24,"turns":4},{"damage":0,"enemies":"Cultist and Chosen","floor":25,"turns":1}],"seed_played":"-3064567950446569950","potions_obtained":[{"floor":1,"key":"Energy Potion"},{"floor":2,"key":"SteroidPotion"},{"floor":10,"key":"PowerPotion"},{"floor":16,"key":"Regen Potion"}],"is_trial":false,"path_per_floor":["M","M","?","?","M","R","E","$","T","?","R","?","M","M","R","B",null,"M","M","?","$","M","E","M"],"character_chosen":"THE_SILENT","items_purchased":["Bouncing Flask","Glass Knife"],"campfire_rested":0,"item_purchase_floors":[8,8],"current_hp_per_floor":[70,70,70,56,53,53,35,35,35,34,34,23,23,23,23,22,70,53,44,44,44,37,44,34,34],"gold":164,"neow_bonus":"HUNDRED_GOLD","is_prod":false,"is_daily":false,"chose_seed":false,"campfire_upgraded":3,"win_rate":0,"timestamp":1535979819,"path_taken":["M","M","?","?","?","R","E","$","T","?","R","?","M","M","R","BOSS","M","M","?","$","M","E","M","M"],"build_version":"2018-08-30","purchased_purges":2,"victory":false,"max_hp_per_floor":[70,70,70,70,70,70,70,70,70,70,70,70,70,70,70,70,70,70,70,70,70,70,84,84,84],"card_choices":[{"not_picked":["Leg Sweep","Prepared"],"picked":"Predator","floor":1},{"not_picked":["Flying Knee","Escape Plan"],"picked":"Backflip","floor":2},{"not_picked":["Predator","Flying Knee","Quick Slash"],"picked":"SKIP","floor":5},{"not_picked":["Backflip","Dash","Sucker Punch"],"picked":"SKIP","floor":7},{"not_picked":["Distraction","Sucker Punch","Flying Knee"],"picked":"SKIP","floor":13},{"not_picked":["Reflex","Poisoned Stab"],"picked":"Deadly Poison","floor":14},{"not_picked":["Malaise","Doppelganger"],"picked":"After Image","floor":16},{"not_picked":["Dash","Slice"],"picked":"Footwork","floor":18},{"not_picked":["Underhanded Strike","PiercingWail+1"],"picked":"Cloak And Dagger+1","floor":19},{"not_picked":["Underhanded Strike","Dodge and Roll+1"],"picked":"Catalyst","floor":22},{"not_picked":["Backflip","Tactician"],"picked":"Grand Finale","floor":23},{"not_picked":["PiercingWail","Prepared"],"picked":"Noxious Fumes","floor":24}],"player_experience":624835,"relics_obtained":[{"floor":3,"key":"Snake Skull"},{"floor":7,"key":"Ornamental Fan"},{"floor":9,"key":"Vajra"},{"floor":10,"key":"Odd Mushroom"},{"floor":23,"key":"Mango"}],"event_choices":[{"event_name":"Wheel of Change","player_choice":"Relic","floor":3,"damage_taken":0},{"event_name":"Shining Light","player_choice":"Entered Light","floor":4,"damage_taken":0},{"event_name":"Mushrooms","player_choice":"Fought Mushrooms","floor":10,"damage_taken":0},{"event_name":"World of Goop","player_choice":"Gather Gold","floor":12,"damage_taken":0},{"event_name":"Ghosts","player_choice":"Ignored","floor":20,"damage_taken":0}],"is_beta":false,"boss_relics":[{"not_picked":["White Beast Statue","Snecko Eye"],"picked":"Ectoplasm"}],"items_purged_floors":[8,21],"is_endless":false,"potions_floor_spawned":[1,2,10,16],"killed_by":"Cultist and Chosen","ascension_level":0}