{"gold_per_floor":[119,38,52,63,138,173,173,205,205,205,223,250,260,34,34,111,111,121,132,25,43,53,53,53,53],"floor_reached":25,"playtime":1030,"items_purged":[],"score":614,"play_id":"573baca6-5da1-48c3-873c-faa99d1dcfd2","local_time":"20190130030418","is_ascension_mode":true,"campfire_choices":[{"data":"Darkness","floor":15,"key":"SMITH"},{"floor":23,"key":"REST"}],"neow_cost":"TEN_PERCENT_HP_LOSS","seed_source_timestamp":1679752736324400,"circlet_count":0,"master_deck":["AscendersBane","Strike_B","Strike_B","Strike_B","Strike_B","Defend_B","Defend_B","Defend_B","Defend_B","Zap","Dualcast","Buffer+1","Beam Cell","Defragment","Ball Lightning","Biased Cognition","Genetic Algorithm","Darkness+1","Multi-Cast","Consume","Buffer+1","Amplify","Coolheaded","Loop","Conserve Battery","Force Field","Conserve Battery+1"],"relics":["Cracked Core","Pear","Bottled Flame","Question Card","Symbiotic Virus","Lantern","DollysMirror","Sozu"],"potions_floor_usage":[6,8,25],"damage_taken":[{"damage":0,"enemies":"2 Louse","floor":1,"turns":3},{"damage":5,"enemies":"Small Slimes","floor":3,"turns":5},{"damage":0,"enemies":"Cultist","floor":4,"turns":3},{"damage":28,"enemies":"Gremlin Nob","floor":6,"turns":4},{"damage":0,"enemies":"Lagavulin","floor":8,"turns":6},{"damage":0,"enemies":"Blue Slaver","floor":11,"turns":3},{"damage":0,"enemies":"Gremlin Nob","floor":12,"turns":3},{"damage":4,"enemies":"2 Fungi Beasts","floor":13,"turns":2},{"damage":0,"enemies":"Slime Boss","floor":16,"turns":8},{"damage":8,"enemies":"3 Byrds","floor":18,"turns":3},{"damage":16,"enemies":"2 Thieves","floor":19,"turns":5},{"damage":9,"enemies":"3 Cultists","floor":21,"turns":6},{"damage":0,"enemies":"Cultist and Chosen","floor":22,"turns":4},{"damage":53,"enemies":"Slavers","floor":25,"turns":6}],"seed_played":"8279166712165265232","potions_obtained":[{"floor":3,"key":"Swift Potion"},{"floor":4,"key":"SpeedPotion"},{"floor":8,"key":"LiquidBronze"},{"floor":12,"key":"FocusPotion"},{"floor":13,"key":"Ancient Potion"}],"is_trial":false,"path_per_floor":["M","$","M","M","?","E","?","E","T","?","M","E","M","$","R","B",null,"M","M","$","M","M","R","?","E"],"character_chosen":"DEFECT","items_purchased":["Defragment","DollysMirror","Loop","Conserve Battery"],"campfire_rested":1,"item_purchase_floors":[2,14,20,20],"current_hp_per_floor":[64,64,59,59,48,30,30,30,30,30,30,30,26,26,26,26,62,54,38,38,29,29,51,51,0],"gold":53,"neow_bonus":"THREE_RARE_CARDS","is_prod":false,"is_daily":false,"chose_seed":false,"campfire_upgraded":1,"win_rate":0,"timestamp":1548846258,"path_taken":["M","$","M","M","?","E","?","E","T","?","M","E","M","$","R","BOSS","M","?","$","M","M","R","?","E"],"build_version":"2019-01-23","purchased_purges":0,"victory":false,"max_hp_per_floor":[64,64,64,64,64,74,74,74,74,74,74,74,74,74,74,74,74,74,74,74,74,74,74,74,74],"card_choices":[{"not_picked":["Fission","Core Surge"],"picked":"Buffer","floor":0},{"not_picked":["Barrage","Redo"],"picked":"Beam Cell","floor":1},{"not_picked":["Sweeping Beam","FTL"],"picked":"Ball Lightning","floor":3},{"not_picked":["Hello World","Go for the Eyes","Turbo"],"picked":"SKIP","floor":4},{"not_picked":["Stack","Turbo"],"picked":"Biased Cognition","floor":6},{"not_picked":["Beam Cell","Undo"],"picked":"Genetic Algorithm","floor":8},{"not_picked":["Double Energy","Hologram","Sweeping Beam"],"picked":"Darkness","floor":11},{"not_picked":["Skim","Go for the Eyes","Streamline"],"picked":"Multi-Cast","floor":12},{"not_picked":["Sunder","Doom and Gloom","Streamline"],"picked":"Consume","floor":13},{"not_picked":["Fission","Rainbow","Thunder Strike"],"picked":"Amplify","floor":16},{"not_picked":["Compile Driver","Barrage","Sunder","Turbo"],"picked":"SKIP","floor":18},{"not_picked":["Conserve Battery","Static Discharge","Reprogram+1"],"picked":"Coolheaded","floor":19},{"not_picked":["Gash","Hyperbeam","Redo"],"picked":"Force Field","floor":21},{"not_picked":["Gash","Ball Lightning","Double Energy"],"picked":"Conserve Battery+1","floor":22}],"player_experience":606284,"relics_obtained":[{"floor":6,"key":"Pear"},{"floor":8,"key":"Bottled Flame"},{"floor":9,"key":"Question Card"},{"floor":12,"key":"Lantern"}],"event_choices":[{"damage_healed":0,"gold_gain":75,"player_choice":"Gather Gold","damage_taken":11,"max_hp_gain":0,"max_hp_loss":0,"event_name":"World of Goop","floor":5,"gold_loss":0},{"damage_healed":0,"gold_gain":0,"player_choice":"Grow","damage_taken":0,"max_hp_gain":0,"max_hp_loss":0,"event_name":"Living Wall","floor":7,"gold_loss":0,"cards_upgraded":["Buffer"]},{"damage_healed":0,"gold_gain":0,"player_choice":"Gave Potion","damage_taken":0,"relics_obtained":["Symbiotic Virus"],"max_hp_gain":0,"max_hp_loss":0,"event_name":"WeMeetAgain","floor":10,"gold_loss":0}],"is_beta":false,"boss_relics":[{"not_picked":["Busted Crown","Eternal Feather"],"picked":"Sozu"}],"items_purged_floors":[],"is_endless":false,"potions_floor_spawned":[3,4,8,12,13,19,22],"killed_by":"Slavers","ascension_level":18}