{"path_per_floor":["M","?","M","M","M","R","E","M","T","?","?","$","M","M","R","B",null,"M","?","?","M","$","M","R","E","T","?","M","M","R","M","R","B",null,"M","M","?","M","$","R","M","R","T","R","M","M","T","M","R","B"],"character_chosen":"IRONCLAD","items_purchased":["Feed","Inflame","Apotheosis","Pen Nib","Havoc"],"gold_per_floor":[110,285,304,317,327,327,356,373,396,396,396,89,102,116,116,219,219,229,229,229,241,37,57,57,85,133,33,52,69,69,83,83,181,181,195,208,208,220,49,49,63,63,63,63,78,92,175,185,185,185],"floor_reached":51,"campfire_rested":4,"playtime":2203,"current_hp_per_floor":[80,80,80,69,44,44,23,19,19,19,19,19,24,26,51,48,88,85,88,88,75,75,70,70,49,49,49,52,47,47,18,50,45,108,81,86,86,79,79,79,30,63,63,63,60,37,37,39,73,16],"items_purged":["Strike_R"],"gold":185,"score":575,"play_id":"bd3ef74c-d882-487b-bcc9-47d2e09acafc","is_prod":false,"is_daily":false,"is_ascension_mode":false,"campfire_upgraded":5,"path_taken":["M","?","M","M","M","R","E","?","T","?","?","$","?","M","R","BOSS","M","?","?","M","$","M","R","E","T","?","?","M","R","?","R","BOSS","M","?","?","M","$","R","M","R","T","R","M","M","?","M","R","BOSS"],"build_version":"2018-02-22-PROD2","purchased_purges":1,"victory":true,"master_deck":["Strike_R","Strike_R","Strike_R","Strike_R","Defend_R+1","Defend_R","Defend_R","Bash","Corruption+1","Doubt","Battle Trance","Flame Barrier","Flex","Feed+1","Inflame","Pommel Strike+1","Fiend Fire+1","Offering+1","Shrug It Off","Apotheosis+1","Spot Weakness","Dark Embrace+1","J.A.X.","Corruption+1","Offering+1","Demon Form+1","Burning Pact+1","Havoc","Body Slam+1","Sword Boomerang+1"],"max_hp_per_floor":[80,80,80,80,80,80,80,80,80,80,80,80,80,84,84,88,88,88,88,88,88,88,92,92,96,96,96,100,104,104,108,108,108,108,108,112,112,112,112,112,112,112,112,112,116,116,116,116,116,116],"relics":["Burning Blood","Molten Egg 2","Mark of Pain","Nloth\u0027s Gift","Bottled Flame","Happy Flower","Snecko Eye","Pen Nib","War Paint","Tiny Chest"],"card_choices":[{"not_picked":["Disarm","Havoc"],"picked":"Corruption"},{"not_picked":["Iron Wave","Cleave"],"picked":"Battle Trance"},{"not_picked":["Twin Strike","Headbutt"],"picked":"Flame Barrier"},{"not_picked":["Anger","Shrug It Off"],"picked":"Flex"},{"not_picked":["Combust","Body Slam"],"picked":"Pommel Strike"},{"not_picked":["Dual Wield","Body Slam"],"picked":"Fiend Fire"},{"not_picked":["Immolate","Barricade"],"picked":"Offering"},{"not_picked":["Sword Boomerang","Thunderclap"],"picked":"Shrug It Off"},{"not_picked":["Sword Boomerang","Body Slam"],"picked":"Spot Weakness"},{"not_picked":["Warcry","Sword Boomerang"],"picked":"Dark Embrace"},{"not_picked":["Anger","Pommel Strike"],"picked":"Corruption"},{"not_picked":["Rage","Cleave"],"picked":"Offering"},{"not_picked":["Fiend Fire","Bludgeon"],"picked":"Demon Form"},{"not_picked":["Searing Blow","Cleave"],"picked":"Burning Pact"},{"not_picked":["Shrug It Off","Burning Pact"],"picked":"Body Slam"},{"not_picked":["Clash","Cleave"],"picked":"Sword Boomerang"}],"player_experience":231747,"potions_floor_usage":[16,16,16,41,41,50],"damage_taken":[{"damage":1,"enemies":"2 Louse","floor":1,"turns":2},{"damage":3,"enemies":"Small Slimes","floor":3,"turns":4},{"damage":17,"enemies":"Jaw Worm","floor":4,"turns":5},{"damage":31,"enemies":"Gremlin Gang","floor":5,"turns":6},{"damage":27,"enemies":"Gremlin Nob","floor":7,"turns":5},{"damage":10,"enemies":"3 Louse","floor":8,"turns":3},{"damage":1,"enemies":"Large Slime","floor":13,"turns":4},{"damage":8,"enemies":"Lots of Slimes","floor":14,"turns":4},{"damage":13,"enemies":"Slime Boss","floor":16,"turns":5},{"damage":9,"enemies":"3 Byrds","floor":18,"turns":4},{"damage":19,"enemies":"Chosen","floor":21,"turns":4},{"damage":15,"enemies":"3 Cultists","floor":23,"turns":5},{"damage":31,"enemies":"Slavers","floor":25,"turns":7},{"damage":7,"enemies":"Snecko","floor":28,"turns":3},{"damage":15,"enemies":"Centurion and Healer","floor":29,"turns":4},{"damage":39,"enemies":"Slaver and Parasite","floor":31,"turns":3},{"damage":11,"enemies":"Collector","floor":33,"turns":4},{"damage":33,"enemies":"3 Darklings","floor":35,"turns":3},{"damage":5,"enemies":"Orb Walker","floor":36,"turns":3},{"damage":13,"enemies":"3 Darklings","floor":38,"turns":3},{"damage":55,"enemies":"Maw","floor":41,"turns":6},{"damage":13,"enemies":"4 Shapes","floor":45,"turns":5},{"damage":29,"enemies":"3 Darklings","floor":46,"turns":4},{"damage":4,"enemies":"Sphere and 2 Shapes","floor":48,"turns":1},{"damage":63,"enemies":"Time Eater","floor":50,"turns":6}],"event_choices":[{"event_name":"Liars Game","player_choice":"agreed","floor":2,"damage_taken":0},{"event_name":"The Woman in Blue","player_choice":"Bought 0 Potions","floor":10,"damage_taken":0},{"event_name":"The Lab","player_choice":"Got Potions","floor":11,"damage_taken":0},{"event_name":"Wheel of Change","player_choice":"Full Heal","floor":19,"damage_taken":0},{"event_name":"N\u0027loth","player_choice":"Traded a Bag of Marbles","floor":20,"damage_taken":0},{"event_name":"Drug Dealer","player_choice":"Got JAXXED","floor":27,"damage_taken":0},{"event_name":"Tomb of Lord Red Mask","player_choice":"Ignored","floor":37,"damage_taken":0}],"boss_relics":[{"not_picked":["Philosopher\u0027s Stone","Runic Dome"],"picked":"Mark of Pain"},{"not_picked":["Eternal Feather","Tiny House"],"picked":"Snecko Eye"}],"potions_floor_spawned":[1,4,8,16,21,23,31,33,36,38,48],"seed_played":"-3014994020474661648","ascension_level":0,"is_trial":false}