{"gold_per_floor":[117,130,148,73,23,23,53,78,101,133,133,32,50,68,68,163,163,174,186,58,58],"floor_reached":21,"playtime":1070,"items_purged":["Strike_B","Strike_B","Strike_B+1"],"score":302,"play_id":"fd205448-5e02-46b8-a320-0352dbc044ea","local_time":"20181107021320","is_ascension_mode":true,"campfire_choices":[{"data":"Zap","floor":6,"key":"SMITH"},{"data":"Defragment","floor":15,"key":"SMITH"}],"neow_cost":"NONE","seed_source_timestamp":198698775228025,"circlet_count":0,"master_deck":["AscendersBane","Defend_B","Defend_B","Defend_B","Defend_B","Zap+1","Dualcast","Cold Snap+1","Hello World","Turbo","Chill","Defragment+1","Heatsinks","Cold Snap","Auto Shields","Hologram","Creative AI","Self Repair","Glacier","Loop"],"relics":["Cracked Core","Whetstone","Smiling Mask","Blood Vial","Omamori","Nuclear Battery"],"potions_floor_usage":[10,10,16,16,21,21],"damage_taken":[{"damage":1,"enemies":"2 Louse","floor":1,"turns":2},{"damage":3,"enemies":"Jaw Worm","floor":2,"turns":4},{"damage":5,"enemies":"Small Slimes","floor":3,"turns":4},{"damage":44,"enemies":"Gremlin Nob","floor":7,"turns":5},{"damage":1,"enemies":"Lagavulin","floor":10,"turns":6},{"damage":4,"enemies":"Red Slaver","floor":13,"turns":4},{"damage":4,"enemies":"Blue Slaver","floor":14,"turns":4},{"damage":2,"enemies":"Slime Boss","floor":16,"turns":16},{"damage":3,"enemies":"Shell Parasite","floor":18,"turns":6},{"damage":52,"enemies":"3 Byrds","floor":19,"turns":9},{"damage":22,"enemies":"Snake Plant","floor":21,"turns":1}],"seed_played":"8795751430741132590","potions_obtained":[{"floor":2,"key":"Weak Potion"},{"floor":3,"key":"Strength Potion"},{"floor":10,"key":"GamblersBrew"},{"floor":11,"key":"SpeedPotion"},{"floor":16,"key":"FearPotion"},{"floor":19,"key":"Fire Potion"}],"is_trial":false,"path_per_floor":["M","M","M","$","?","R","E","T","T","E","?","$","M","M","R","B",null,"M","M","$","M"],"character_chosen":"DEFECT","items_purchased":["Cold Snap","Loop"],"campfire_rested":0,"item_purchase_floors":[12,20],"current_hp_per_floor":[67,64,59,59,59,59,15,15,15,16,16,16,14,12,12,12,59,58,15,15,0],"gold":58,"neow_bonus":"THREE_CARDS","is_prod":false,"is_daily":false,"chose_seed":false,"campfire_upgraded":2,"win_rate":0,"timestamp":1541585600,"path_taken":["M","M","M","$","?","R","E","?","T","E","?","$","?","M","R","BOSS","M","M","$","M"],"build_version":"2018-11-01","purchased_purges":3,"victory":false,"max_hp_per_floor":[75,75,75,75,75,75,75,75,75,75,75,75,75,75,75,75,75,75,75,75,75],"card_choices":[{"not_picked":["Beam Cell","FTL"],"picked":"Cold Snap","floor":0},{"not_picked":["Beam Cell","Heatsinks"],"picked":"Hello World","floor":1},{"not_picked":["Redo","Rip and Tear"],"picked":"Turbo","floor":2},{"not_picked":["Leap","Scrape"],"picked":"Chill","floor":3},{"not_picked":["Turbo","Gash"],"picked":"Defragment","floor":7},{"not_picked":["Barrage","Sunder"],"picked":"Heatsinks","floor":10},{"not_picked":["Chill","Gash"],"picked":"Auto Shields","floor":13},{"not_picked":["Fusion","Compile Driver"],"picked":"Hologram","floor":14},{"not_picked":["Amplify","Core Surge"],"picked":"Creative AI","floor":16},{"not_picked":["Barrage","Compile Driver+1"],"picked":"Self Repair","floor":18},{"not_picked":["Ball Lightning+1","Steam"],"picked":"Glacier","floor":19}],"player_experience":360265,"relics_obtained":[{"floor":7,"key":"Whetstone"},{"floor":8,"key":"Smiling Mask"},{"floor":9,"key":"Blood Vial"},{"floor":10,"key":"Omamori"}],"event_choices":[{"cards_removed":["Strike_B"],"damage_healed":0,"gold_gain":0,"player_choice":"Card Removal","damage_taken":0,"max_hp_gain":0,"max_hp_loss":0,"event_name":"The Cleric","floor":5,"gold_loss":50},{"damage_healed":0,"gold_gain":0,"player_choice":"Got Potions","damage_taken":0,"max_hp_gain":0,"max_hp_loss":0,"event_name":"Lab","floor":11,"gold_loss":0}],"is_beta":false,"boss_relics":[{"not_picked":["Fusion Hammer","Orrery"],"picked":"Nuclear Battery"}],"items_purged_floors":[4,12,20],"is_endless":false,"potions_floor_spawned":[2,3,10,16,19],"killed_by":"Snake Plant","ascension_level":12}