{"path_per_floor":["M","?","M","?","M","R","E","R","T","E","M","M","?","?","R"],"character_chosen":"THE_SILENT","items_purchased":[],"gold_per_floor":[111,111,124,124,148,148,189,189,212,246,266,285,250,250,250],"floor_reached":16,"campfire_rested":1,"playtime":1369,"current_hp_per_floor":[70,63,63,63,61,61,13,35,35,15,14,14,32,57,57],"items_purged":[],"gold":250,"play_id":"90af1881-3091-42f4-9d07-32f1ef76dca9","is_prod":false,"is_daily":false,"is_ascension_mode":false,"campfire_upgraded":2,"path_taken":["M","?","M","?","M","R","E","R","T","E","?","M","?","?","R","BOSS"],"build_version":"2018-01-25-PROD3","purchased_purges":0,"victory":false,"master_deck":["Defend_G","Defend_G","Defend_G","Defend_G","Defend_G","Strike_G","Strike_G","Strike_G","Strike_G","Survivor","Neutralize+1","Burst","Dodge and Roll","Poisoned Stab","Flying Knee","Acrobatics","After Image+1","Outmaneuver"],"max_hp_per_floor":[70,70,70,65,65,65,75,75,75,75,75,75,75,75,75],"relics":["Ring of the Snake","Golden Idol","Pear","Oddly Smooth Stone","Vajra"],"card_choices":[{"not_picked":["Prepared","Slice"],"picked":"Burst"},{"not_picked":["Reflex","Sucker Punch"],"picked":"Dodge and Roll"},{"not_picked":["Finisher","Backflip"],"picked":"Poisoned Stab"},{"not_picked":["Masterful Stab","Quick Slash"],"picked":"Flying Knee"},{"not_picked":["Crippling Poison","Outmaneuver"],"picked":"Acrobatics"},{"not_picked":["Dash","Deadly Poison"],"picked":"After Image"},{"not_picked":["Catalyst","Dagger Spray"],"picked":"Outmaneuver"}],"player_experience":31339,"potions_floor_usage":[10,16,16],"damage_taken":[{"damage":0,"enemies":"2 Louse","floor":1,"turns":3},{"damage":0,"enemies":"Jaw Worm","floor":3,"turns":7},{"damage":2,"enemies":"Blue Slaver","floor":5,"turns":6},{"damage":58,"enemies":"Gremlin Nob","floor":7,"turns":7},{"damage":20,"enemies":"3 Sentries","floor":10,"turns":8},{"damage":1,"enemies":"Exordium Wildlife","floor":11,"turns":5},{"damage":0,"enemies":"Looter","floor":12,"turns":5},{"damage":63,"enemies":"Hexaghost","floor":16,"turns":16}],"event_choices":[{"event_name":"Golden Wing","player_choice":"Card Removal","floor":2,"damage_taken":0},{"event_name":"Golden Idol","player_choice":"Lose Max HP","floor":4,"damage_taken":0},{"event_name":"The Cleric","player_choice":"Healed","floor":13,"damage_taken":0},{"event_name":"Big Fish","player_choice":"Banana","floor":14,"damage_taken":0}],"boss_relics":[],"potions_floor_spawned":[3,11,12],"seed_played":"-4150835964761898720","killed_by":"Hexaghost","ascension_level":0,"is_trial":false}