{"gold_per_floor":[117,117,117,130,130,162,162,175,175,212,224,256,278,96,96,171,171,188,188,205,224,224,224,244,244,270,282,382,382,398,175,175,250,250,261,261,52,52,52,52,52,52,52,52,72,72,87,106,106,106],"floor_reached":51,"playtime":2080,"items_purged":["Strike_B"],"score":1230,"play_id":"98d71af4-cd18-42d4-a7d8-bd1a39ec55f8","local_time":"20180922234806","is_ascension_mode":true,"campfire_choices":[{"data":"Biased Cognition","floor":11,"key":"SMITH"},{"data":"Storm","floor":15,"key":"SMITH"},{"data":"Storm","floor":23,"key":"SMITH"},{"data":"Force Field","floor":25,"key":"SMITH"},{"data":"Thunder Strike","floor":29,"key":"SMITH"},{"data":"Storm","floor":32,"key":"SMITH"},{"data":"Machine Learning","floor":40,"key":"SMITH"},{"data":"Jack Of All Trades","floor":42,"key":"SMITH"},{"data":"Violence","floor":44,"key":"SMITH"},{"data":"BootSequence","floor":46,"key":"SMITH"},{"data":"Conserve Battery","floor":49,"key":"SMITH"}],"neow_cost":"CURSE","seed_source_timestamp":709832147410051,"circlet_count":0,"master_deck":["Strike_B+1","Strike_B+1","Strike_B+1","Defend_B+1","Defend_B+1","Defend_B+1","Defend_B+1","Zap+1","Dualcast","AscendersBane","Thunder Strike+1","Self Repair","Conserve Battery+1","Jack Of All Trades+1","Biased Cognition+1","Electrodynamics","Tempest","Self Repair","Storm+1","Storm+1","BootSequence+1","Core Surge","Glacier","Undo","Loop","Force Field+1","Self Repair","Static Discharge","Storm+1","Machine Learning+1","Storm+1","Sadistic Nature","Violence+1","Dark Shackles","Loop+1","Self Repair"],"relics":["Cracked Core","Spirit Poop","Ancient Tea Set","Mango","MawBank","Bronze Scales","Velvet Choker","Pen Nib","FossilizedHelix","Molten Egg 2","Anchor","Inserter","Runic Capacitor","Mummified Hand","Pocketwatch","Omamori"],"potions_floor_usage":[20,50,50],"damage_taken":[{"damage":2,"enemies":"2 Louse","floor":1,"turns":3},{"damage":1,"enemies":"Cultist","floor":4,"turns":3},{"damage":33,"enemies":"3 Sentries","floor":6,"turns":10},{"damage":12,"enemies":"Jaw Worm","floor":8,"turns":3},{"damage":10,"enemies":"Gremlin Nob","floor":10,"turns":3},{"damage":9,"enemies":"3 Louse","floor":12,"turns":3},{"damage":27,"enemies":"Large Slime","floor":13,"turns":4},{"damage":0,"enemies":"Slime Boss","floor":16,"turns":5},{"damage":0,"enemies":"Chosen","floor":18,"turns":3},{"damage":0,"enemies":"Shell Parasite","floor":20,"turns":2},{"damage":0,"enemies":"3 Cultists","floor":21,"turns":2},{"damage":4,"enemies":"Centurion and Healer","floor":24,"turns":2},{"damage":18,"enemies":"Snecko","floor":27,"turns":5},{"damage":4,"enemies":"Colosseum Slavers","floor":28,"turns":4},{"damage":7,"enemies":"Colosseum Nobs","floor":28,"turns":4},{"damage":0,"enemies":"3 Cultists","floor":30,"turns":2},{"damage":28,"enemies":"Collector","floor":33,"turns":5},{"damage":0,"enemies":"3 Shapes","floor":35,"turns":2},{"damage":0,"enemies":"Mind Bloom Boss Battle","floor":41,"turns":4},{"damage":0,"enemies":"3 Darklings","floor":45,"turns":3},{"damage":0,"enemies":"4 Shapes","floor":47,"turns":3},{"damage":0,"enemies":"Sphere and 2 Shapes","floor":48,"turns":2},{"damage":1,"enemies":"Donu and Deca","floor":50,"turns":5}],"seed_played":"-5549998040992695271","potions_obtained":[{"floor":4,"key":"EssenceOfSteel"},{"floor":8,"key":"SteroidPotion"},{"floor":12,"key":"Energy Potion"},{"floor":18,"key":"FocusPotion"},{"floor":21,"key":"Strength Potion"},{"floor":41,"key":"Swift Potion"}],"is_trial":false,"path_per_floor":["M","?","?","M","?","E","T","M","T","E","R","M","M","$","R","B",null,"M","?","M","M","?","R","M","R","T","M","?","R","M","$","R","B",null,"M","?","$","T","$","R","?","R","T","R","M","R","M","M","R","B"],"character_chosen":"DEFECT","items_purchased":["Storm","BootSequence","Storm","Anchor","Runic Capacitor"],"campfire_rested":0,"item_purchase_floors":[14,14,31,31,37],"current_hp_per_floor":[66,66,66,72,72,46,60,55,55,52,52,57,44,44,44,58,81,88,88,89,89,89,89,89,89,89,78,88,88,89,89,89,75,86,89,79,79,79,79,79,89,89,89,89,89,89,89,89,89,89],"gold":106,"neow_bonus":"THREE_RARE_CARDS","is_prod":false,"is_daily":false,"chose_seed":false,"campfire_upgraded":11,"win_rate":0,"timestamp":1537674486,"path_taken":["M","?","?","M","?","E","?","M","T","E","R","M","M","?","R","BOSS","M","?","M","?","?","R","M","R","T","?","?","R","M","$","R","BOSS","M","?","?","?","$","R","?","R","T","R","M","R","?","?","R","BOSS"],"build_version":"2018-09-20","purchased_purges":1,"victory":true,"max_hp_per_floor":[75,75,75,75,75,75,89,89,89,89,89,89,89,89,89,89,89,89,89,89,89,89,89,89,89,89,89,89,89,89,89,89,89,89,89,89,89,89,89,89,89,89,89,89,89,89,89,89,89,89],"card_choices":[{"not_picked":["Fission","Reboot"],"picked":"Thunder Strike","floor":0},{"not_picked":["Beam Cell","Stack"],"picked":"Self Repair","floor":1},{"not_picked":["Stack","Skim"],"picked":"Conserve Battery","floor":4},{"not_picked":["Gash","Steam"],"picked":"Electrodynamics","floor":6},{"not_picked":["Gash","Chill"],"picked":"Tempest","floor":8},{"not_picked":["Hologram","Go for the Eyes"],"picked":"Self Repair","floor":10},{"not_picked":["Self Repair","Barrage"],"picked":"Storm","floor":12},{"not_picked":["Beam Cell","Go for the Eyes","Rebound"],"picked":"SKIP","floor":13},{"not_picked":["Electrodynamics","Hyperbeam"],"picked":"Core Surge","floor":16},{"not_picked":["Beam Cell","Recycle+1"],"picked":"Glacier","floor":18},{"not_picked":["Leap","Genetic Algorithm"],"picked":"Undo","floor":20},{"not_picked":["Steam Power","Hologram"],"picked":"Loop","floor":21},{"not_picked":["Stack+1","Reprogram"],"picked":"Force Field","floor":24},{"not_picked":["Hello World+1","Reprogram","Genetic Algorithm+1"],"picked":"SKIP","floor":27},{"not_picked":["Hologram","Coolheaded"],"picked":"Self Repair","floor":28},{"not_picked":["Cold Snap+1","Coolheaded"],"picked":"Static Discharge","floor":30},{"not_picked":["Thunder Strike+1","Meteor Strike+1"],"picked":"Machine Learning","floor":33},{"not_picked":["Reinforced Body","Sweeping Beam+1"],"picked":"Storm+1","floor":35},{"not_picked":["Good Instincts","Metamorphosis"],"picked":"Sadistic Nature","floor":36},{"not_picked":["PanicButton","Swift Strike+1"],"picked":"Violence","floor":36},{"not_picked":["Trip","Magnetism"],"picked":"Dark Shackles","floor":36},{"not_picked":["Ball Lightning+1","Glacier"],"picked":"Loop+1","floor":45},{"not_picked":["Sweeping Beam+1","Go for the Eyes+1","Fusion"],"picked":"SKIP","floor":47},{"not_picked":["Coolheaded+1","Redo"],"picked":"Self Repair","floor":48}],"player_experience":246577,"relics_obtained":[{"floor":6,"key":"Ancient Tea Set"},{"floor":7,"key":"Mango"},{"floor":9,"key":"MawBank"},{"floor":10,"key":"Bronze Scales"},{"floor":26,"key":"Pen Nib"},{"floor":28,"key":"FossilizedHelix"},{"floor":28,"key":"Molten Egg 2"},{"floor":38,"key":"Mummified Hand"},{"floor":41,"key":"Pocketwatch"},{"floor":43,"key":"Omamori"}],"event_choices":[{"event_name":"Bonfire Elementals","player_choice":"CURSE","floor":2,"damage_taken":0},{"event_name":"Living Wall","player_choice":"Grow","floor":3,"damage_taken":0},{"event_name":"Match and Keep!","player_choice":"2 cards matched","floor":5,"damage_taken":0},{"event_name":"Back to Basics","player_choice":"Simplicity","floor":19,"damage_taken":0},{"event_name":"Vampires","player_choice":"Ignored","floor":22,"damage_taken":0},{"event_name":"Colosseum","player_choice":"Fight","floor":28,"damage_taken":0},{"event_name":"Colosseum","player_choice":"Fought Nobs","floor":28,"damage_taken":0},{"event_name":"SensoryStone","player_choice":"Memory 3","floor":36,"damage_taken":0},{"event_name":"MindBloom","player_choice":"Fight","floor":41,"damage_taken":0}],"is_beta":false,"boss_relics":[{"not_picked":["Nuclear Battery","Pandora\u0027s Box"],"picked":"Velvet Choker"},{"not_picked":["Black Star","Philosopher\u0027s Stone"],"picked":"Inserter"}],"items_purged_floors":[14],"is_endless":false,"potions_floor_spawned":[4,8,10,12,18,21,24,28,41,48],"ascension_level":13}