{"gold_per_floor":[113,113,140,161,181,181,196,196,196,232,197,261,274,287,287,381,381,395,28,47,7,7],"floor_reached":22,"playtime":854,"items_purged":[],"score":382,"play_id":"a655a54e-796b-4628-a473-d41fba046948","local_time":"20190204070818","is_ascension_mode":true,"campfire_choices":[{"data":"Chrysalis","floor":6,"key":"SMITH"},{"data":"Sunder","floor":8,"key":"SMITH"},{"data":"Skim","floor":15,"key":"SMITH"}],"neow_cost":"PERCENT_DAMAGE","seed_source_timestamp":132111915610700,"circlet_count":0,"master_deck":["AscendersBane","Strike_B","Strike_B","Strike_B+1","Strike_B","Defend_B","Defend_B","Defend_B","Defend_B","Zap","Dualcast","Trip","Chrysalis+1","Rebound+1","Skim+1","Conserve Battery","Sunder+1","Conserve Battery","Biased Cognition","Rebound","Undo","Seek","Scrape","Meteor Strike","Loop","Loop+1","Conserve Battery"],"relics":["Cracked Core","Golden Idol","Whetstone","The Courier","Pear","Tiny Chest","Cursed Key","Runic Capacitor"],"potions_floor_usage":[10,10,14,16,16,20,22],"damage_taken":[{"damage":14,"enemies":"Small Slimes","floor":1,"turns":5},{"damage":0,"enemies":"Jaw Worm","floor":4,"turns":1},{"damage":0,"enemies":"Cultist","floor":5,"turns":2},{"damage":11,"enemies":"3 Louse","floor":7,"turns":4},{"damage":11,"enemies":"Gremlin Nob","floor":10,"turns":3},{"damage":26,"enemies":"Lagavulin","floor":12,"turns":7},{"damage":0,"enemies":"Large Slime","floor":13,"turns":2},{"damage":0,"enemies":"2 Fungi Beasts","floor":14,"turns":1},{"damage":9,"enemies":"The Guardian","floor":16,"turns":12},{"damage":27,"enemies":"Shell Parasite","floor":18,"turns":6},{"damage":10,"enemies":"2 Thieves","floor":20,"turns":4},{"damage":23,"enemies":"Colosseum Slavers","floor":22,"turns":1}],"seed_played":"-6787285278340738337","potions_obtained":[{"floor":4,"key":"Poison Potion"},{"floor":7,"key":"Fire Potion"},{"floor":13,"key":"EntropicBrew"},{"floor":14,"key":"PowerPotion"},{"floor":16,"key":"FocusPotion"},{"floor":18,"key":"AttackPotion"},{"floor":20,"key":"Weak Potion"}],"is_trial":false,"path_per_floor":["M","?","T","M","M","R","M","R","T","E","?","E","M","M","R","B",null,"M","$","M","$","?"],"character_chosen":"DEFECT","items_purchased":["Runic Capacitor","Meteor Strike","Loop","Conserve Battery"],"campfire_rested":0,"item_purchase_floors":[19,19,19,21],"current_hp_per_floor":[32,32,32,32,32,32,21,21,21,20,38,12,12,12,12,3,56,29,29,19,19,0],"gold":7,"neow_bonus":"RANDOM_COLORLESS_2","is_prod":false,"is_daily":false,"chose_seed":false,"campfire_upgraded":3,"win_rate":0,"timestamp":1549292898,"path_taken":["M","?","?","M","?","R","M","R","T","E","?","E","M","M","R","BOSS","M","$","M","$","?"],"build_version":"2019-01-23","purchased_purges":0,"victory":false,"max_hp_per_floor":[71,64,64,64,64,64,64,64,64,74,74,74,74,74,74,74,74,74,74,74,74,74],"card_choices":[{"not_picked":["Rip and Tear","Gash"],"picked":"Rebound","floor":1},{"not_picked":["Streamline","Go for the Eyes"],"picked":"Skim","floor":4},{"not_picked":["Lockon","Stack"],"picked":"Conserve Battery","floor":5},{"not_picked":["Static Discharge","Redo"],"picked":"Sunder","floor":7},{"not_picked":["Lockon","Cold Snap"],"picked":"Conserve Battery","floor":10},{"not_picked":["Recycle","Loop"],"picked":"Biased Cognition","floor":12},{"not_picked":["Go for the Eyes","Conserve Battery"],"picked":"Rebound","floor":13},{"not_picked":["Hello World","Lockon"],"picked":"Undo","floor":14},{"not_picked":["Reboot","Multi-Cast"],"picked":"Seek","floor":16},{"not_picked":["Go for the Eyes","Hello World"],"picked":"Scrape","floor":18},{"not_picked":["Streamline","Heatsinks"],"picked":"Loop+1","floor":20}],"player_experience":621716,"relics_obtained":[{"floor":3,"key":"Whetstone"},{"floor":9,"key":"The Courier"},{"floor":10,"key":"Pear"},{"floor":12,"key":"Tiny Chest"}],"event_choices":[{"damage_healed":0,"gold_gain":0,"player_choice":"Lose Max HP","damage_taken":0,"relics_obtained":["Golden Idol"],"max_hp_gain":0,"max_hp_loss":7,"event_name":"Golden Idol","floor":2,"gold_loss":0},{"damage_healed":18,"gold_gain":0,"player_choice":"Healed","damage_taken":0,"max_hp_gain":0,"max_hp_loss":0,"event_name":"The Cleric","floor":11,"gold_loss":35},{"damage_healed":0,"gold_gain":0,"player_choice":"Fight","damage_taken":0,"max_hp_gain":0,"max_hp_loss":0,"event_name":"Colosseum","floor":22,"gold_loss":0}],"is_beta":false,"boss_relics":[{"not_picked":["Busted Crown","Empty Cage"],"picked":"Cursed Key"}],"items_purged_floors":[],"is_endless":false,"potions_floor_spawned":[4,7,13,14,16,18,20],"killed_by":"Colosseum Slavers","ascension_level":19}