{"gold_per_floor":[112,38,38,55,55,55,90,90,116,131,131,31,54,54,54,54],"floor_reached":16,"playtime":624,"items_purged":[],"score":118,"play_id":"735d4e88-2437-479c-9097-615b17968672","local_time":"20180915120214","is_ascension_mode":true,"campfire_choices":[{"data":"Biased Cognition","floor":6,"key":"SMITH"},{"floor":8,"key":"REST"},{"data":"Defragment","floor":15,"key":"SMITH"}],"neow_cost":"NONE","seed_source_timestamp":64103369060512,"circlet_count":0,"master_deck":["Strike_B","Strike_B","Strike_B","Strike_B","Defend_B","Defend_B","Defend_B","Defend_B","Zap","Dualcast","Biased Cognition+1","Capacitor","Multi-Cast","White Noise","Defragment+1","Undo","Conserve Battery","Defragment","Capacitor"],"relics":["Cracked Core","Golden Idol","Thread and Needle","Boot","Bronze Scales"],"potions_floor_usage":[],"damage_taken":[{"damage":1,"enemies":"Cultist","floor":1,"turns":3},{"damage":0,"enemies":"Small Slimes","floor":4,"turns":3},{"damage":55,"enemies":"3 Sentries","floor":7,"turns":10},{"damage":8,"enemies":"Jaw Worm","floor":10,"turns":2},{"damage":1,"enemies":"3 Louse","floor":13,"turns":5},{"damage":34,"enemies":"Slime Boss","floor":16,"turns":3}],"seed_played":"-5246660222106782068","potions_obtained":[{"floor":3,"key":"PowerPotion"},{"floor":3,"key":"LiquidBronze"},{"floor":3,"key":"Weak Potion"},{"floor":13,"key":"Fire Potion"}],"is_trial":false,"path_per_floor":["M","$","?","M","?","R","E","R","T","M","?","$","M","?","R"],"character_chosen":"DEFECT","items_purchased":["Multi-Cast","Conserve Battery","Defragment"],"campfire_rested":1,"item_purchase_floors":[2,12,12],"current_hp_per_floor":[74,74,74,74,56,56,1,23,23,15,15,15,14,14,14,0],"gold":54,"neow_bonus":"ONE_RANDOM_RARE_CARD","is_prod":false,"is_daily":false,"chose_seed":false,"campfire_upgraded":2,"win_rate":0,"timestamp":1537027334,"path_taken":["M","?","?","M","?","R","E","R","T","M","?","?","?","?","R","BOSS"],"build_version":"2018-09-06","purchased_purges":0,"victory":false,"max_hp_per_floor":[75,75,75,75,75,75,75,75,75,75,75,75,75,75,75,75],"card_choices":[{"not_picked":["Stack","Streamline"],"picked":"Capacitor","floor":1},{"not_picked":["Glacier","Turbo"],"picked":"White Noise","floor":4},{"not_picked":["Chaos","Aggregate"],"picked":"Defragment","floor":7},{"not_picked":["Gash","Rip and Tear"],"picked":"Undo","floor":10},{"not_picked":["Turbo","Ball Lightning"],"picked":"Capacitor","floor":13}],"player_experience":183455,"relics_obtained":[{"floor":7,"key":"Thread and Needle"},{"floor":9,"key":"Boot"}],"event_choices":[{"event_name":"The Lab","player_choice":"Got Potions","floor":3,"damage_taken":0},{"event_name":"Golden Idol","player_choice":"Take Damage","floor":5,"damage_taken":0},{"event_name":"WeMeetAgain","player_choice":"Potion","floor":11,"damage_taken":0},{"event_name":"Dead Adventurer","player_choice":"Searched \u00271\u0027 times","floor":14,"damage_taken":0}],"is_beta":false,"boss_relics":[],"items_purged_floors":[],"is_endless":false,"potions_floor_spawned":[10,13],"killed_by":"Slime Boss","ascension_level":4}