{"path_per_floor":["M","M","M","M","M","E","R","M","T","R","M","M","R","?","R"],"character_chosen":"IRONCLAD","items_purchased":[],"gold_per_floor":[112,122,134,146,166,196,196,216,289,289,306,321,321,321,321],"floor_reached":16,"campfire_rested":1,"playtime":758,"current_hp_per_floor":[78,78,80,65,55,34,34,22,22,46,51,44,44,44,44],"items_purged":[],"gold":321,"score":148,"play_id":"3e3d74ce-f3d0-4324-a001-5e12ac36f83a","local_time":"20180305165438","is_prod":false,"is_daily":false,"is_ascension_mode":true,"campfire_upgraded":3,"timestamp":1520236478,"path_taken":["M","M","M","M","M","E","R","M","T","R","M","M","R","?","R","BOSS"],"build_version":"2018-03-01-PROD1","purchased_purges":0,"victory":false,"master_deck":["Strike_R","Strike_R","Strike_R","Strike_R","Strike_R","Defend_R","Defend_R+1","Defend_R+1","Defend_R","Bash","Corruption+1","Metallicize+1","Battle Trance","Shrug It Off","Flex+1","Ghostly Armor","Shockwave+1","Flame Barrier"],"max_hp_per_floor":[80,80,80,80,80,80,80,80,80,80,80,80,80,80,80],"relics":["Burning Blood","War Paint","Bottled Lightning","Smiling Mask"],"card_choices":[{"not_picked":["Headbutt","Armaments"],"picked":"Corruption"},{"not_picked":["Carnage","Warcry"],"picked":"Metallicize"},{"not_picked":["Heavy Blade","Iron Wave"],"picked":"Battle Trance"},{"not_picked":["Pommel Strike","Blood for Blood"],"picked":"Shrug It Off"},{"not_picked":["Disarm","True Grit"],"picked":"Flex"},{"not_picked":["Twin Strike","True Grit"],"picked":"Ghostly Armor"},{"not_picked":["Body Slam","Sword Boomerang"],"picked":"Shockwave"},{"not_picked":["Iron Wave","Headbutt"],"picked":"Flame Barrier"}],"player_experience":257079,"potions_floor_usage":[6,16,16],"damage_taken":[{"damage":0,"enemies":"Small Slimes","floor":1,"turns":4},{"damage":6,"enemies":"Cultist","floor":2,"turns":3},{"damage":0,"enemies":"2 Louse","floor":3,"turns":2},{"damage":21,"enemies":"2 Fungi Beasts","floor":4,"turns":4},{"damage":16,"enemies":"Exordium Wildlife","floor":5,"turns":5},{"damage":27,"enemies":"Lagavulin","floor":6,"turns":9},{"damage":18,"enemies":"3 Louse","floor":8,"turns":4},{"damage":1,"enemies":"2 Fungi Beasts","floor":11,"turns":5},{"damage":13,"enemies":"Lots of Slimes","floor":12,"turns":6},{"damage":50,"enemies":"Slime Boss","floor":16,"turns":9}],"event_choices":[{"event_name":"Upgrade Shrine","player_choice":"Upgraded","floor":14,"damage_taken":0}],"boss_relics":[],"potions_floor_spawned":[2,6,8,12],"seed_played":"3507498982389354368","killed_by":"Slime Boss","ascension_level":8,"is_trial":false}