{"gold_per_floor":[109,109,127,176,187,187,207,227,227,241,191,204,226,226,226,226],"floor_reached":16,"playtime":627,"items_purged":[],"score":94,"play_id":"aa2ad43f-a3db-4e30-9c6e-0d09f0432939","local_time":"20181119034917","is_ascension_mode":false,"campfire_choices":[{"data":"Deadly Poison","floor":6,"key":"SMITH"},{"data":"Bullet Time","floor":15,"key":"SMITH"}],"neow_cost":"NONE","seed_source_timestamp":222828079942187,"circlet_count":0,"master_deck":["Defend_G","Defend_G","Defend_G","Defend_G","Defend_G","Strike_G","Strike_G","Strike_G","Survivor","Neutralize","Bullet Time+1","Setup","Deadly Poison+1","Underhanded Strike","Deadly Poison","Crippling Poison","Backflip","A Thousand Cuts","Bane","Reflex"],"relics":["Ring of the Snake","Happy Flower","Centennial Puzzle","Potion Belt","Odd Mushroom"],"potions_floor_usage":[13,16],"damage_taken":[{"damage":2,"enemies":"Small Slimes","floor":1,"turns":5},{"damage":0,"enemies":"Jaw Worm","floor":3,"turns":4},{"damage":1,"enemies":"Cultist","floor":5,"turns":3},{"damage":5,"enemies":"Exordium Wildlife","floor":7,"turns":4},{"damage":4,"enemies":"Blue Slaver","floor":8,"turns":2},{"damage":1,"enemies":"Large Slime","floor":10,"turns":3},{"damage":9,"enemies":"Red Slaver","floor":12,"turns":4},{"damage":4,"enemies":"The Mushroom Lair","floor":13,"turns":5},{"damage":30,"enemies":"Slime Boss","floor":16,"turns":6}],"seed_played":"-1745611546421125222","potions_obtained":[{"floor":1,"key":"GhostInAJar"},{"floor":3,"key":"GhostInAJar"}],"is_trial":false,"path_per_floor":["M","?","M","T","M","R","M","M","T","M","?","M","?","?","R","B"],"character_chosen":"THE_SILENT","items_purchased":[],"campfire_rested":0,"item_purchase_floors":[],"current_hp_per_floor":[68,50,50,50,49,49,44,40,40,39,39,30,26,26,26,0],"gold":226,"neow_bonus":"ONE_RANDOM_RARE_CARD","is_prod":false,"is_daily":false,"chose_seed":false,"campfire_upgraded":2,"win_rate":0,"timestamp":1542628157,"path_taken":["M","?","M","?","?","R","M","M","T","M","?","M","?","?","R","BOSS"],"build_version":"2018-11-15","purchased_purges":0,"victory":false,"max_hp_per_floor":[70,70,70,70,70,70,70,70,70,70,70,70,70,70,70,70],"card_choices":[{"not_picked":["Outmaneuver","Bane"],"picked":"Setup","floor":1},{"not_picked":["Quick Slash","Deflect"],"picked":"Deadly Poison","floor":3},{"not_picked":["Sucker Punch","Flying Knee"],"picked":"Underhanded Strike","floor":5},{"not_picked":["All Out Attack","PiercingWail"],"picked":"Deadly Poison","floor":7},{"not_picked":["Blade Dance","Deflect"],"picked":"Crippling Poison","floor":8},{"not_picked":["Outmaneuver","Terror"],"picked":"Backflip","floor":10},{"not_picked":["Endless Agony","Dagger Spray"],"picked":"A Thousand Cuts","floor":12},{"not_picked":["Blur","Deflect"],"picked":"Bane","floor":13}],"player_experience":433065,"relics_obtained":[{"floor":4,"key":"Centennial Puzzle"},{"floor":9,"key":"Potion Belt"},{"floor":13,"key":"Odd Mushroom"}],"event_choices":[{"damage_healed":0,"gold_gain":0,"player_choice":"Success","damage_taken":18,"relics_obtained":["Happy Flower"],"max_hp_gain":0,"max_hp_loss":0,"event_name":"Scrap Ooze","floor":2,"gold_loss":0},{"cards_removed":["Strike_G"],"damage_healed":0,"gold_gain":0,"player_choice":"Card Removal","damage_taken":0,"max_hp_gain":0,"max_hp_loss":0,"event_name":"The Cleric","floor":11,"gold_loss":50},{"damage_healed":0,"gold_gain":0,"player_choice":"Fought Mushrooms","damage_taken":0,"max_hp_gain":0,"max_hp_loss":0,"event_name":"Mushrooms","floor":13,"gold_loss":0},{"damage_healed":0,"gold_gain":0,"cards_transformed":["Strike_G"],"player_choice":"Transformed","damage_taken":0,"max_hp_gain":0,"max_hp_loss":0,"event_name":"Transmorgrifier","floor":14,"gold_loss":0,"cards_obtained":["Reflex"]}],"is_beta":false,"boss_relics":[],"items_purged_floors":[],"is_endless":false,"potions_floor_spawned":[1,3],"killed_by":"Slime Boss","ascension_level":0}