{"gold_per_floor":[109,120,120,12,112,142,152,152,152,152,152,171,194,229,229,325,325,344,344,34,45,0,29,29,55,82,82,98,23,43,43,55,165,227,258,285,297,14,32,365,365,365,365,383,278,293,293,305,305,305],"floor_reached":51,"playtime":3234,"items_purged":["Defend_B","Defend_B"],"score":1044,"play_id":"e3fd0853-4289-4c65-83f3-60c4c826bd3f","local_time":"20180907125703","is_ascension_mode":true,"campfire_choices":[{"data":"Defragment","floor":8,"key":"SMITH"},{"floor":11,"key":"REST"},{"data":"Hologram","floor":15,"key":"SMITH"},{"data":"Echo Form","floor":24,"key":"SMITH"},{"data":"Blizzard","floor":27,"key":"SMITH"},{"data":"Metamorphosis","floor":32,"key":"SMITH"},{"data":"Creative AI","floor":41,"key":"SMITH"},{"data":"Glacier","floor":49,"key":"SMITH"}],"neow_cost":"NONE","seed_source_timestamp":57698150932961,"circlet_count":0,"master_deck":["Strike_B","Strike_B","Strike_B","Defend_B","Zap","Dualcast","Cold Snap","Cold Snap","Defragment+1","Melter","Coolheaded","Hologram+1","Glacier+1","Barrage","Echo Form+1","BootSequence+1","Metamorphosis+1","Gash+1","Blizzard+1","Coolheaded","Ball Lightning+1","Creative AI+1","Rebound+1","Reboot","Cold Snap+1","Coolheaded+1","Go for the Eyes+1","Glacier"],"relics":["Cracked Core","Oddly Smooth Stone","FossilizedHelix","StoneCalendar","Cables","Odd Mushroom","Bag of Preparation","Nuclear Battery","DataDisk","Incense Burner","Blood Vial","MawBank","Tiny House","Ginger","Calipers","Old Coin","Symbiotic Virus","Vajra","Pocketwatch"],"potions_floor_usage":[25,33,50,50],"damage_taken":[{"damage":0,"enemies":"Jaw Worm","floor":1,"turns":3},{"damage":4,"enemies":"Cultist","floor":2,"turns":3},{"damage":21,"enemies":"3 Sentries","floor":6,"turns":7},{"damage":0,"enemies":"Small Slimes","floor":7,"turns":2},{"damage":0,"enemies":"Blue Slaver","floor":12,"turns":3},{"damage":0,"enemies":"The Mushroom Lair","floor":13,"turns":5},{"damage":0,"enemies":"Gremlin Nob","floor":14,"turns":6},{"damage":0,"enemies":"Hexaghost","floor":16,"turns":9},{"damage":0,"enemies":"Spheric Guardian","floor":18,"turns":2},{"damage":0,"enemies":"Shell Parasite","floor":21,"turns":3},{"damage":5,"enemies":"Slavers","floor":23,"turns":7},{"damage":0,"enemies":"Gremlin Leader","floor":25,"turns":6},{"damage":0,"enemies":"Centurion and Healer","floor":28,"turns":4},{"damage":0,"enemies":"Snecko","floor":30,"turns":6},{"damage":0,"enemies":"Champ","floor":33,"turns":12},{"damage":0,"enemies":"3 Darklings","floor":35,"turns":4},{"damage":0,"enemies":"3 Shapes","floor":36,"turns":5},{"damage":11,"enemies":"Mind Bloom Boss Battle","floor":37,"turns":9},{"damage":0,"enemies":"Transient","floor":39,"turns":5},{"damage":6,"enemies":"Nemesis","floor":40,"turns":7},{"damage":0,"enemies":"Spire Growth","floor":44,"turns":6},{"damage":0,"enemies":"Maw","floor":46,"turns":7},{"damage":0,"enemies":"Transient","floor":48,"turns":5},{"damage":0,"enemies":"Donu and Deca","floor":50,"turns":9}],"seed_played":"-6538085904255367357","potions_obtained":[{"floor":2,"key":"Ancient Potion"},{"floor":13,"key":"SteroidPotion"},{"floor":14,"key":"Weak Potion"},{"floor":25,"key":"Dexterity Potion"},{"floor":33,"key":"SpeedPotion"},{"floor":34,"key":"Dexterity Potion"},{"floor":40,"key":"Energy Potion"},{"floor":46,"key":"LiquidBronze"}],"is_trial":false,"path_per_floor":["M","M","?","$","?","E","M","R","T","?","R","M","?","E","R","B",null,"M","?","$","M","?","E","R","E","T","R","M","?","M","?","R","B",null,"M","M","?","$","M","E","R","?","T","M","?","M","T","M","R","B"],"character_chosen":"DEFECT","items_purchased":["Defragment","Metamorphosis","Calipers"],"campfire_rested":1,"item_purchase_floors":[4,20,38],"current_hp_per_floor":[75,71,71,71,71,50,50,50,50,25,47,47,47,47,47,47,75,75,75,75,75,75,70,70,70,70,70,72,72,74,74,74,75,80,80,80,69,69,71,67,67,67,67,69,69,71,71,73,73,75],"gold":305,"neow_bonus":"RANDOM_COMMON_RELIC","is_prod":false,"is_daily":false,"chose_seed":false,"campfire_upgraded":7,"win_rate":0,"timestamp":1536339423,"path_taken":["M","M","?","$","?","E","M","R","T","?","R","M","?","E","R","BOSS","M","?","$","M","?","E","R","E","T","R","?","?","M","?","R","BOSS","M","M","?","$","?","E","R","?","T","M","?","?","?","M","R","BOSS"],"build_version":"2018-09-06","purchased_purges":2,"victory":true,"max_hp_per_floor":[75,75,75,75,75,75,75,75,75,75,75,75,75,75,75,75,75,75,75,75,75,75,75,75,75,75,75,75,75,75,75,75,75,80,80,80,80,80,80,80,80,80,80,80,80,80,80,80,80,80],"card_choices":[{"not_picked":["Sweeping Beam","Rebound"],"picked":"Cold Snap","floor":1},{"not_picked":["Turbo","Chaos"],"picked":"Cold Snap","floor":2},{"not_picked":["Compile Driver","Reinforced Body"],"picked":"Melter","floor":6},{"not_picked":["Go for the Eyes","Steam"],"picked":"Coolheaded","floor":7},{"not_picked":["Coolheaded","Conserve Battery"],"picked":"Hologram","floor":12},{"not_picked":["Stack","Turbo"],"picked":"Glacier","floor":13},{"not_picked":["Lockon","Biased Cognition"],"picked":"Barrage","floor":14},{"not_picked":["Reboot","Core Surge"],"picked":"Echo Form","floor":16},{"not_picked":["Genetic Algorithm","Force Field"],"picked":"BootSequence","floor":18},{"not_picked":["Hello World","Force Field"],"picked":"Gash+1","floor":21},{"not_picked":["Hello World","Lockon+1"],"picked":"Blizzard","floor":23},{"not_picked":["Sweeping Beam","Lockon","Redo"],"picked":"SKIP","floor":25},{"not_picked":["Sweeping Beam","Reprogram+1"],"picked":"Coolheaded","floor":28},{"not_picked":["Go for the Eyes","Turbo"],"picked":"Ball Lightning+1","floor":30},{"not_picked":["Rainbow","Core Surge"],"picked":"Creative AI","floor":33},{"not_picked":["BootSequence","Stack"],"picked":"Rebound+1","floor":34},{"not_picked":["Compile Driver+1","Heatsinks+1"],"picked":"Rebound+1","floor":35},{"not_picked":["Recycle+1","Go for the Eyes","Stack"],"picked":"SKIP","floor":36},{"not_picked":["Darkness+1","Streamline"],"picked":"Reboot","floor":37},{"not_picked":["Storm","Genetic Algorithm"],"picked":"Cold Snap+1","floor":39},{"not_picked":["Beam Cell+1","FTL"],"picked":"Coolheaded+1","floor":40},{"not_picked":["Melter","Streamline+1"],"picked":"Go for the Eyes+1","floor":44},{"not_picked":["Ball Lightning","Barrage+1"],"picked":"Glacier","floor":46},{"not_picked":["Meteor Strike","Stack+1","Lockon"],"picked":"SKIP","floor":48}],"player_experience":156952,"relics_obtained":[{"floor":6,"key":"FossilizedHelix"},{"floor":9,"key":"StoneCalendar"},{"floor":13,"key":"Odd Mushroom"},{"floor":14,"key":"Bag of Preparation"},{"floor":23,"key":"DataDisk"},{"floor":25,"key":"Incense Burner"},{"floor":26,"key":"Blood Vial"},{"floor":31,"key":"MawBank"},{"floor":37,"key":"Ginger"},{"floor":40,"key":"Old Coin"},{"floor":43,"key":"Symbiotic Virus"},{"floor":47,"key":"Pocketwatch"}],"event_choices":[{"event_name":"Purifier","player_choice":"One Purge","floor":3,"damage_taken":0},{"event_name":"Golden Shrine","player_choice":"Pray","floor":5,"damage_taken":0},{"event_name":"Scrap Ooze","player_choice":"success","floor":10,"damage_taken":25},{"event_name":"Mushrooms","player_choice":"Fought Mushrooms","floor":13,"damage_taken":0},{"event_name":"Ghosts","player_choice":"Ignored","floor":19,"damage_taken":0},{"event_name":"Masked Bandits","player_choice":"Paid Fearfully","floor":22,"damage_taken":0},{"event_name":"Beggar","player_choice":"Gave Gold","floor":29,"damage_taken":0},{"event_name":"Wheel of Change","player_choice":"Relic","floor":31,"damage_taken":0},{"event_name":"MindBloom","player_choice":"Fight","floor":37,"damage_taken":0},{"event_name":"Falling","player_choice":"Removed Attack","floor":42,"damage_taken":0},{"event_name":"WeMeetAgain","player_choice":"Gold","floor":45,"damage_taken":0}],"is_beta":false,"boss_relics":[{"not_picked":["Cursed Key","Orrery"],"picked":"Nuclear Battery"},{"not_picked":["Runic Dome","Calling Bell"],"picked":"Tiny House"}],"items_purged_floors":[4,20],"is_endless":false,"potions_floor_spawned":[2,13,14,25,30,33,39,40,44,46],"ascension_level":1}