{"gold_per_floor":[119,119,138,27,51,82,82,123,178,120,20,36,36,57,57,57],"floor_reached":16,"playtime":4186,"items_purged":["Strike_B","Strike_B"],"score":127,"play_id":"65da4220-b542-4ac6-9b27-67f5bf843572","local_time":"20190208175641","is_ascension_mode":true,"campfire_choices":[{"floor":7,"key":"REST"},{"data":"Genetic Algorithm","floor":13,"key":"SMITH"},{"floor":15,"key":"REST"}],"neow_cost":"NONE","seed_source_timestamp":28048443554343,"circlet_count":0,"master_deck":["Strike_B","Strike_B","Defend_B","Defend_B","Defend_B","Defend_B","Zap","Dualcast","Genetic Algorithm+1","Coolheaded","Chill","Heatsinks","Defragment+1","Coolheaded","White Noise","Leap"],"relics":["Cracked Core","Golden Idol","Frozen Egg 2","Vajra","Art of War"],"potions_floor_usage":[5,6,6],"damage_taken":[{"damage":0,"enemies":"2 Louse","floor":1,"turns":3},{"damage":14,"enemies":"Small Slimes","floor":3,"turns":4},{"damage":3,"enemies":"Cultist","floor":5,"turns":3},{"damage":34,"enemies":"Lagavulin","floor":6,"turns":11},{"damage":4,"enemies":"3 Sentries","floor":8,"turns":10},{"damage":3,"enemies":"Exordium Wildlife","floor":12,"turns":8},{"damage":21,"enemies":"Gremlin Gang","floor":14,"turns":8},{"damage":35,"enemies":"Hexaghost","floor":16,"turns":16}],"seed_played":"-7645761600720374672","potions_obtained":[{"floor":1,"key":"AttackPotion"},{"floor":3,"key":"Dexterity Potion"},{"floor":5,"key":"SpeedPotion"}],"is_trial":false,"path_per_floor":["M","?","M","$","M","E","R","E","T","?","$","M","R","M","R","B"],"character_chosen":"DEFECT","items_purchased":["Chill"],"campfire_rested":2,"item_purchase_floors":[4],"current_hp_per_floor":[82,62,48,48,45,11,35,31,31,31,31,28,28,7,31,0],"gold":57,"neow_bonus":"TEN_PERCENT_HP_BONUS","is_prod":false,"is_daily":false,"chose_seed":false,"campfire_upgraded":1,"win_rate":0,"timestamp":1549648601,"path_taken":["M","?","M","$","M","E","R","E","T","?","$","M","R","M","R","BOSS"],"build_version":"2019-01-23","purchased_purges":2,"victory":false,"max_hp_per_floor":[82,82,82,82,82,82,82,82,82,82,82,82,82,82,82,82],"card_choices":[{"not_picked":["Turbo","Undo"],"picked":"Genetic Algorithm","floor":1},{"not_picked":["Rebound","Cold Snap"],"picked":"Coolheaded","floor":3},{"not_picked":["Cold Snap","Beam Cell"],"picked":"Heatsinks","floor":5},{"not_picked":["Hologram","Heatsinks"],"picked":"Defragment","floor":6},{"not_picked":["Go for the Eyes","Conserve Battery"],"picked":"Coolheaded","floor":8},{"not_picked":["Force Field","Coolheaded"],"picked":"White Noise","floor":12},{"not_picked":["Cold Snap","Genetic Algorithm"],"picked":"Leap","floor":14}],"player_experience":377504,"relics_obtained":[{"floor":6,"key":"Frozen Egg 2"},{"floor":8,"key":"Vajra"}],"event_choices":[{"damage_healed":0,"gold_gain":0,"player_choice":"Take Damage","damage_taken":20,"relics_obtained":["Golden Idol"],"max_hp_gain":0,"max_hp_loss":0,"event_name":"Golden Idol","floor":2,"gold_loss":0},{"damage_healed":0,"gold_gain":0,"player_choice":"Paid Gold","damage_taken":0,"relics_obtained":["Art of War"],"max_hp_gain":0,"max_hp_loss":0,"event_name":"WeMeetAgain","floor":10,"gold_loss":58}],"is_beta":false,"boss_relics":[],"items_purged_floors":[4,11],"is_endless":false,"potions_floor_spawned":[1,3,5],"killed_by":"Hexaghost","ascension_level":3}