{"gold_per_floor":[112,138,150,162,237,267,277,311,336,351,363,396,413,425,425,530,530,550,117,32,42,58,58,58,78,148,177,177,192,226,245,245,350,350,364,364,364,378,478,509,564,564,612,639,653,667,702,49,49,49],"floor_reached":51,"playtime":4528,"items_purged":["Strike_B","Strike_B+1"],"score":801,"play_id":"cfb067cc-0068-4334-941d-9ef064327282","local_time":"20190131100628","is_ascension_mode":false,"campfire_choices":[{"data":"Sunder","floor":15.0,"key":"SMITH"},{"data":"Electrodynamics","floor":28.0,"key":"SMITH"},{"data":"White Noise","floor":32.0,"key":"SMITH"},{"data":"Seek","floor":42,"key":"SMITH"},{"floor":49,"key":"REST"}],"neow_cost":"NONE","seed_source_timestamp":0,"circlet_count":0,"master_deck":["Strike_B+1","Defend_B+1","Defend_B+1","Defend_B+1","Defend_B+1","Zap","Dualcast","FTL","BootSequence","Seek+1","Undo","Conserve Battery","Leap","Sunder+1","Leap","FTL","Reprogram","Electrodynamics+1","Gash+1","White Noise+1","RitualDagger","FTL+1","Loop","Conserve Battery","Electrodynamics","Finesse","BootSequence+1","Hologram+1","Beam Cell+1","Capacitor","Finesse","Good Instincts","Impatience","Enlightenment"],"special_seed":0,"relics":["Cracked Core","Bronze Scales","Bottled Lightning","The Courier","Anchor","Vajra","Inserter","Lantern","Ice Cream","Meat on the Bone","Sundial","Omamori","Boot","Busted Crown","Peace Pipe","PreservedInsect","Unceasing Top","Orichalcum","Art of War","Juzu Bracelet","Toolbox","Strawberry"],"potions_floor_usage":[40,47,50],"damage_taken":[{"damage":0.0,"enemies":"Cultist","floor":1.0,"turns":4.0},{"damage":0.0,"enemies":"2 Louse","floor":3.0,"turns":2.0},{"damage":0.0,"enemies":"Jaw Worm","floor":4.0,"turns":2.0},{"damage":11.0,"enemies":"Lagavulin","floor":6.0,"turns":7.0},{"damage":0.0,"enemies":"Large Slime","floor":7.0,"turns":4.0},{"damage":24.0,"enemies":"Gremlin Nob","floor":8.0,"turns":5.0},{"damage":0.0,"enemies":"Exordium Wildlife","floor":10.0,"turns":3.0},{"damage":0.0,"enemies":"2 Fungi Beasts","floor":11.0,"turns":3.0},{"damage":3.0,"enemies":"3 Sentries","floor":12.0,"turns":6.0},{"damage":0.0,"enemies":"3 Louse","floor":13.0,"turns":3.0},{"damage":0.0,"enemies":"Looter","floor":14.0,"turns":2.0},{"damage":10.0,"enemies":"The Guardian","floor":16.0,"turns":10.0},{"damage":0.0,"enemies":"3 Byrds","floor":18.0,"turns":2.0},{"damage":5.0,"enemies":"Shell Parasite","floor":21.0,"turns":7.0},{"damage":12.0,"enemies":"Snake Plant","floor":22.0,"turns":3.0},{"damage":10.0,"enemies":"3 Cultists","floor":25.0,"turns":4.0},{"damage":2.0,"enemies":"Gremlin Leader","floor":27.0,"turns":5.0},{"damage":0.0,"enemies":"Snecko","floor":29.0,"turns":4.0},{"damage":0.0,"enemies":"Slavers","floor":30.0,"turns":3.0},{"damage":0.0,"enemies":"Snake Plant","floor":31.0,"turns":2.0},{"damage":6.0,"enemies":"Collector","floor":33.0,"turns":10.0},{"damage":0.0,"enemies":"3 Shapes","floor":35.0,"turns":2.0},{"damage":8.0,"enemies":"3 Darklings","floor":38.0,"turns":4.0},{"damage":0.0,"enemies":"Mind Bloom Boss Battle","floor":39.0,"turns":5.0},{"damage":15,"enemies":"Giant Head","floor":40,"turns":7},{"damage":0,"enemies":"2 Orb Walkers","floor":41,"turns":4},{"damage":1,"enemies":"Nemesis","floor":44,"turns":5},{"damage":0,"enemies":"Sphere and 2 Shapes","floor":45,"turns":3},{"damage":0,"enemies":"4 Shapes","floor":46,"turns":2},{"damage":15,"enemies":"Giant Head","floor":47,"turns":7},{"damage":47,"enemies":"Time Eater","floor":50,"turns":8}],"seed_played":"7165469464904759088","potions_obtained":[{"floor":3.0,"key":"PowerPotion"},{"floor":4.0,"key":"FearPotion"},{"floor":6.0,"key":"SpeedPotion"},{"floor":7.0,"key":"Dexterity Potion"},{"floor":16.0,"key":"SmokeBomb"},{"floor":21.0,"key":"Swift Potion"},{"floor":29.0,"key":"SkillPotion"},{"floor":30.0,"key":"Swift Potion"},{"floor":45,"key":"FocusPotion"},{"floor":47,"key":"Fire Potion"}],"is_trial":false,"path_per_floor":["M","T","M","M","?","E","M","E","T","M","M","E","M","M","R","B",null,"M","$","?","M","M","?","?","M","T","E","R","M","E","M","R","B",null,"M","?","?","M","?","E","?","R","T","E","M","M","E","$","R","B",null],"character_chosen":"DEFECT","items_purchased":["Lantern","Ice Cream","Toolbox","Strawberry","Finesse","Good Instincts","Impatience","Enlightenment"],"campfire_rested":1,"item_purchase_floors":[19,19,48,48,48,48,48,48],"current_hp_per_floor":[82,82,82,82,71,60,60,36,36,36,36,33,33,33,33,23,82,82,82,82,77,65,59,59,49,49,47,47,47,47,47,47,53,82,82,82,82,74,74,59,59,59,59,58,58,58,43,50,76,41],"gold":49,"neow_bonus":"TEN_PERCENT_HP_BONUS","is_prod":false,"is_daily":false,"chose_seed":false,"campfire_upgraded":4,"win_rate":0.0,"timestamp":1548918388,"path_taken":["M","?","M","M","?","E","M","E","T","?","M","E","M","M","R","BOSS","M","$","?","M","M","?","?","M","T","E","R","?","E","M","R","BOSS","M","?","?","M","?","E","?","R","T","E","M","M","E","$","R","BOSS"],"build_version":"2019-01-23","purchased_purges":2,"victory":true,"max_hp_per_floor":[82,82,82,82,82,82,82,82,82,82,82,82,82,82,82,82,82,82,82,82,82,82,82,82,82,82,82,82,82,82,82,82,82,82,82,82,82,82,82,82,82,82,82,82,82,82,82,89,89,89],"card_choices":[{"not_picked":["Sweeping Beam","Hologram"],"picked":"FTL","floor":1.0},{"not_picked":["Stack","Loop"],"picked":"BootSequence","floor":3.0},{"not_picked":["Compile Driver","Beam Cell"],"picked":"Seek","floor":4.0},{"not_picked":["Barrage","Sweeping Beam"],"picked":"Undo","floor":6.0},{"not_picked":["Barrage","Rebound"],"picked":"Conserve Battery","floor":7.0},{"not_picked":["Stack","Cold Snap"],"picked":"Leap","floor":8.0},{"not_picked":["Heatsinks","Steam","Rebound"],"picked":"SKIP","floor":10.0},{"not_picked":["Turbo","Barrage"],"picked":"Sunder","floor":11.0},{"not_picked":["Compile Driver","Hologram"],"picked":"Leap","floor":12.0},{"not_picked":["Hologram","Leap"],"picked":"FTL","floor":13.0},{"not_picked":["FTL","Hello World"],"picked":"Reprogram","floor":14.0},{"not_picked":["All For One","Thunder Strike"],"picked":"Electrodynamics","floor":16.0},{"not_picked":["Turbo","Blizzard+1"],"picked":"Gash+1","floor":18.0},{"not_picked":["Leap","Redo+1"],"picked":"White Noise","floor":21.0},{"not_picked":["Coolheaded","Sweeping Beam","Aggregate"],"picked":"SKIP","floor":22.0},{"not_picked":["Rebound","BootSequence"],"picked":"FTL+1","floor":25.0},{"not_picked":["Hologram","Ball Lightning","Beam Cell"],"picked":"SKIP","floor":27.0},{"not_picked":["Sweeping Beam+1","Steam+1","Beam Cell"],"picked":"SKIP","floor":29.0},{"not_picked":["Rebound","Reprogram"],"picked":"Loop","floor":30.0},{"not_picked":["Steam Power","Rainbow"],"picked":"Conserve Battery","floor":31.0},{"not_picked":["Rainbow","Meteor Strike"],"picked":"Electrodynamics","floor":33.0},{"not_picked":["Chill"],"picked":"SKIP","floor":35.0},{"not_picked":[],"picked":"Finesse","floor":36.0},{"not_picked":["Static Discharge"],"picked":"SKIP","floor":38.0},{"not_picked":[],"picked":"BootSequence+1","floor":39},{"not_picked":[],"picked":"Hologram+1","floor":40},{"not_picked":[],"picked":"Beam Cell+1","floor":41},{"not_picked":["Compile Driver+1"],"picked":"SKIP","floor":44},{"not_picked":[],"picked":"Capacitor","floor":45},{"not_picked":["Scrape"],"picked":"SKIP","floor":46},{"not_picked":["Steam Power+1"],"picked":"SKIP","floor":47}],"player_experience":218134,"relics_obtained":[{"floor":2.0,"key":"Bronze Scales"},{"floor":6.0,"key":"Bottled Lightning"},{"floor":8.0,"key":"The Courier"},{"floor":9.0,"key":"Anchor"},{"floor":12.0,"key":"Vajra"},{"floor":26.0,"key":"Sundial"},{"floor":27.0,"key":"Omamori"},{"floor":30.0,"key":"Boot"},{"floor":39,"key":"Peace Pipe"},{"floor":40,"key":"PreservedInsect"},{"floor":41,"key":"Unceasing Top"},{"floor":43,"key":"Orichalcum"},{"floor":44,"key":"Art of War"},{"floor":47,"key":"Juzu Bracelet"}],"event_choices":[{"damage_healed":0.0,"max_hp_gain":0.0,"max_hp_loss":0.0,"gold_gain":75.0,"event_name":"World of Goop","player_choice":"Gather Gold","floor":5.0,"gold_loss":0.0,"damage_taken":11.0},{"damage_healed":0.0,"max_hp_gain":0.0,"max_hp_loss":0.0,"gold_gain":0.0,"event_name":"Addict","player_choice":"Obtained Relic","floor":20.0,"gold_loss":85.0,"damage_taken":0.0,"relics_obtained":["Meat on the Bone"]},{"damage_healed":0.0,"max_hp_gain":0.0,"max_hp_loss":0.0,"gold_gain":0.0,"event_name":"Nest","player_choice":"Joined the Cult","floor":23.0,"gold_loss":0.0,"damage_taken":6.0,"cards_obtained":["RitualDagger"]},{"damage_healed":0.0,"max_hp_gain":0.0,"max_hp_loss":0.0,"gold_gain":0.0,"event_name":"Back to Basics","player_choice":"Simplicity","floor":24.0,"gold_loss":0.0,"damage_taken":0.0,"cards_upgraded":["Strike_B","Strike_B","Strike_B","Defend_B","Defend_B","Defend_B","Defend_B"]},{"damage_healed":0.0,"max_hp_gain":0.0,"max_hp_loss":0.0,"gold_gain":0.0,"event_name":"SensoryStone","player_choice":"Memory 1","floor":36.0,"gold_loss":0.0,"damage_taken":0.0},{"cards_removed":["Strike_B"],"damage_healed":0.0,"max_hp_gain":0.0,"max_hp_loss":0.0,"gold_gain":0.0,"event_name":"Falling","player_choice":"Removed Attack","floor":37.0,"gold_loss":0.0,"damage_taken":0.0},{"damage_healed":0.0,"max_hp_gain":0.0,"max_hp_loss":0.0,"gold_gain":0.0,"event_name":"MindBloom","player_choice":"Fight","floor":39.0,"gold_loss":0.0,"damage_taken":0.0},{"damage_healed":0,"gold_gain":0,"player_choice":"Fight","damage_taken":0,"max_hp_gain":0,"max_hp_loss":0,"event_name":"Mysterious Sphere","floor":41,"gold_loss":0}],"is_beta":false,"boss_relics":[{"not_picked":["Eternal Feather","Black Star"],"picked":"Inserter"},{"not_picked":["Pandora\u0027s Box","Lizard Tail"],"picked":"Busted Crown"}],"items_purged_floors":[19,48],"is_endless":false,"potions_floor_spawned":[3,4,6,7,16,21,29,30,38,45,46,47],"ascension_level":0}