{"gold_per_floor":[113,113,113,130,140,168,168,187,187,87,106,56,88,103,103,202,202,217,230,6,25,0,26,26,36,84,84,84],"floor_reached":28,"playtime":1286,"items_purged":["Strike_G"],"score":315,"play_id":"c4dfc804-c9c7-437e-8420-098803525643","local_time":"20190308214235","is_ascension_mode":true,"campfire_choices":[{"data":"Masterful Stab","floor":7,"key":"SMITH"},{"floor":15,"key":"REST"},{"floor":24,"key":"REST"}],"neow_cost":"NONE","seed_source_timestamp":10378926020142,"circlet_count":0,"master_deck":["Defend_G","Defend_G","Defend_G","Defend_G","Defend_G","Strike_G","Strike_G","Strike_G","Survivor","Neutralize","Bane","Masterful Stab+1","Dagger Throw","Backstab","Quick Slash","Corpse Explosion","Crippling Poison","Choke","Dagger Throw","Adrenaline","Underhanded Strike","Bouncing Flask","Deadly Poison","Noxious Fumes","Flying Knee","Bouncing Flask","Bane","Noxious Fumes","Prepared","Bane","Backflip"],"relics":["Runic Dome","Blood Vial","Dream Catcher","Sundial","Orrery","Snake Skull","Pen Nib","Omamori"],"potions_floor_usage":[4,6,6,6,16,19,23,27],"damage_taken":[{"damage":2,"enemies":"2 Louse","floor":1,"turns":5},{"damage":0,"enemies":"Small Slimes","floor":4,"turns":2},{"damage":0,"enemies":"Cultist","floor":5,"turns":4},{"damage":6,"enemies":"Lagavulin","floor":6,"turns":5},{"damage":8,"enemies":"3 Louse","floor":8,"turns":3},{"damage":0,"enemies":"2 Fungi Beasts","floor":11,"turns":3},{"damage":18,"enemies":"3 Sentries","floor":13,"turns":3},{"damage":2,"enemies":"Looter","floor":14,"turns":3},{"damage":0,"enemies":"Slime Boss","floor":16,"turns":4},{"damage":25,"enemies":"Spheric Guardian","floor":18,"turns":4},{"damage":1,"enemies":"Chosen","floor":19,"turns":4},{"damage":0,"enemies":"3 Cultists","floor":21,"turns":2},{"damage":37,"enemies":"Book of Stabbing","floor":23,"turns":5},{"damage":18,"enemies":"Snecko","floor":25,"turns":4},{"damage":18,"enemies":"Colosseum Slavers","floor":27,"turns":3},{"damage":9,"enemies":"Shelled Parasite and Fungi","floor":28,"turns":1}],"seed_played":"-8903068823753202813","potions_obtained":[{"floor":3,"key":"Energy Potion"},{"floor":3,"key":"Fire Potion"},{"floor":3,"key":"Swift Potion"},{"floor":4,"key":"Poison Potion"},{"floor":14,"key":"FearPotion"},{"floor":18,"key":"Energy Potion"},{"floor":21,"key":"GhostInAJar"},{"floor":25,"key":"EssenceOfSteel"}],"is_trial":false,"path_per_floor":["M","?","?","M","M","E","R","M","T","$","M","?","E","M","R","B",null,"M","M","$","M","?","E","R","M","T","?","M"],"character_chosen":"THE_SILENT","items_purchased":["Quick Slash","Snake Skull","Noxious Fumes"],"campfire_rested":2,"item_purchase_floors":[10,20,20],"current_hp_per_floor":[68,68,68,68,68,62,62,56,56,56,58,58,42,42,63,65,70,45,46,46,48,48,13,34,18,18,2,0],"gold":84,"neow_bonus":"BOSS_RELIC","is_prod":false,"is_daily":false,"chose_seed":false,"campfire_upgraded":1,"win_rate":0,"timestamp":1552041755,"path_taken":["M","?","?","M","?","E","R","M","T","$","M","?","E","M","R","BOSS","M","M","$","M","?","E","R","M","T","?","M"],"build_version":"2019-02-06","purchased_purges":1,"victory":false,"max_hp_per_floor":[70,70,70,70,70,70,70,70,70,70,70,70,70,70,70,70,70,70,70,70,70,70,70,70,70,70,70,70],"card_choices":[{"not_picked":["Outmaneuver","Tactician"],"picked":"Bane","floor":1},{"not_picked":["Deflect","Acrobatics"],"picked":"Masterful Stab","floor":4},{"not_picked":["Acrobatics","Cloak And Dagger"],"picked":"Dagger Throw","floor":5},{"not_picked":["Acrobatics","Concentrate"],"picked":"Accuracy","floor":6},{"not_picked":["PiercingWail","Backflip"],"picked":"Backstab","floor":8},{"not_picked":["Bane","Quick Slash"],"picked":"Corpse Explosion","floor":11},{"not_picked":["After Image","Outmaneuver"],"picked":"Crippling Poison","floor":13},{"not_picked":["Blade Dance","Blur"],"picked":"Choke","floor":14},{"not_picked":["Blade Dance","Slice"],"picked":"Dagger Throw","floor":15},{"not_picked":["Grand Finale","Storm of Steel"],"picked":"Adrenaline","floor":16},{"not_picked":["Caltrops","Cloak And Dagger"],"picked":"Underhanded Strike","floor":17},{"not_picked":["Dodge and Roll","Dash"],"picked":"Bouncing Flask","floor":17},{"not_picked":["Flechettes","Reflex"],"picked":"Deadly Poison","floor":17},{"not_picked":["PiercingWail","Deadly Poison"],"picked":"Noxious Fumes","floor":17},{"not_picked":["Terror","Dagger Spray"],"picked":"Flying Knee","floor":17},{"not_picked":["Quick Slash+1","Blade Dance"],"picked":"Bouncing Flask","floor":18},{"not_picked":["Blur","Expertise"],"picked":"Bane","floor":19},{"not_picked":["Malaise","Dagger Spray"],"picked":"Prepared","floor":21},{"not_picked":["Crippling Poison","Phantasmal Killer"],"picked":"Bane","floor":23},{"not_picked":["Prepared","Dodge and Roll+1"],"picked":"Backflip","floor":24},{"not_picked":["Dagger Spray","Flechettes","Blade Dance"],"picked":"SKIP","floor":25}],"player_experience":513738,"relics_obtained":[{"floor":6,"key":"Blood Vial"},{"floor":9,"key":"Dream Catcher"},{"floor":13,"key":"Sundial"},{"floor":23,"key":"Pen Nib"},{"floor":26,"key":"Omamori"}],"event_choices":[{"cards_removed":["Strike_G"],"damage_healed":0,"gold_gain":0,"player_choice":"Forget","damage_taken":0,"max_hp_gain":0,"max_hp_loss":0,"event_name":"Living Wall","floor":2,"gold_loss":0},{"damage_healed":0,"gold_gain":0,"player_choice":"Got Potions","damage_taken":0,"max_hp_gain":0,"max_hp_loss":0,"event_name":"Lab","floor":3,"gold_loss":0},{"cards_removed":["Accuracy"],"damage_healed":0,"gold_gain":0,"player_choice":"Card Removal","damage_taken":0,"max_hp_gain":0,"max_hp_loss":0,"event_name":"The Cleric","floor":12,"gold_loss":50},{"damage_healed":0,"gold_gain":0,"player_choice":"Paid Fearfully","damage_taken":0,"max_hp_gain":0,"max_hp_loss":0,"event_name":"Masked Bandits","floor":22,"gold_loss":25},{"damage_healed":0,"gold_gain":0,"player_choice":"Fight","damage_taken":0,"max_hp_gain":0,"max_hp_loss":0,"event_name":"Colosseum","floor":27,"gold_loss":0},{"damage_healed":0,"gold_gain":0,"player_choice":"Fled From Nobs","damage_taken":0,"max_hp_gain":0,"max_hp_loss":0,"event_name":"Colosseum","floor":27,"gold_loss":0}],"is_beta":true,"boss_relics":[{"not_picked":["Pandora\u0027s Box","Runic Pyramid"],"picked":"Orrery"}],"items_purged_floors":[10],"is_endless":false,"potions_floor_spawned":[4,5,14,18,21,25],"killed_by":"Shelled Parasite and Fungi","ascension_level":1}