{"gold_per_floor":[115,133,9,29,29,29,48,48,102,102,177,188,39,59,59,156,156,174,191,209,223,98,98,16,16,16,29,29,29,47,71,71,173,173,190,206,206,306,331,331],"floor_reached":40,"playtime":5083,"items_purged":["Strike_R","Strike_R","Defend_R"],"score":378,"play_id":"855b37c3-af15-4faf-b6ca-6e7bcdd8ee7e","local_time":"20190307203933","is_ascension_mode":false,"campfire_choices":[{"data":"Body Slam","floor":6.0,"key":"SMITH"},{"data":"True Grit","floor":15.0,"key":"SMITH"},{"data":"Shrug It Off","floor":23,"key":"SMITH"},{"data":"Finesse","floor":25,"key":"SMITH"},{"data":"Immolate","floor":29,"key":"SMITH"},{"floor":32,"key":"REST"}],"neow_cost":"NONE","seed_source_timestamp":0,"circlet_count":0,"master_deck":["Strike_R","Defend_R","Bash","Armaments","Body Slam+1","True Grit+1","True Grit+1","Shrug It Off+1","Immolate+1","Seeing Red+1","Intimidate+1","Bludgeon+1","Finesse+1","Shockwave+1","Juggernaut","Body Slam+1"],"special_seed":0,"relics":["Burning Blood","NeowsBlessing","Tiny Chest","Paper Frog","Astrolabe","Toxic Egg 2","Bag of Preparation","Eternal Feather","Champion Belt","Boot"],"potions_floor_usage":[40],"damage_taken":[{"damage":0.0,"enemies":"Cultist","floor":1.0,"turns":1.0},{"damage":0.0,"enemies":"Small Slimes","floor":2.0,"turns":1.0},{"damage":0.0,"enemies":"Jaw Worm","floor":4.0,"turns":1.0},{"damage":11.0,"enemies":"Blue Slaver","floor":7.0,"turns":5.0},{"damage":0.0,"enemies":"Red Slaver","floor":12.0,"turns":3.0},{"damage":0.0,"enemies":"2 Fungi Beasts","floor":14.0,"turns":6.0},{"damage":48.0,"enemies":"Hexaghost","floor":16.0,"turns":11.0},{"damage":20.0,"enemies":"Shell Parasite","floor":18.0,"turns":7.0},{"damage":10.0,"enemies":"3 Byrds","floor":19.0,"turns":5.0},{"damage":4,"enemies":"Shelled Parasite and Fungi","floor":20,"turns":4},{"damage":1,"enemies":"Snake Plant","floor":21,"turns":4},{"damage":6,"enemies":"Snecko","floor":27,"turns":3},{"damage":9,"enemies":"Centurion and Healer","floor":30,"turns":5},{"damage":28,"enemies":"Collector","floor":33,"turns":7},{"damage":7,"enemies":"3 Darklings","floor":35,"turns":3},{"damage":9,"enemies":"Orb Walker","floor":36,"turns":4},{"damage":17,"enemies":"Mind Bloom Boss Battle","floor":38,"turns":6},{"damage":87,"enemies":"Nemesis","floor":40,"turns":6}],"seed_played":"-715446702789209819","potions_obtained":[{"floor":7.0,"key":"Strength Potion"},{"floor":14.0,"key":"Energy Potion"},{"floor":18.0,"key":"Strength Potion"},{"floor":38,"key":"Poison Potion"}],"is_trial":false,"path_per_floor":["M","M","$","M","?","R","M","$","T","?","T","M","$","M","R","B",null,"M","M","M","M","$","R","$","R","T","M","?","R","M","T","R","B",null,"M","M","T","?","T","E"],"character_chosen":"IRONCLAD","items_purchased":["True Grit","Shrug It Off","Finesse"],"campfire_rested":1,"item_purchase_floors":[3,13,24],"current_hp_per_floor":[80,80,80,80,80,80,75,75,75,75,75,80,80,80,80,38,80,66,62,64,69,69,69,69,69,69,69,69,69,66,66,80,58,80,79,76,76,65,65,0],"gold":331,"neow_bonus":"THREE_ENEMY_KILL","is_prod":false,"is_daily":false,"chose_seed":false,"campfire_upgraded":5,"win_rate":0,"timestamp":1552009173,"path_taken":["M","?","$","M","?","R","M","$","T","?","?","M","$","M","R","BOSS","M","M","M","M","$","R","?","R","T","M","?","R","M","?","R","BOSS","M","M","?","?","?","E"],"build_version":"2019-01-23","purchased_purges":3,"victory":false,"max_hp_per_floor":[80,80,80,80,80,80,80,80,80,80,80,80,80,80,80,80,80,80,80,80,80,80,80,80,80,80,80,80,80,80,80,80,80,80,80,80,80,80,80,80],"card_choices":[{"not_picked":["Disarm","Heavy Blade"],"picked":"Armaments","floor":1.0},{"not_picked":["Sword Boomerang","Burning Pact"],"picked":"Body Slam","floor":2.0},{"not_picked":["Thunderclap","Flex","Pommel Strike"],"picked":"SKIP","floor":4.0},{"not_picked":["Clothesline","Pommel Strike","Perfected Strike"],"picked":"SKIP","floor":7.0},{"not_picked":["Corruption","Flex"],"picked":"True Grit","floor":12.0},{"not_picked":["Fiend Fire","Twin Strike","Heavy Blade"],"picked":"SKIP","floor":14.0},{"not_picked":["Impervious","Double Tap"],"picked":"Immolate","floor":16.0},{"not_picked":["Dropkick","Twin Strike","Entrench"],"picked":"SKIP","floor":18.0},{"not_picked":["Thunderclap+1","True Grit+1","Heavy Blade"],"picked":"SKIP","floor":19.0},{"not_picked":["Disarm","Sword Boomerang","Barricade"],"picked":"SKIP","floor":20},{"not_picked":["Pommel Strike","Perfected Strike+1","Rupture"],"picked":"SKIP","floor":21},{"not_picked":["Armaments+1","Clothesline+1"],"picked":"Shockwave+1","floor":27},{"not_picked":["Perfected Strike+1","Whirlwind","Corruption"],"picked":"SKIP","floor":30},{"not_picked":["Feed","Limit Break+1"],"picked":"Juggernaut","floor":33},{"not_picked":["Combust+1","Wild Strike"],"picked":"Body Slam+1","floor":35},{"not_picked":["Second Wind+1","Twin Strike","Rupture+1"],"picked":"SKIP","floor":36}],"player_experience":259585,"relics_obtained":[{"floor":9.0,"key":"Tiny Chest"},{"floor":11.0,"key":"Paper Frog"},{"floor":26,"key":"Toxic Egg 2"},{"floor":31,"key":"Bag of Preparation"},{"floor":38,"key":"Champion Belt"},{"floor":39,"key":"Boot"}],"event_choices":[{"damage_healed":0.0,"max_hp_gain":0.0,"max_hp_loss":0.0,"gold_gain":0.0,"event_name":"The Cleric","player_choice":"Leave","floor":5.0,"gold_loss":0.0,"damage_taken":0.0},{"damage_healed":0.0,"max_hp_gain":0.0,"max_hp_loss":0.0,"gold_gain":0.0,"event_name":"Living Wall","player_choice":"Grow","floor":10.0,"gold_loss":0.0,"damage_taken":0.0,"cards_upgraded":["True Grit"]},{"cards_removed":["Defend_R"],"damage_healed":0,"gold_gain":0,"player_choice":"Elegance","damage_taken":0,"max_hp_gain":0,"max_hp_loss":0,"event_name":"Back to Basics","floor":28,"gold_loss":0},{"damage_healed":0,"gold_gain":0,"player_choice":"Fight","damage_taken":0,"max_hp_gain":0,"max_hp_loss":0,"event_name":"MindBloom","floor":38,"gold_loss":0}],"is_beta":false,"boss_relics":[{"not_picked":["Black Star","Runic Pyramid"],"picked":"Astrolabe"},{"not_picked":["Mark of Pain","Calling Bell"],"picked":"Eternal Feather"}],"items_purged_floors":[3,13,22],"is_endless":false,"potions_floor_spawned":[7,14,18,38],"killed_by":"Nemesis","ascension_level":0}