{"gold_per_floor":[160,172,172,191,3,38,38,56,56,56,76,76,76,94,94,94],"floor_reached":16,"playtime":376,"items_purged":["Strike_G"],"score":102,"play_id":"c9c572e3-70a6-45bb-a894-27ea6f5ed63e","local_time":"20180907134849","is_ascension_mode":false,"campfire_choices":[{"data":"Reflex","floor":7,"key":"SMITH"},{"data":"Noxious Fumes","floor":10,"key":"SMITH"},{"data":"Catalyst","floor":12,"key":"SMITH"},{"data":"Deadly Poison","floor":15,"key":"SMITH"}],"neow_cost":"NONE","seed_source_timestamp":375002463740075,"circlet_count":0,"master_deck":["Defend_G","Defend_G","Defend_G","Defend_G","Defend_G+1","Strike_G","Strike_G","Strike_G","Strike_G","Survivor","Neutralize","Catalyst+1","Flechettes","Dagger Throw","Reflex+1","Terror","Noxious Fumes+1","Deadly Poison+1"],"relics":["Tiny House","Bird Faced Urn","Ninja Scroll","Golden Idol"],"potions_floor_usage":[6],"damage_taken":[{"damage":9,"enemies":"Jaw Worm","floor":1,"turns":5},{"damage":0,"enemies":"Cultist","floor":2,"turns":4},{"damage":5,"enemies":"Small Slimes","floor":4,"turns":4},{"damage":21,"enemies":"Gremlin Nob","floor":6,"turns":4},{"damage":8,"enemies":"Exordium Wildlife","floor":8,"turns":5},{"damage":0,"enemies":"Looter","floor":11,"turns":2},{"damage":4,"enemies":"Blue Slaver","floor":14,"turns":3},{"damage":0,"enemies":"The Guardian","floor":16,"turns":1}],"seed_played":"-38598526318320431","potions_obtained":[{"floor":0,"key":"Swift Potion"},{"floor":1,"key":"Swift Potion"},{"floor":4,"key":"GamblersBrew"},{"floor":6,"key":"Swift Potion"}],"is_trial":false,"path_per_floor":["M","M","?","M","$","E","R","M","T","R","M","R","?","M","R"],"character_chosen":"THE_SILENT","items_purchased":["Terror","Noxious Fumes"],"campfire_rested":0,"item_purchase_floors":[5,5],"current_hp_per_floor":[66,66,66,61,61,40,40,34,34,34,34,34,34,30,30,30],"gold":94,"neow_bonus":"BOSS_RELIC","is_prod":false,"is_daily":false,"chose_seed":false,"campfire_upgraded":4,"win_rate":0,"timestamp":1536295729,"path_taken":["M","M","?","M","$","E","R","M","T","R","M","R","?","M","R","BOSS"],"build_version":"2018-09-06","purchased_purges":1,"victory":false,"max_hp_per_floor":[75,75,75,75,75,75,75,75,75,75,75,75,69,69,69,69],"card_choices":[{"not_picked":["PiercingWail","Tactician"],"picked":"Catalyst","floor":0},{"not_picked":["Blade Dance","Dodge and Roll"],"picked":"Flechettes","floor":1},{"not_picked":["Calculated Gamble","Sucker Punch"],"picked":"Dagger Throw","floor":2},{"not_picked":["Backstab","Storm of Steel"],"picked":"Reflex","floor":4},{"not_picked":["Crippling Poison","Cloak And Dagger","Leg Sweep"],"picked":"SKIP","floor":6},{"not_picked":["Infinite Blades","Masterful Stab"],"picked":"Deadly Poison","floor":8},{"not_picked":["PiercingWail","Heel Hook","Flying Knee"],"picked":"SKIP","floor":11},{"not_picked":["Flying Knee","Distraction","Prepared"],"picked":"SKIP","floor":14}],"player_experience":634686,"relics_obtained":[{"floor":6,"key":"Bird Faced Urn"},{"floor":9,"key":"Ninja Scroll"}],"event_choices":[{"event_name":"The Woman in Blue","player_choice":"Bought 0 Potions","floor":3,"damage_taken":0},{"event_name":"Golden Idol","player_choice":"Lose Max HP","floor":13,"damage_taken":0}],"is_beta":false,"boss_relics":[],"items_purged_floors":[5],"is_endless":false,"potions_floor_spawned":[1,4,6,14],"killed_by":"The Guardian","ascension_level":0}