{"gold_per_floor":[112,130,130,140,157,157,187,187,239,273,285,299,317,332,332,428,428,438,438,363,363,363,363,363,375,375,77,77,88,88,103,103,199,199,216,216,216,230,248,248,261,278,278,278,309,309,4,35,35,35],"floor_reached":51,"playtime":2287,"items_purged":["Strike_R","Pain","Parasite"],"score":907,"play_id":"b9b6ba81-4052-41f3-bb12-1c55c9169819","local_time":"20190205215358","is_ascension_mode":true,"campfire_choices":[{"floor":6,"key":"REST"},{"floor":15,"key":"REST"},{"floor":24,"key":"REST"},{"floor":30,"key":"REST"},{"floor":32,"key":"REST"},{"data":"Double Tap","floor":40,"key":"SMITH"},{"floor":44,"key":"REST"},{"floor":46,"key":"REST"},{"floor":49,"key":"REST"}],"neow_cost":"NONE","seed_source_timestamp":2412227709292017,"circlet_count":0,"master_deck":["Strike_R","Strike_R","Strike_R","Defend_R","Defend_R+1","Defend_R","Bash","Infernal Blade+1","Shrug It Off","Power Through","Uppercut","Iron Wave","Shrug It Off","Anger","Flex","Demon Form+1","True Grit+1","Shrug It Off","Heavy Blade","Double Tap+1","Flex+1","Headbutt+1","Bludgeon"],"relics":["Burning Blood","Pen Nib","Blue Candle","Centennial Puzzle","Happy Flower","Cursed Key","Bottled Tornado","HandDrill","Enchiridion","Busted Crown","Dodecahedron","Smiling Mask","Kunai","War Paint"],"potions_floor_usage":[5,23,23,31,39,48,50,50],"damage_taken":[{"damage":6,"enemies":"Cultist","floor":1,"turns":4},{"damage":0,"enemies":"Small Slimes","floor":2,"turns":2},{"damage":9,"enemies":"Jaw Worm","floor":4,"turns":3},{"damage":66,"enemies":"Exordium Thugs","floor":5,"turns":6},{"damage":20,"enemies":"Gremlin Nob","floor":7,"turns":4},{"damage":33,"enemies":"3 Sentries","floor":10,"turns":13},{"damage":0,"enemies":"Large Slime","floor":11,"turns":3},{"damage":2,"enemies":"Exordium Wildlife","floor":12,"turns":3},{"damage":0,"enemies":"Looter","floor":13,"turns":3},{"damage":9,"enemies":"Exordium Thugs","floor":14,"turns":3},{"damage":41,"enemies":"Slime Boss","floor":16,"turns":9},{"damage":23,"enemies":"2 Thieves","floor":18,"turns":3},{"damage":30,"enemies":"Book of Stabbing","floor":23,"turns":6},{"damage":1,"enemies":"Chosen","floor":25,"turns":5},{"damage":7,"enemies":"Centurion and Healer","floor":29,"turns":5},{"damage":5,"enemies":"Snecko","floor":31,"turns":4},{"damage":51,"enemies":"Automaton","floor":33,"turns":7},{"damage":3,"enemies":"3 Shapes","floor":35,"turns":4},{"damage":40,"enemies":"3 Darklings","floor":38,"turns":5},{"damage":17,"enemies":"4 Shapes","floor":39,"turns":7},{"damage":18,"enemies":"Spire Growth","floor":41,"turns":3},{"damage":19,"enemies":"Sphere and 2 Shapes","floor":42,"turns":5},{"damage":46,"enemies":"Nemesis","floor":45,"turns":7},{"damage":3,"enemies":"Giant Head","floor":48,"turns":6},{"damage":48,"enemies":"Donu and Deca","floor":50,"turns":7}],"seed_played":"-8413172506265889200","potions_obtained":[{"floor":1,"key":"Regen Potion"},{"floor":4,"key":"SteroidPotion"},{"floor":7,"key":"SmokeBomb"},{"floor":10,"key":"Swift Potion"},{"floor":12,"key":"FearPotion"},{"floor":14,"key":"Block Potion"},{"floor":29,"key":"SkillPotion"},{"floor":31,"key":"GamblersBrew"},{"floor":35,"key":"BloodPotion"},{"floor":45,"key":"SkillPotion"}],"is_trial":false,"path_per_floor":["M","M","?","M","M","R","E","?","T","E","M","M","M","M","R","B",null,"M","?","$","?","?","E","R","M","T","$","?","M","R","M","R","B",null,"M","?","?","M","M","R","M","M","T","R","E","R","$","E","R","B",null],"character_chosen":"IRONCLAD","items_purchased":["HandDrill","Kunai"],"campfire_rested":8,"item_purchase_floors":[27,47],"current_hp_per_floor":[80,80,73,70,24,48,34,34,34,7,13,17,23,20,44,9,80,63,63,63,63,48,24,49,54,54,54,38,37,62,63,85,40,85,85,85,85,51,48,48,36,23,23,48,8,33,33,36,60,18],"gold":35,"neow_bonus":"RANDOM_COMMON_RELIC","is_prod":false,"is_daily":false,"chose_seed":false,"campfire_upgraded":1,"win_rate":0,"timestamp":1549421638,"path_taken":["M","M","?","M","M","R","E","?","T","E","?","M","?","M","R","BOSS","M","?","?","?","?","E","R","M","T","$","?","M","R","M","R","BOSS","M","?","?","M","M","R","M","M","T","R","E","R","?","E","R","BOSS"],"build_version":"2019-01-23","purchased_purges":3,"victory":true,"max_hp_per_floor":[80,80,80,80,80,80,80,80,80,80,80,80,80,80,80,80,80,80,80,80,80,85,85,85,85,85,85,85,85,85,85,85,85,85,85,85,85,85,85,85,85,85,85,85,85,85,82,82,82,82],"card_choices":[{"not_picked":["Rupture","Warcry"],"picked":"Infernal Blade","floor":1},{"not_picked":["Corruption","Dual Wield","Clash"],"picked":"SKIP","floor":2},{"not_picked":["Dropkick","Metallicize","Entrench"],"picked":"SKIP","floor":4},{"not_picked":["Havoc","Infernal Blade"],"picked":"Shrug It Off","floor":5},{"not_picked":["Havoc","Twin Strike"],"picked":"Power Through","floor":7},{"not_picked":["Power Through","Clothesline"],"picked":"Uppercut","floor":10},{"not_picked":["Twin Strike","True Grit"],"picked":"Iron Wave","floor":11},{"not_picked":["Fiend Fire","Body Slam"],"picked":"Shrug It Off","floor":12},{"not_picked":["Heavy Blade","Havoc"],"picked":"Anger","floor":13},{"not_picked":["Twin Strike","Wild Strike"],"picked":"Flex","floor":14},{"not_picked":["Limit Break","Berserk"],"picked":"Demon Form","floor":16},{"not_picked":["Iron Wave","Clash"],"picked":"True Grit+1","floor":18},{"not_picked":["Combust","Entrench"],"picked":"Shrug It Off","floor":25},{"not_picked":["Clash","Havoc","Warcry"],"picked":"SKIP","floor":29},{"not_picked":["Wild Strike","Exhume"],"picked":"Heavy Blade","floor":31},{"not_picked":["Immolate","Demon Form"],"picked":"Double Tap","floor":33},{"not_picked":["Thunderclap"],"picked":"SKIP","floor":35},{"not_picked":[],"picked":"Flex","floor":38},{"not_picked":[],"picked":"Headbutt+1","floor":39},{"not_picked":[],"picked":"Bludgeon","floor":41},{"not_picked":["Clash"],"picked":"SKIP","floor":42},{"not_picked":["True Grit"],"picked":"SKIP","floor":45},{"not_picked":["Second Wind+1"],"picked":"SKIP","floor":48}],"player_experience":151133,"relics_obtained":[{"floor":7,"key":"Blue Candle"},{"floor":9,"key":"Centennial Puzzle"},{"floor":10,"key":"Happy Flower"},{"floor":26,"key":"Bottled Tornado"},{"floor":28,"key":"Enchiridion"},{"floor":43,"key":"Dodecahedron"},{"floor":45,"key":"Smiling Mask"},{"floor":48,"key":"War Paint"}],"event_choices":[{"cards_removed":["Strike_R"],"damage_healed":0,"gold_gain":0,"player_choice":"Card Removal","damage_taken":7,"max_hp_gain":0,"max_hp_loss":0,"event_name":"Golden Wing","floor":3,"gold_loss":0},{"damage_healed":0,"gold_gain":0,"player_choice":"Upgraded","damage_taken":0,"max_hp_gain":0,"max_hp_loss":0,"event_name":"Upgrade Shrine","floor":8,"gold_loss":0,"cards_upgraded":["Infernal Blade"]},{"damage_healed":0,"gold_gain":0,"player_choice":"Forge","damage_taken":0,"max_hp_gain":0,"max_hp_loss":0,"event_name":"Accursed Blacksmith","floor":19,"gold_loss":0,"cards_upgraded":["Demon Form"]},{"damage_healed":0,"gold_gain":0,"player_choice":"Ignored","damage_taken":0,"max_hp_gain":0,"max_hp_loss":0,"event_name":"Ghosts","floor":21,"gold_loss":0},{"damage_healed":0,"gold_gain":0,"player_choice":"Shed Blood","damage_taken":20,"max_hp_gain":5,"max_hp_loss":0,"event_name":"Forgotten Altar","floor":22,"gold_loss":0},{"damage_healed":0,"gold_gain":0,"player_choice":"Obtained Book","damage_taken":16,"max_hp_gain":0,"max_hp_loss":0,"event_name":"Cursed Tome","floor":28,"gold_loss":0},{"damage_healed":0,"gold_gain":0,"player_choice":"Memory 1","damage_taken":0,"max_hp_gain":0,"max_hp_loss":0,"event_name":"SensoryStone","floor":36,"gold_loss":0},{"cards_removed":["Defend_R"],"damage_healed":0,"gold_gain":0,"player_choice":"Removed Skill","damage_taken":0,"max_hp_gain":0,"max_hp_loss":0,"event_name":"Falling","floor":37,"gold_loss":0}],"is_beta":false,"boss_relics":[{"not_picked":["Astrolabe","White Beast Statue"],"picked":"Cursed Key"},{"not_picked":["Runic Cube","Calling Bell"],"picked":"Busted Crown"}],"items_purged_floors":[20,27,47],"is_endless":false,"potions_floor_spawned":[1,4,7,10,12,14,23,29,31,35,41,45],"ascension_level":4}