{"gold_per_floor":[112,112,287,47,47,72,82,96,174,174,206,220,238,238,238,357,357,375,375,117,32,52,83,83,97,178,178,211,224,224,242,242,372,372,397,455,283,283,283,298,342,362,389,430,460,488,531,558,570,582,594,606,172,208,208],"floor_reached":55,"playtime":4579,"items_purged":["Regret","Strike_G","Strike_G"],"score":1293,"play_id":"31c49ad2-ebdf-4959-b8ab-33671907a709","local_time":"20190306232130","is_ascension_mode":true,"campfire_choices":[{"data":"Neutralize","floor":10.0,"key":"SMITH"},{"data":"Blade Dance","floor":15.0,"key":"SMITH"},{"floor":24.0,"key":"REST"},{"data":"Footwork","floor":27.0,"key":"SMITH"},{"data":"Cloak And Dagger","floor":32.0,"key":"SMITH"},{"floor":49.0,"key":"RECALL"},{"data":"Noxious Fumes","floor":52,"key":"SMITH"}],"neow_cost":"NONE","seed_source_timestamp":0,"circlet_count":0,"master_deck":["Defend_G+1","Defend_G","Defend_G+1","Defend_G","Defend_G","Strike_G","Survivor","Neutralize+1","Dagger Throw","Doubt","Acrobatics","Deadly Poison","Deadly Poison","Deflect","Blade Dance+1","Adrenaline","Blur+1","Predator","Deflect","Footwork+1","Slice","Slice","Cloak And Dagger+1","Escape Plan","Deflect+1","Backflip","A Thousand Cuts","Backflip+1","Accuracy","Backflip","Good Instincts","Escape Plan+1","Prepared+1","Noxious Fumes+1","Acrobatics+1","Underhanded Strike+1","Footwork+1","Calculated Gamble","Cloak And Dagger","Accuracy","Terror","Footwork+1"],"special_seed":0,"relics":["Ring of the Serpent","NeowsBlessing","Orichalcum","Matryoshka","Happy Flower","War Paint","Anchor","Lantern","Gremlin Horn","Kunai","Golden Idol","PreservedInsect","Sundial","Smiling Mask","Bottled Tornado","Nunchaku","Philosopher\u0027s Stone","Incense Burner","Pen Nib","MawBank","Boot","Mummified Hand","FossilizedHelix"],"potions_floor_usage":[55,55,55],"damage_taken":[{"damage":0.0,"enemies":"Small Slimes","floor":1.0,"turns":1.0},{"damage":0.0,"enemies":"3 Sentries","floor":6.0,"turns":1.0},{"damage":0.0,"enemies":"2 Louse","floor":7.0,"turns":1.0},{"damage":0.0,"enemies":"Jaw Worm","floor":8.0,"turns":4.0},{"damage":15.0,"enemies":"Lagavulin","floor":11.0,"turns":9.0},{"damage":11.0,"enemies":"Large Slime","floor":12.0,"turns":7.0},{"damage":3.0,"enemies":"Looter","floor":13.0,"turns":4.0},{"damage":33.0,"enemies":"Slime Boss","floor":16.0,"turns":13.0},{"damage":8.0,"enemies":"Chosen","floor":18.0,"turns":5.0},{"damage":0.0,"enemies":"3 Byrds","floor":22.0,"turns":5.0},{"damage":25.0,"enemies":"Gremlin Leader","floor":23.0,"turns":16.0},{"damage":0.0,"enemies":"Snake Plant","floor":25.0,"turns":7.0},{"damage":14.0,"enemies":"Book of Stabbing","floor":28.0,"turns":6.0},{"damage":0.0,"enemies":"Snecko","floor":29.0,"turns":7.0},{"damage":2.0,"enemies":"Cultist and Chosen","floor":31.0,"turns":7.0},{"damage":38.0,"enemies":"Champ","floor":33.0,"turns":21.0},{"damage":6.0,"enemies":"3 Darklings","floor":35.0,"turns":9.0},{"damage":14.0,"enemies":"2 Orb Walkers","floor":36.0,"turns":7.0},{"damage":0.0,"enemies":"3 Shapes","floor":40.0,"turns":10.0},{"damage":0.0,"enemies":"Giant Head","floor":41.0,"turns":9.0},{"damage":0.0,"enemies":"Transient","floor":42.0,"turns":5.0},{"damage":0.0,"enemies":"Reptomancer","floor":44.0,"turns":6.0},{"damage":0.0,"enemies":"Spire Growth","floor":45.0,"turns":6.0},{"damage":0.0,"enemies":"Writhing Mass","floor":46.0,"turns":9.0},{"damage":0.0,"enemies":"Nemesis","floor":47.0,"turns":6.0},{"damage":0.0,"enemies":"4 Shapes","floor":48.0,"turns":5.0},{"damage":30,"enemies":"Time Eater","floor":50,"turns":18},{"damage":36,"enemies":"Shield and Spear","floor":54,"turns":6},{"damage":18,"enemies":"The Heart","floor":55,"turns":6}],"seed_played":"1145552138448087249","potions_obtained":[{"floor":1.0,"key":"Block Potion"},{"floor":7.0,"key":"Block Potion"},{"floor":11.0,"key":"AttackPotion"},{"floor":13.0,"key":"Ancient Potion"},{"floor":22.0,"key":"Ancient Potion"},{"floor":25.0,"key":"Ancient Potion"},{"floor":29.0,"key":"LiquidBronze"},{"floor":39.0,"key":"Fruit Juice"},{"floor":39.0,"key":"Ancient Potion"},{"floor":39.0,"key":"Ancient Potion"},{"floor":41.0,"key":"AttackPotion"}],"is_trial":false,"path_per_floor":["M","?","?","$","T","E","M","M","T","R","E","M","M","?","R","B",null,"M","?","$","?","M","E","R","M","T","R","E","M","?","M","R","B",null,"M","?","$","?","?","M","E","M","T","E","M","M","E","M","R","B",null,"R","$","E","B"],"character_chosen":"THE_SILENT","items_purchased":["Matryoshka","Footwork","PreservedInsect","Accuracy","Backflip","Accuracy","Terror","Mummified Hand"],"campfire_rested":1,"item_purchase_floors":[4,20,20,37,37,53,53,53],"current_hp_per_floor":[63,63,63,63,63,63,63,63,63,63,48,37,34,34,34,1,49,41,41,41,41,41,16,35,35,35,35,21,21,42,40,40,2,49,43,29,29,29,34,34,34,34,34,34,34,34,34,34,34,4,54,54,54,18,0],"gold":208,"neow_bonus":"THREE_ENEMY_KILL","is_prod":false,"is_daily":false,"chose_seed":false,"campfire_upgraded":5,"win_rate":0,"timestamp":1551903690,"path_taken":["M","?","?","$","?","E","M","M","T","R","E","M","M","?","R","BOSS","M","?","$","?","M","E","R","M","T","R","E","M","?","M","R","BOSS","M","?","$","?","?","M","E","M","T","E","?","M","E","M","R","BOSS","R","$","E","BOSS"],"build_version":"2019-01-23","purchased_purges":3,"victory":false,"max_hp_per_floor":[70,70,70,70,70,70,70,70,70,70,70,70,70,65,65,65,65,65,65,65,65,65,65,65,65,65,65,65,65,65,65,65,65,65,65,65,65,65,70,70,70,70,70,70,70,70,70,70,70,70,70,70,70,70,70],"card_choices":[{"not_picked":["Calculated Gamble","Poisoned Stab"],"picked":"Dagger Throw","floor":1.0},{"not_picked":["Night Terror","Concentrate"],"picked":"Acrobatics","floor":6.0},{"not_picked":["Bane","PiercingWail"],"picked":"Deadly Poison","floor":7.0},{"not_picked":["Predator","Outmaneuver","Heel Hook"],"picked":"SKIP","floor":8.0},{"not_picked":["PiercingWail","Quick Slash"],"picked":"Deadly Poison","floor":11.0},{"not_picked":["Choke","Acrobatics"],"picked":"Deflect","floor":12.0},{"not_picked":["Acrobatics","Bane"],"picked":"Blade Dance","floor":13.0},{"not_picked":["Glass Knife","A Thousand Cuts"],"picked":"Adrenaline","floor":16.0},{"not_picked":["Accuracy","Prepared"],"picked":"Blur+1","floor":18.0},{"not_picked":["Terror","Dagger Throw"],"picked":"Slice","floor":22.0},{"not_picked":["Outmaneuver","Catalyst"],"picked":"Slice","floor":23.0},{"not_picked":["Backstab","Expertise"],"picked":"Cloak And Dagger","floor":25.0},{"not_picked":["Slice+1","Skewer"],"picked":"Escape Plan","floor":28.0},{"not_picked":["Dagger Spray","Die Die Die"],"picked":"Deflect+1","floor":29.0},{"not_picked":["PiercingWail","Quick Slash"],"picked":"Backflip","floor":31.0},{"not_picked":["Bullet Time","Venomology"],"picked":"A Thousand Cuts","floor":33.0},{"not_picked":["Quick Slash","Sucker Punch","Deadly Poison"],"picked":"SKIP","floor":35.0},{"not_picked":["Flying Knee+1","Calculated Gamble"],"picked":"Backflip+1","floor":36.0},{"not_picked":["Sadistic Nature","Purity"],"picked":"Good Instincts","floor":38.0},{"not_picked":["Underhanded Strike","Dagger Throw"],"picked":"Escape Plan+1","floor":40.0},{"not_picked":["Riddle With Holes+1","Poisoned Stab"],"picked":"Prepared+1","floor":41.0},{"not_picked":["Acrobatics+1","Heel Hook"],"picked":"Noxious Fumes","floor":42.0},{"not_picked":["Outmaneuver","Deadly Poison+1"],"picked":"Acrobatics+1","floor":44.0},{"not_picked":["Leg Sweep","Storm of Steel"],"picked":"Underhanded Strike+1","floor":45.0},{"not_picked":["Flying Knee","Bane"],"picked":"Footwork+1","floor":46.0},{"not_picked":["Deflect+1","Sucker Punch+1"],"picked":"Calculated Gamble","floor":47.0},{"not_picked":["Poisoned Stab","Flying Knee"],"picked":"Cloak And Dagger","floor":48.0},{"not_picked":["Flechettes","Choke"],"picked":"Footwork+1","floor":54}],"player_experience":376023,"relics_obtained":[{"floor":5.0,"key":"Happy Flower"},{"floor":5.0,"key":"War Paint"},{"floor":6.0,"key":"Anchor"},{"floor":9.0,"key":"Lantern"},{"floor":9.0,"key":"Gremlin Horn"},{"floor":11.0,"key":"Kunai"},{"floor":23.0,"key":"Smiling Mask"},{"floor":26.0,"key":"Bottled Tornado"},{"floor":28.0,"key":"Nunchaku"},{"floor":36.0,"key":"Incense Burner"},{"floor":41.0,"key":"Pen Nib"},{"floor":44.0,"key":"MawBank"},{"floor":47.0,"key":"Boot"},{"floor":54,"key":"FossilizedHelix"}],"event_choices":[{"damage_healed":0.0,"max_hp_gain":0.0,"max_hp_loss":0.0,"gold_gain":0.0,"event_name":"Big Fish","player_choice":"Box","floor":2.0,"gold_loss":0.0,"damage_taken":0.0,"relics_obtained":["Orichalcum"],"cards_obtained":["Regret"]},{"damage_healed":0.0,"max_hp_gain":0.0,"max_hp_loss":0.0,"gold_gain":175.0,"event_name":"Liars Game","player_choice":"AGREE","floor":3.0,"gold_loss":0.0,"damage_taken":0.0,"cards_obtained":["Doubt"]},{"damage_healed":0.0,"max_hp_gain":0.0,"max_hp_loss":5.0,"gold_gain":0.0,"event_name":"Golden Idol","player_choice":"Lose Max HP","floor":14.0,"gold_loss":0.0,"damage_taken":0.0,"relics_obtained":["Golden Idol"]},{"damage_healed":0.0,"max_hp_gain":0.0,"max_hp_loss":0.0,"gold_gain":0.0,"cards_transformed":["Strike_G","Strike_G"],"event_name":"Drug Dealer","player_choice":"Became Test Subject","floor":19.0,"gold_loss":0.0,"damage_taken":0.0,"cards_obtained":["Predator","Deflect"]},{"damage_healed":0.0,"max_hp_gain":0.0,"max_hp_loss":0.0,"gold_gain":0.0,"event_name":"Addict","player_choice":"Obtained Relic","floor":21.0,"gold_loss":85.0,"damage_taken":0.0,"relics_obtained":["Sundial"]},{"damage_healed":21.0,"max_hp_gain":0.0,"max_hp_loss":0.0,"gold_gain":0.0,"event_name":"The Library","player_choice":"Heal","floor":30.0,"gold_loss":0.0,"damage_taken":0.0},{"damage_healed":0.0,"max_hp_gain":0.0,"max_hp_loss":0.0,"gold_gain":0.0,"event_name":"Mysterious Sphere","player_choice":"Fight","floor":36.0,"gold_loss":0.0,"damage_taken":0.0},{"damage_healed":0.0,"max_hp_gain":0.0,"max_hp_loss":0.0,"gold_gain":0.0,"event_name":"SensoryStone","player_choice":"Memory 1","floor":38.0,"gold_loss":0.0,"damage_taken":0.0},{"damage_healed":0.0,"max_hp_gain":0.0,"max_hp_loss":0.0,"gold_gain":0.0,"event_name":"Lab","player_choice":"Got Potions","floor":39.0,"gold_loss":0.0,"damage_taken":0.0}],"is_beta":false,"boss_relics":[{"not_picked":["Pandora\u0027s Box","White Beast Statue"],"picked":"Ring of the Serpent"},{"not_picked":["Calling Bell","Snecko Eye"],"picked":"Philosopher\u0027s Stone"}],"items_purged_floors":[20,37,53],"is_endless":false,"potions_floor_spawned":[1,7,11,13,22,25,29,41,44,47,48,54],"killed_by":"The Heart","ascension_level":9}