{"gold_per_floor":[114,128,2,2,15,59,72,112,160,160,160,21,51,94,94,94],"floor_reached":16,"playtime":718,"items_purged":["Strike_B","Strike_B"],"score":236,"play_id":"ffcc55a8-ffd5-4c7f-a0bb-9e2d714677ad","local_time":"20190303033949","is_ascension_mode":true,"campfire_choices":[{"data":"Zap","floor":10.0,"key":"SMITH"},{"data":"Dualcast","floor":15.0,"key":"SMITH"}],"neow_cost":"NONE","seed_source_timestamp":155750405937818,"circlet_count":0,"master_deck":["AscendersBane","Strike_B","Strike_B","Defend_B","Defend_B","Defend_B","Defend_B","Zap+1","Dualcast+1","Reinforced Body","Stack","Ball Lightning","Genetic Algorithm","Ball Lightning","Glacier","Seek","Lockon","Glacier","Seek"],"special_seed":0,"relics":["Cracked Core","Golden Idol","Question Card","Singing Bowl","Boot","Odd Mushroom","PreservedInsect"],"potions_floor_usage":[16],"damage_taken":[{"damage":6.0,"enemies":"Cultist","floor":1.0,"turns":3.0},{"damage":14.0,"enemies":"Small Slimes","floor":2.0,"turns":6.0},{"damage":3.0,"enemies":"2 Louse","floor":5.0,"turns":3.0},{"damage":8.0,"enemies":"Lagavulin","floor":6.0,"turns":7.0},{"damage":2.0,"enemies":"Blue Slaver","floor":7.0,"turns":5.0},{"damage":32.0,"enemies":"Gremlin Nob","floor":8.0,"turns":5.0},{"damage":0.0,"enemies":"The Mushroom Lair","floor":13.0,"turns":4.0},{"damage":2.0,"enemies":"3 Sentries","floor":14.0,"turns":7.0},{"damage":4,"enemies":"Slime Boss","floor":16,"turns":6}],"seed_played":"-2766785080371281736","potions_obtained":[{"floor":1.0,"key":"Block Potion"},{"floor":2.0,"key":"EssenceOfSteel"},{"floor":6.0,"key":"Weak Potion"},{"floor":14.0,"key":"AttackPotion"}],"is_trial":false,"path_per_floor":["M","M","$","?","M","E","M","E","T","R","?","$","?","E","R","B"],"character_chosen":"DEFECT","items_purchased":["Ball Lightning","Lockon"],"campfire_rested":0,"item_purchase_floors":[3,12],"current_hp_per_floor":[65,51,51,51,48,40,38,6,6,6,6,6,6,4,4,0],"gold":94,"neow_bonus":"TEN_PERCENT_HP_BONUS","is_prod":false,"is_daily":false,"chose_seed":false,"campfire_upgraded":2,"win_rate":0,"timestamp":1551602389,"path_taken":["M","M","$","?","M","E","M","E","T","R","?","$","?","E","R","BOSS"],"build_version":"2019-01-23","purchased_purges":2,"victory":false,"max_hp_per_floor":[78,78,78,71,71,71,71,71,71,71,71,71,71,71,71,71],"card_choices":[{"not_picked":["Stack","Double Energy"],"picked":"Reinforced Body","floor":1.0},{"not_picked":["Go for the Eyes","Redo"],"picked":"Stack","floor":2.0},{"not_picked":["Heatsinks","Sunder"],"picked":"Genetic Algorithm","floor":5.0},{"not_picked":["Force Field","Conserve Battery"],"picked":"Ball Lightning","floor":6.0},{"not_picked":["Cold Snap","Rebound","Undo"],"picked":"Glacier","floor":7.0},{"not_picked":["Conserve Battery","Stack","Scrape"],"picked":"Seek","floor":8.0},{"not_picked":["Redo","Skim","Tempest"],"picked":"Glacier","floor":13.0},{"not_picked":["Redo","Hello World","BootSequence"],"picked":"Seek","floor":14.0}],"player_experience":652152,"relics_obtained":[{"floor":6.0,"key":"Question Card"},{"floor":8.0,"key":"Singing Bowl"},{"floor":9.0,"key":"Boot"},{"floor":13.0,"key":"Odd Mushroom"},{"floor":14.0,"key":"PreservedInsect"}],"event_choices":[{"damage_healed":0.0,"max_hp_gain":0.0,"max_hp_loss":7.0,"gold_gain":0.0,"event_name":"Golden Idol","player_choice":"Lose Max HP","floor":4.0,"gold_loss":0.0,"damage_taken":0.0,"relics_obtained":["Golden Idol"]},{"damage_healed":0.0,"max_hp_gain":0.0,"max_hp_loss":0.0,"gold_gain":0.0,"event_name":"Golden Wing","player_choice":"Ignored","floor":11.0,"gold_loss":0.0,"damage_taken":0.0},{"damage_healed":0.0,"max_hp_gain":0.0,"max_hp_loss":0.0,"gold_gain":0.0,"event_name":"Mushrooms","player_choice":"Fought Mushrooms","floor":13.0,"gold_loss":0.0,"damage_taken":0.0}],"is_beta":false,"boss_relics":[],"items_purged_floors":[3,12],"is_endless":false,"potions_floor_spawned":[1,2,6,14],"killed_by":"Slime Boss","ascension_level":20}