{"gold_per_floor":[115,133,153,153,153,182,182,210,210,210,240,201,218,237,237,338,338,349,25,124,6,6,24,24,41,41,41,53,65,65,65,65,164,164,174,174,174,174,174,174,191,191,191,71,71,82,114,133,133,133,133,133,33,60,60],"floor_reached":55,"playtime":4766,"items_purged":["Strike_B","Strike_B"],"score":801,"play_id":"0bbd0914-5310-435b-9873-ad9c14bd0209","local_time":"20190302093828","is_ascension_mode":true,"campfire_choices":[{"floor":7,"key":"RECALL"},{"floor":10,"key":"REST"},{"data":"Defragment","floor":15,"key":"SMITH"},{"data":"Defragment","floor":24,"key":"SMITH"},{"data":"Dualcast","floor":27,"key":"SMITH"},{"floor":30,"key":"REST"},{"floor":32,"key":"REST"},{"data":"Buffer","floor":40,"key":"SMITH"},{"data":"Madness","floor":42,"key":"SMITH"},{"data":"Conserve Battery","floor":45,"key":"SMITH"},{"data":"Seek","floor":49,"key":"SMITH"},{"data":"Rainbow","floor":52,"key":"SMITH"}],"neow_cost":"NONE","seed_source_timestamp":56613086041136,"circlet_count":0,"master_deck":["Strike_B+1","Strike_B+1","Defend_B","Defend_B","Defend_B+1","Defend_B","Zap+1","Dualcast+1","White Noise+1","Cold Snap+1","Ball Lightning","Tempest","Capacitor","Defragment+1","Self Repair","Rainbow+1","Coolheaded+1","Electrodynamics","Hello World+1","Coolheaded","Defragment+1","Conserve Battery+1","Buffer+1","Madness+1","Madness","Conserve Battery+1","Seek+1","Leap+1","Echo Form"],"relics":["Cracked Core","Bottled Lightning","Ornamental Fan","Odd Mushroom","Sozu","War Paint","Whetstone","Oddly Smooth Stone","Inserter","Regal Pillow","Ancient Tea Set","Ice Cream"],"potions_floor_usage":[16,28],"damage_taken":[{"damage":0,"enemies":"2 Louse","floor":1,"turns":2},{"damage":7,"enemies":"Jaw Worm","floor":2,"turns":3},{"damage":0,"enemies":"Small Slimes","floor":3,"turns":3},{"damage":0,"enemies":"Gremlin Nob","floor":6,"turns":4},{"damage":13,"enemies":"Lagavulin","floor":8,"turns":5},{"damage":7,"enemies":"The Mushroom Lair","floor":11,"turns":3},{"damage":5,"enemies":"2 Fungi Beasts","floor":13,"turns":3},{"damage":6,"enemies":"Looter","floor":14,"turns":2},{"damage":21,"enemies":"Hexaghost","floor":16,"turns":7},{"damage":15,"enemies":"3 Byrds","floor":18,"turns":3},{"damage":2,"enemies":"Chosen","floor":23,"turns":3},{"damage":16,"enemies":"Shelled Parasite and Fungi","floor":25,"turns":4},{"damage":21,"enemies":"Centurion and Healer","floor":28,"turns":4},{"damage":19,"enemies":"Snake Plant","floor":29,"turns":4},{"damage":4,"enemies":"Champ","floor":33,"turns":9},{"damage":10,"enemies":"3 Shapes","floor":35,"turns":4},{"damage":10,"enemies":"Orb Walker","floor":41,"turns":4},{"damage":12,"enemies":"Spire Growth","floor":46,"turns":5},{"damage":0,"enemies":"Nemesis","floor":47,"turns":9},{"damage":0,"enemies":"Transient","floor":48,"turns":5},{"damage":23,"enemies":"Awakened One","floor":50,"turns":16},{"damage":79,"enemies":"Shield and Spear","floor":54,"turns":9},{"damage":44,"enemies":"The Heart","floor":55,"turns":3}],"seed_played":"-5994736985896829239","potions_obtained":[{"floor":1,"key":"Energy Potion"},{"floor":8,"key":"EssenceOfSteel"},{"floor":13,"key":"SteroidPotion"},{"floor":16,"key":"Explosive Potion"}],"is_trial":false,"path_per_floor":["M","M","M","?","?","E","R","E","T","R","?","$","M","M","R","B",null,"M","$","?","$","?","M","R","M","T","R","M","M","R","?","R","B",null,"M","?","?","?","?","R","M","R","T","$","R","M","E","M","R","B",null,"R","$","E","B"],"character_chosen":"DEFECT","items_purchased":["Self Repair","Coolheaded","War Paint","Whetstone","Defragment","FTL","Conserve Battery"],"campfire_rested":3,"item_purchase_floors":[12,19,19,19,21,21,44],"current_hp_per_floor":[82,75,75,75,59,59,59,46,46,70,63,63,65,59,59,38,82,74,74,74,74,74,72,72,63,63,63,42,30,54,54,78,74,82,79,79,69,69,82,82,72,72,72,72,72,67,74,81,81,58,82,82,82,10,0],"gold":60,"neow_bonus":"TEN_PERCENT_HP_BONUS","is_prod":false,"is_daily":false,"chose_seed":false,"campfire_upgraded":8,"win_rate":0,"timestamp":1551541108,"path_taken":["M","M","M","?","?","E","R","E","T","R","?","$","M","M","R","BOSS","M","$","?","$","?","M","R","M","T","R","M","M","R","?","R","BOSS","M","?","?","?","?","R","?","R","T","$","R","M","E","M","R","BOSS","R","$","E","BOSS"],"build_version":"2019-01-23","purchased_purges":2,"victory":false,"max_hp_per_floor":[82,82,82,82,82,82,82,82,82,82,82,82,82,82,82,82,82,82,82,82,82,82,82,82,82,82,82,82,82,82,82,82,82,82,82,82,82,82,82,82,82,82,82,82,82,82,82,82,82,82,82,82,82,82,82],"card_choices":[{"not_picked":["Skim","Rebound"],"picked":"White Noise","floor":1},{"not_picked":["Tempest","Steam"],"picked":"Cold Snap","floor":2},{"not_picked":["Glacier","Redo"],"picked":"Ball Lightning","floor":3},{"not_picked":["Gash","Turbo"],"picked":"Tempest","floor":6},{"not_picked":["Steam","Rip and Tear"],"picked":"Capacitor","floor":8},{"not_picked":["Melter","Conserve Battery"],"picked":"Defragment","floor":11},{"not_picked":["Ball Lightning","Streamline"],"picked":"Rainbow","floor":13},{"not_picked":["Chill","Gash"],"picked":"Coolheaded","floor":14},{"not_picked":["Hyperbeam","Seek"],"picked":"Electrodynamics","floor":16},{"not_picked":["Beam Cell+1","Rebound"],"picked":"Hello World+1","floor":18},{"not_picked":["Tempest","Cold Snap","Hologram"],"picked":"SKIP","floor":23},{"not_picked":["Rebound+1","Hologram"],"picked":"Conserve Battery+1","floor":25},{"not_picked":["Rebound","Redo","Storm"],"picked":"SKIP","floor":28},{"not_picked":["Rebound","Turbo+1","Meteor Strike"],"picked":"SKIP","floor":29},{"not_picked":["Thunder Strike","Multi-Cast"],"picked":"Buffer","floor":33},{"not_picked":["Hologram","Compile Driver","Coolheaded"],"picked":"SKIP","floor":35},{"not_picked":["Stack+1","Gash","Sweeping Beam+1"],"picked":"SKIP","floor":41},{"not_picked":["Heatsinks","Rebound","Sunder"],"picked":"SKIP","floor":46},{"not_picked":["Conserve Battery","Streamline"],"picked":"Seek","floor":47},{"not_picked":["Capacitor+1","Stack+1"],"picked":"Leap+1","floor":48},{"not_picked":["Barrage","Aggregate"],"picked":"Echo Form","floor":54}],"player_experience":46928,"relics_obtained":[{"floor":6,"key":"Bottled Lightning"},{"floor":8,"key":"Ornamental Fan"},{"floor":11,"key":"Odd Mushroom"},{"floor":26,"key":"Oddly Smooth Stone"},{"floor":43,"key":"Regal Pillow"},{"floor":47,"key":"Ancient Tea Set"},{"floor":54,"key":"Ice Cream"}],"event_choices":[{"damage_healed":0,"gold_gain":0,"player_choice":"Grow","damage_taken":0,"max_hp_gain":0,"max_hp_loss":0,"event_name":"Living Wall","floor":4,"gold_loss":0,"cards_upgraded":["White Noise"]},{"damage_healed":0,"gold_gain":0,"player_choice":"Entered Light","damage_taken":16,"max_hp_gain":0,"max_hp_loss":0,"event_name":"Shining Light","floor":5,"gold_loss":0,"cards_upgraded":["Zap","Strike_B"]},{"damage_healed":0,"gold_gain":0,"player_choice":"Fought Mushrooms","damage_taken":0,"max_hp_gain":0,"max_hp_loss":0,"event_name":"Mushrooms","floor":11,"gold_loss":0},{"damage_healed":0,"gold_gain":99,"player_choice":"Stole From Cult","damage_taken":0,"max_hp_gain":0,"max_hp_loss":0,"event_name":"Nest","floor":20,"gold_loss":0},{"damage_healed":0,"gold_gain":0,"player_choice":"Ignored","damage_taken":0,"max_hp_gain":0,"max_hp_loss":0,"event_name":"Vampires","floor":22,"gold_loss":0},{"damage_healed":0,"gold_gain":0,"player_choice":"Ignored","damage_taken":0,"max_hp_gain":0,"max_hp_loss":0,"event_name":"Ghosts","floor":31,"gold_loss":0},{"damage_healed":0,"gold_gain":0,"player_choice":"Ignored","damage_taken":0,"max_hp_gain":0,"max_hp_loss":0,"event_name":"Mysterious Sphere","floor":36,"gold_loss":0},{"damage_healed":0,"gold_gain":0,"player_choice":"Embrace Madness","damage_taken":10,"max_hp_gain":0,"max_hp_loss":0,"event_name":"Winding Halls","floor":37,"gold_loss":0,"cards_obtained":["Madness","Madness"]},{"cards_removed":["FTL"],"damage_healed":0,"gold_gain":0,"player_choice":"Removed Attack","damage_taken":0,"max_hp_gain":0,"max_hp_loss":0,"event_name":"Falling","floor":38,"gold_loss":0},{"damage_healed":13,"gold_gain":0,"player_choice":"Full Heal","damage_taken":0,"max_hp_gain":0,"max_hp_loss":0,"event_name":"Wheel of Change","floor":39,"gold_loss":0}],"is_beta":false,"boss_relics":[{"not_picked":["Tiny House","Runic Dome"],"picked":"Sozu"},{"not_picked":["Philosopher\u0027s Stone","Lizard Tail"],"picked":"Inserter"}],"items_purged_floors":[44,53],"is_endless":false,"potions_floor_spawned":[1,8,13,16,23,25,28,41,46,47],"killed_by":"The Heart","ascension_level":2}