{"path_per_floor":["M","?","M","M","?","R","E","M","T","R","$","M","$","M","R","B",null,"M","$","M","?","?","R","$","?","T"],"character_chosen":"DEFECT","items_purchased":["FocusPotion","Seek","Go for the Eyes"],"gold_per_floor":[116,116,131,146,221,221,250,265,342,342,54,68,68,78,78,180,180,165,11,24,24,24,24,24,24,47,47],"floor_reached":27,"campfire_rested":1,"playtime":921,"current_hp_per_floor":[64,64,60,54,43,43,9,4,4,24,24,17,17,17,17,10,68,45,45,12,12,12,12,12,12,12,0],"items_purged":["Strike_B","Strike_B"],"gold":47,"score":243,"play_id":"a865dd55-52f1-4dfc-985e-63719180b915","local_time":"20180518161722","is_prod":false,"is_daily":false,"chose_seed":false,"is_ascension_mode":true,"campfire_upgraded":3,"timestamp":1526627842,"campfire_choices":[{"data":"Coolheaded","floor":6,"key":"SMITH"},{"floor":10,"key":"REST"},{"data":"Multi-Cast","floor":15,"key":"SMITH"},{"data":"Sunder","floor":23,"key":"SMITH"}],"path_taken":["M","?","?","M","?","R","E","?","T","R","$","M","$","M","R","BOSS","M","$","M","?","?","R","$","?","T","M"],"build_version":"2018-05-17","seed_source_timestamp":340125617684302,"purchased_purges":2,"victory":false,"master_deck":["Strike_B","Strike_B","Defend_B","Defend_B","Defend_B+1","Defend_B","Zap+1","Dualcast","Coolheaded+1","Blizzard","Capacitor","Sunder+1","Seek","Darkness","Multi-Cast+1","Auto Shields+1","Go for the Eyes","Writhe","Decay"],"max_hp_per_floor":[68,68,68,68,68,68,68,68,68,68,68,68,68,68,68,68,68,68,68,68,68,68,68,68,68,68,68],"relics":["Cracked Core","Calipers","Tiny Chest","Sozu","Bag of Preparation","War Paint"],"card_choices":[{"not_picked":["Heatsinks","Hologram"],"picked":"Coolheaded","floor":1},{"not_picked":["Steam","Gash"],"picked":"Blizzard","floor":3},{"not_picked":["Stack","Leap"],"picked":"Capacitor","floor":4},{"not_picked":["Go for the Eyes","Ball Lightning"],"picked":"Sunder","floor":7},{"not_picked":["Stack","Capacitor","Coolheaded"],"picked":"SKIP","floor":8},{"not_picked":["Turbo","Storm"],"picked":"Darkness","floor":12},{"not_picked":["Coolheaded","Rebound"],"picked":"Multi-Cast","floor":14},{"not_picked":["Doom and Gloom+1","Beam Cell"],"picked":"Auto Shields","floor":18},{"not_picked":["Axe Kick+1","Tempest+1","Beam Cell+1"],"picked":"SKIP","floor":20}],"player_experience":493340,"potions_floor_usage":[7,27],"damage_taken":[{"damage":4,"enemies":"2 Louse","floor":1,"turns":2},{"damage":4,"enemies":"Cultist","floor":3,"turns":4},{"damage":6,"enemies":"Small Slimes","floor":4,"turns":3},{"damage":34,"enemies":"Gremlin Nob","floor":7,"turns":4},{"damage":5,"enemies":"Gremlin Gang","floor":8,"turns":4},{"damage":7,"enemies":"Blue Slaver","floor":12,"turns":4},{"damage":0,"enemies":"Large Slime","floor":14,"turns":4},{"damage":7,"enemies":"The Guardian","floor":16,"turns":11},{"damage":23,"enemies":"2 Thieves","floor":18,"turns":4},{"damage":33,"enemies":"3 Byrds","floor":20,"turns":4},{"damage":12,"enemies":"Centurion and Healer","floor":27,"turns":3}],"relics_obtained":[{"floor":9,"key":"Tiny Chest"},{"floor":26,"key":"War Paint"}],"event_choices":[{"event_name":"Upgrade Shrine","player_choice":"Upgraded","floor":2,"damage_taken":0},{"event_name":"World of Goop","player_choice":"Gather Gold","floor":5,"damage_taken":0},{"event_name":"The Mausoleum","player_choice":"Yes","floor":21,"damage_taken":0},{"event_name":"Beggar","player_choice":"Ignored","floor":22,"damage_taken":0},{"event_name":"Forgotten Altar","player_choice":"Smashed Altar","floor":25,"damage_taken":0}],"boss_relics":[{"not_picked":["Calling Bell","Runic Dome"],"picked":"Sozu"}],"potions_floor_spawned":[1,3,8,14],"seed_played":"-7970072346084715243","killed_by":"Centurion and Healer","ascension_level":3,"potions_obtained":[{"floor":1,"key":"FocusPotion"},{"floor":3,"key":"SteroidPotion"},{"floor":8,"key":"Strength Potion"}],"is_trial":false}