{"gold_per_floor":[112,112,14,29,29,58,58,5,5,5,18,28,28,38,38,110,110,121,121],"floor_reached":19,"playtime":534,"items_purged":[],"score":355,"play_id":"4e7151a6-5445-41b3-a854-63a77bd53ac6","local_time":"20190116160928","is_ascension_mode":true,"campfire_choices":[{"data":"Streamline","floor":7,"key":"SMITH"},{"data":"Capacitor","floor":10,"key":"SMITH"},{"data":"Hologram","floor":13,"key":"SMITH"},{"data":"Reboot","floor":15,"key":"SMITH"}],"neow_cost":"NONE","seed_source_timestamp":517759812478500,"circlet_count":0,"master_deck":["AscendersBane","Strike_B","Strike_B","Strike_B","Strike_B","Defend_B","Defend_B","Defend_B","Defend_B","Zap+1","Dualcast","Capacitor+1","BootSequence","Compile Driver","Streamline+1","Ball Lightning","Capacitor","Hologram+1","Reboot+1","Biased Cognition","Fusion"],"relics":["Cracked Core","NeowsBlessing","Orichalcum","Pantograph","Nuclear Battery"],"potions_floor_usage":[12,19],"damage_taken":[{"damage":0,"enemies":"Small Slimes","floor":1,"turns":1},{"damage":0,"enemies":"Cultist","floor":4,"turns":1},{"damage":0,"enemies":"3 Sentries","floor":6,"turns":1},{"damage":0,"enemies":"Jaw Worm","floor":11,"turns":2},{"damage":0,"enemies":"Lots of Slimes","floor":12,"turns":2},{"damage":1,"enemies":"3 Louse","floor":14,"turns":3},{"damage":46,"enemies":"Hexaghost","floor":16,"turns":9},{"damage":1,"enemies":"Spheric Guardian","floor":18,"turns":3},{"damage":64,"enemies":"Masked Bandits","floor":19,"turns":3}],"seed_played":"1609852176531043641","potions_obtained":[{"floor":1,"key":"Strength Potion"},{"floor":16,"key":"GamblersBrew"}],"is_trial":false,"path_per_floor":["M","?","$","M","$","E","R","$","T","R","M","M","R","M","R","B",null,"M","?"],"character_chosen":"DEFECT","items_purchased":["BootSequence","Compile Driver","Explosive Potion"],"campfire_rested":0,"item_purchase_floors":[3,3,8],"current_hp_per_floor":[64,64,64,64,64,64,64,64,64,64,64,64,64,63,63,25,60,59,0],"gold":121,"neow_bonus":"THREE_ENEMY_KILL","is_prod":false,"is_daily":false,"chose_seed":false,"campfire_upgraded":4,"win_rate":0,"timestamp":1547683768,"path_taken":["M","?","?","M","$","E","R","?","T","R","?","M","R","M","R","BOSS","M","?"],"build_version":"2019-01-10","purchased_purges":0,"victory":false,"max_hp_per_floor":[71,71,71,71,71,71,71,71,71,71,71,71,71,71,71,71,71,71,71],"card_choices":[{"not_picked":["Chill","Turbo"],"picked":"Capacitor","floor":1},{"not_picked":["Streamline","Turbo","Redo"],"picked":"SKIP","floor":4},{"not_picked":["Turbo","Redo"],"picked":"Streamline","floor":4},{"not_picked":["Reprogram","Turbo"],"picked":"Ball Lightning","floor":6},{"not_picked":["Compile Driver","Sunder"],"picked":"Capacitor","floor":11},{"not_picked":["Compile Driver","Rebound"],"picked":"Hologram","floor":12},{"not_picked":["Stack","Turbo"],"picked":"Reboot","floor":14},{"not_picked":["Reboot","Amplify"],"picked":"Biased Cognition","floor":16},{"not_picked":["BootSequence","Conserve Battery"],"picked":"Fusion","floor":18}],"player_experience":511644,"relics_obtained":[{"floor":6,"key":"Orichalcum"},{"floor":9,"key":"Pantograph"}],"event_choices":[{"damage_healed":0,"gold_gain":0,"player_choice":"Upgraded","damage_taken":0,"max_hp_gain":0,"max_hp_loss":0,"event_name":"Upgrade Shrine","floor":2,"gold_loss":0,"cards_upgraded":["Zap"]},{"damage_healed":0,"gold_gain":0,"player_choice":"Fought Bandits","damage_taken":0,"max_hp_gain":0,"max_hp_loss":0,"event_name":"Masked Bandits","floor":19,"gold_loss":0}],"is_beta":false,"boss_relics":[{"not_picked":["Tiny House","Cursed Key"],"picked":"Nuclear Battery"}],"items_purged_floors":[],"is_endless":false,"potions_floor_spawned":[1,11,16],"killed_by":"Masked Bandits","ascension_level":17}