{"gold_per_floor":[17,17,33,50,61,72,72,89,116,116,66,31,56,56,56,132,132,151,15,15,15,29,47,47,80,156,2,102,102,125,203,203,277,277,292,4,0,0,10,10,10,10,10,30,30,43,57,7,7,7],"floor_reached":51,"playtime":4105,"items_purged":["Strike_B","Defend_B","Strike_B","Pain","Defend_B"],"score":1128,"play_id":"2b31e9fc-2204-48b4-b61b-f0250a948d33","local_time":"20190125134821","is_ascension_mode":true,"campfire_choices":[{"data":"Zap","floor":7,"key":"SMITH"},{"floor":10,"key":"REST"},{"data":"Dualcast","floor":15,"key":"SMITH"},{"data":"Electrodynamics","floor":24,"key":"SMITH"},{"floor":32,"key":"REST"},{"data":"Sunder","floor":40,"key":"SMITH"},{"data":"Capacitor","floor":42,"key":"SMITH"},{"data":"Go for the Eyes","floor":49,"key":"SMITH"}],"neow_cost":"NO_GOLD","seed_source_timestamp":612266318318844,"circlet_count":0,"master_deck":["AscendersBane","Defend_B","Defend_B","Zap+1","Dualcast+1","Beam Cell","Doom and Gloom","Hologram","Hologram","Conserve Battery","Streamline+1","Rainbow","Electrodynamics+1","Cold Snap","Capacitor+1","Necronomicurse","Ghostly","Ghostly","Ghostly","Beam Cell+1","Sunder+1","Hello World","Ball Lightning","White Noise","All For One+1","Decay","Injury","Turbo+1","Conserve Battery+1","Chill","Go for the Eyes+1"],"relics":["Cracked Core","Smiling Mask","Du-Vu Doll","Lizard Tail","Necronomicon","Orichalcum","Tiny Chest","WingedGreaves","Bottled Tornado","Happy Flower","Gremlin Horn","Calling Bell","Oddly Smooth Stone","The Courier","Gambling Chip","ClockworkSouvenir","Red Mask","Whetstone"],"potions_floor_usage":[5,13,16,25,28,33,50,50],"damage_taken":[{"damage":3,"enemies":"2 Louse","floor":1,"turns":4},{"damage":0,"enemies":"Cultist","floor":3,"turns":3},{"damage":13,"enemies":"Small Slimes","floor":4,"turns":2},{"damage":17,"enemies":"Exordium Thugs","floor":5,"turns":5},{"damage":10,"enemies":"Large Slime","floor":6,"turns":5},{"damage":6,"enemies":"3 Louse","floor":8,"turns":3},{"damage":5,"enemies":"3 Sentries","floor":13,"turns":4},{"damage":18,"enemies":"Hexaghost","floor":16,"turns":7},{"damage":18,"enemies":"Chosen","floor":18,"turns":6},{"damage":1,"enemies":"3 Byrds","floor":22,"turns":2},{"damage":0,"enemies":"3 Cultists","floor":23,"turns":3},{"damage":12,"enemies":"Gremlin Leader","floor":25,"turns":6},{"damage":0,"enemies":"Colosseum Slavers","floor":28,"turns":3},{"damage":0,"enemies":"Colosseum Nobs","floor":28,"turns":4},{"damage":31,"enemies":"Automaton","floor":33,"turns":7},{"damage":0,"enemies":"3 Darklings","floor":35,"turns":3},{"damage":0,"enemies":"3 Shapes","floor":39,"turns":4},{"damage":0,"enemies":"Spire Growth","floor":44,"turns":3},{"damage":0,"enemies":"3 Darklings","floor":46,"turns":2},{"damage":6,"enemies":"Writhing Mass","floor":47,"turns":3},{"damage":28,"enemies":"Awakened One","floor":50,"turns":9}],"seed_played":"1536465891599591445","potions_obtained":[{"floor":1,"key":"SkillPotion"},{"floor":5,"key":"FearPotion"},{"floor":6,"key":"Dexterity Potion"},{"floor":23,"key":"Weak Potion"},{"floor":25,"key":"SkillPotion"},{"floor":28,"key":"PowerPotion"},{"floor":33,"key":"SpeedPotion"},{"floor":44,"key":"GamblersBrew"}],"is_trial":false,"path_per_floor":["M","?","M","M","M","M","R","M","T","R","$","?","E","?","R","B",null,"M","$","?","?","M","M","R","E","T","$","?","?","T","T","R","B",null,"M","$","?","?","M","R","?","R","T","M","?","M","M","$","R","B",null],"character_chosen":"DEFECT","items_purchased":["Capacitor","Hello World","Ball Lightning","ClockworkSouvenir","Self Repair"],"campfire_rested":2,"item_purchase_floors":[19,27,27,36,36],"current_hp_per_floor":[75,75,75,62,45,35,35,29,29,54,54,75,70,70,70,52,77,59,59,38,38,37,37,37,25,25,25,25,25,25,25,37,6,33,33,33,33,33,40,40,40,40,40,42,42,42,36,36,36,8],"gold":7,"neow_bonus":"TWENTY_PERCENT_HP_BONUS","is_prod":false,"is_daily":false,"chose_seed":false,"campfire_upgraded":6,"win_rate":0,"timestamp":1548420501,"path_taken":["M","?","?","M","M","M","R","M","T","R","$","?","E","?","R","BOSS","M","$","?","?","M","M","R","E","T","$","?","?","?","?","R","BOSS","M","$","?","?","?","R","?","R","T","M","?","M","?","?","R","BOSS"],"build_version":"2019-01-23","purchased_purges":5,"victory":true,"max_hp_per_floor":[85,85,85,85,85,85,85,85,85,85,85,85,85,85,85,85,85,85,85,85,42,42,42,42,42,42,42,42,42,42,42,42,42,42,42,42,42,42,42,42,42,42,42,42,42,42,42,42,42,42],"card_choices":[{"not_picked":["Heatsinks","Melter"],"picked":"Beam Cell","floor":1},{"not_picked":["Rebound","Compile Driver"],"picked":"Doom and Gloom","floor":3},{"not_picked":["Rip and Tear","Heatsinks"],"picked":"Hologram","floor":4},{"not_picked":["Beam Cell","Steam"],"picked":"Hologram","floor":5},{"not_picked":["Leap","Redo"],"picked":"Conserve Battery","floor":6},{"not_picked":["Steam","Double Energy"],"picked":"Streamline","floor":8},{"not_picked":["Streamline","Stack"],"picked":"Rainbow","floor":13},{"not_picked":["Meteor Strike","Core Surge"],"picked":"Electrodynamics","floor":16},{"not_picked":["Streamline","Consume"],"picked":"Cold Snap","floor":18},{"not_picked":["Barrage","Cold Snap"],"picked":"Beam Cell+1","floor":22},{"not_picked":["Hologram","Beam Cell","Redo"],"picked":"SKIP","floor":23},{"not_picked":["Hologram","Beam Cell","Redo"],"picked":"SKIP","floor":23},{"not_picked":["Blizzard","Redo"],"picked":"Sunder","floor":25},{"not_picked":["Beam Cell","Lockon"],"picked":"White Noise","floor":28},{"not_picked":["Biased Cognition","Meteor Strike"],"picked":"All For One","floor":33},{"not_picked":["Steam","Doom and Gloom+1"],"picked":"Turbo+1","floor":35},{"not_picked":["All For One","Steam"],"picked":"Conserve Battery+1","floor":39},{"not_picked":["Cold Snap","Ball Lightning"],"picked":"Chill","floor":44},{"not_picked":["Ball Lightning","Gash+1","Cold Snap"],"picked":"SKIP","floor":46},{"not_picked":["Glacier","Rebound+1"],"picked":"Go for the Eyes","floor":47}],"player_experience":849609,"relics_obtained":[{"floor":9,"key":"Smiling Mask"},{"floor":13,"key":"Du-Vu Doll"},{"floor":20,"key":"Necronomicon"},{"floor":25,"key":"Orichalcum"},{"floor":26,"key":"Tiny Chest"},{"floor":28,"key":"WingedGreaves"},{"floor":28,"key":"Bottled Tornado"},{"floor":30,"key":"Happy Flower"},{"floor":31,"key":"Gremlin Horn"},{"floor":34,"key":"Oddly Smooth Stone"},{"floor":34,"key":"The Courier"},{"floor":34,"key":"Gambling Chip"},{"floor":43,"key":"Whetstone"}],"event_choices":[{"cards_removed":["Strike_B"],"damage_healed":0,"gold_gain":0,"player_choice":"Offered Basic","damage_taken":0,"max_hp_gain":0,"max_hp_loss":0,"event_name":"Bonfire Elementals","floor":2,"gold_loss":0},{"damage_healed":21,"gold_gain":0,"player_choice":"Healed","damage_taken":0,"max_hp_gain":0,"max_hp_loss":0,"event_name":"The Cleric","floor":12,"gold_loss":35},{"cards_removed":["Strike_B"],"damage_healed":0,"gold_gain":0,"player_choice":"Forget","damage_taken":0,"max_hp_gain":0,"max_hp_loss":0,"event_name":"Living Wall","floor":14,"gold_loss":0},{"damage_healed":0,"gold_gain":0,"player_choice":"Obtained Book","damage_taken":21,"max_hp_gain":0,"max_hp_loss":0,"event_name":"Cursed Tome","floor":20,"gold_loss":0},{"damage_healed":0,"gold_gain":0,"player_choice":"Became a Ghost","damage_taken":0,"max_hp_gain":0,"max_hp_loss":43,"event_name":"Ghosts","floor":21,"gold_loss":0,"cards_obtained":["Ghostly","Ghostly","Ghostly"]},{"damage_healed":0,"gold_gain":0,"player_choice":"Fight","damage_taken":0,"max_hp_gain":0,"max_hp_loss":0,"event_name":"Colosseum","floor":28,"gold_loss":0},{"damage_healed":0,"gold_gain":0,"player_choice":"Fought Nobs","damage_taken":0,"max_hp_gain":0,"max_hp_loss":0,"event_name":"Colosseum","floor":28,"gold_loss":0},{"damage_healed":0,"gold_gain":0,"player_choice":"Ignored","damage_taken":0,"max_hp_gain":0,"max_hp_loss":0,"event_name":"Vampires","floor":29,"gold_loss":0},{"damage_healed":0,"gold_gain":0,"player_choice":"Paid","damage_taken":0,"relics_obtained":["Red Mask"],"max_hp_gain":0,"max_hp_loss":0,"event_name":"Tomb of Lord Red Mask","floor":37,"gold_loss":4},{"damage_healed":0,"gold_gain":0,"player_choice":"Ignored","damage_taken":0,"max_hp_gain":0,"max_hp_loss":0,"event_name":"SecretPortal","floor":38,"gold_loss":0},{"damage_healed":0,"gold_gain":0,"player_choice":"Ignored","damage_taken":0,"max_hp_gain":0,"max_hp_loss":0,"event_name":"Mysterious Sphere","floor":41,"gold_loss":0},{"cards_removed":["Self Repair"],"damage_healed":0,"gold_gain":0,"player_choice":"Purged","damage_taken":0,"max_hp_gain":0,"max_hp_loss":0,"event_name":"Purifier","floor":45,"gold_loss":0}],"is_beta":true,"boss_relics":[{"not_picked":["Pandora\u0027s Box","Runic Pyramid"],"picked":"Lizard Tail"},{"not_picked":["Orrery","Empty Cage"],"picked":"Calling Bell"}],"items_purged_floors":[11,19,27,36,48],"is_endless":false,"potions_floor_spawned":[1,5,6,23,25,28,33,44],"ascension_level":16}