{"gold_per_floor":[116,132,132,82,101,132,132,3,28,59,71,97,136,148,160,272,284,308,320,20,31,50,50,82,82,82,7,17,44,59,59,59,158,158,171,223,240,240,258,293,293,293,363,363,375,395,395,424,424,424,424,424,50,79,79],"floor_reached":56,"playtime":1725,"items_purged":["Defend_B","Self Repair+1"],"score":1563,"play_id":"7da322e3-4446-41a3-9d5b-e329712f6ad3","local_time":"20190114002332","is_ascension_mode":false,"campfire_choices":[{"data":"Defend_B","floor":7.0,"key":"SMITH"},{"data":"Self Repair","floor":11.0,"key":"SMITH"},{"data":"Clawfect:ClawForOne","floor":15.0,"key":"SMITH"},{"data":"Reboot","floor":23.0,"key":"SMITH"},{"data":"Seek","floor":32.0,"key":"SMITH"},{"floor":42.0,"key":"RECALL"},{"floor":47.0,"key":"REST"},{"floor":49.0,"key":"REST"},{"floor":52.0,"key":"REST"}],"neow_cost":"TEN_PERCENT_HP_LOSS","seed_source_timestamp":127257791354490,"circlet_count":0,"master_deck":["Gash+1","Gash+1","Gash+1","Gash+1","Gash+1","Defend_B+1","Clawfect:ClawLightning+1","Clawfect:ClawForTheEyes+1","Clawfect:ClawLightning+1","Clawfect:ClawSnap+1","Clawfect:ClawForOne+1","Clawfect:ClawingBeam+1","Clawfect:ClawLightning+1","Reboot+1","Leap+1","Chill+1","Clawfect:ClawSnap+1","Coolheaded+1","Redo+1","Clawfect:Clawrage+1","Clawfect:ClawForTheEyes+1","Clawfect:ClawForOne+1","Clawfect:ClawpileDriver+1","Steam+1","Clawfect:ScrapingClaw+1","Seek+1","Reboot+1","Clawfect:Clawrage+1","Clawfect:ClawForOne+1","Clawfect:ClawCell+1","Capacitor"],"special_seed":0,"relics":["Clawfect:DRClaw","StoneCalendar","Bronze Scales","Blood Vial","MawBank","Bag of Preparation","Orrery","Membership Card","Whetstone","Nunchaku","Juzu Bracelet","Empty Cage","Ice Cream","Regal Pillow","Mark of the Bloom","Blue Candle","Meat on the Bone","Bottled Lightning","TheAbacus","Shuriken"],"potions_floor_usage":[55],"damage_taken":[{"damage":12.0,"enemies":"Small Slimes","floor":1.0,"turns":4.0},{"damage":0.0,"enemies":"2 Louse","floor":2.0,"turns":3.0},{"damage":7.0,"enemies":"Jaw Worm","floor":5.0,"turns":3.0},{"damage":3.0,"enemies":"Lagavulin","floor":6.0,"turns":4.0},{"damage":4.0,"enemies":"Gremlin Nob","floor":10.0,"turns":3.0},{"damage":12.0,"enemies":"Gremlin Gang","floor":12.0,"turns":3.0},{"damage":0.0,"enemies":"Lagavulin","floor":13.0,"turns":2.0},{"damage":0.0,"enemies":"The Guardian","floor":16.0,"turns":3.0},{"damage":1.0,"enemies":"Chosen","floor":18.0,"turns":2.0},{"damage":0.0,"enemies":"Shell Parasite","floor":21.0,"turns":1.0},{"damage":0.0,"enemies":"Centurion and Healer","floor":22.0,"turns":3.0},{"damage":16.0,"enemies":"Slavers","floor":24.0,"turns":2.0},{"damage":0.0,"enemies":"Chosen and Byrds","floor":28.0,"turns":2.0},{"damage":16.0,"enemies":"Gremlin Leader","floor":29.0,"turns":4.0},{"damage":15.0,"enemies":"Snake Plant","floor":30.0,"turns":3.0},{"damage":0.0,"enemies":"Collector","floor":33.0,"turns":2.0},{"damage":0.0,"enemies":"Orb Walker","floor":35.0,"turns":3.0},{"damage":0.0,"enemies":"2 Orb Walkers","floor":36.0,"turns":1.0},{"damage":0.0,"enemies":"3 Darklings","floor":37.0,"turns":2.0},{"damage":0.0,"enemies":"Spire Growth","floor":39.0,"turns":2.0},{"damage":0.0,"enemies":"Giant Head","floor":40.0,"turns":2.0},{"damage":0.0,"enemies":"4 Shapes","floor":45.0,"turns":2.0},{"damage":0.0,"enemies":"Sphere and 2 Shapes","floor":46.0,"turns":2.0},{"damage":0.0,"enemies":"Reptomancer","floor":48.0,"turns":2.0},{"damage":0.0,"enemies":"Donu and Deca","floor":50.0,"turns":2.0},{"damage":1,"enemies":"Shield and Spear","floor":54,"turns":3},{"damage":49,"enemies":"The Heart","floor":55,"turns":3}],"seed_played":"3849096253414555974","potions_obtained":[{"floor":1.0,"key":"Poison Potion"},{"floor":2.0,"key":"FearPotion"},{"floor":12.0,"key":"Energy Potion"},{"floor":18.0,"key":"Explosive Potion"},{"floor":19.0,"key":"EssenceOfSteel"},{"floor":19.0,"key":"FearPotion"},{"floor":24.0,"key":"SpeedPotion"},{"floor":30.0,"key":"FairyPotion"},{"floor":33.0,"key":"Explosive Potion"},{"floor":46.0,"key":"EssenceOfSteel"}],"is_trial":false,"path_per_floor":["M","M","?","?","M","E","R","$","T","E","R","M","E","$","R","B",null,"M","?","$","M","M","R","E","?","T","$","M","E","M","?","R","B",null,"M","?","M","?","M","E","?","R","T","?","M","M","R","E","R","B",null,"R","$","E","B",null],"character_chosen":"DEFECT","items_purchased":["Self Repair","Strength Potion","Membership Card","Whetstone","Clawfect:ClawpileDriver","Fruit Juice","Bottled Lightning","GamblersBrew","SteroidPotion","Capacitor","TheAbacus"],"campfire_rested":3,"item_purchase_floors":[8,8,20,20,27,27,53,53,53,53,53],"current_hp_per_floor":[56,56,49,49,42,39,39,39,39,44,44,44,46,46,46,48,68,68,68,68,68,68,68,52,52,52,57,59,45,42,66,66,68,73,73,73,73,73,73,73,73,73,73,73,73,73,73,73,73,73,73,73,73,72,23],"gold":79,"neow_bonus":"ONE_RARE_RELIC","is_prod":false,"is_daily":false,"chose_seed":false,"campfire_upgraded":5,"win_rate":0,"timestamp":1547393012,"path_taken":["M","M","?","?","M","E","R","$","T","E","R","M","E","$","R","BOSS","M","?","$","?","M","R","E","?","T","?","M","E","M","?","R","BOSS","M","?","M","?","M","E","?","R","T","?","M","M","R","E","R","BOSS","R","$","E","BOSS"],"build_version":"2019-01-10","purchased_purges":2,"victory":true,"max_hp_per_floor":[68,68,68,68,68,68,68,68,68,68,68,68,68,68,68,68,68,68,68,68,68,68,68,68,68,68,73,73,73,73,73,73,73,73,73,73,73,73,73,73,73,73,73,73,73,73,73,73,73,73,73,73,73,73,73],"card_choices":[{"not_picked":["Consume","Reinforced Body"],"picked":"Clawfect:ClawLightning","floor":1.0},{"not_picked":["Turbo","Glacier"],"picked":"Clawfect:ClawForTheEyes","floor":2.0},{"not_picked":["Coolheaded","Gash"],"picked":"Clawfect:ClawLightning","floor":5.0},{"not_picked":["Redo","Clawfect:Clawline"],"picked":"Clawfect:ClawSnap","floor":6.0},{"not_picked":["Clawfect:Clawter","Clawfect:ClawLightning"],"picked":"Clawfect:ClawForOne","floor":10.0},{"not_picked":["FTL","Consume"],"picked":"Clawfect:ClawingBeam","floor":12.0},{"not_picked":["Redo","Clawfect:Clawter"],"picked":"Clawfect:ClawLightning","floor":13.0},{"not_picked":["Biased Cognition","Electrodynamics"],"picked":"Reboot","floor":16.0},{"not_picked":["Clawfect:ClawSnap","Consume"],"picked":"Leap","floor":17.0},{"not_picked":["Rebound","Clawfect:Clawter"],"picked":"Chill","floor":17.0},{"not_picked":["Hello World","Turbo"],"picked":"Clawfect:ClawSnap","floor":17.0},{"not_picked":["Turbo","Steam"],"picked":"Coolheaded","floor":17.0},{"not_picked":["Double Energy","Consume"],"picked":"Hologram","floor":17.0},{"not_picked":["Steam","Leap"],"picked":"Redo+1","floor":18.0},{"not_picked":["Clawfect:ClawpileDriver","Clawfect:ClawSnap"],"picked":"Clawfect:Clawrage","floor":21.0},{"not_picked":["Sunder","Redo","Hyperbeam"],"picked":"SKIP","floor":22.0},{"not_picked":["FTL","Stack"],"picked":"Clawfect:ClawForTheEyes","floor":24.0},{"not_picked":["Leap+1","Clawfect:Clawter"],"picked":"Steam+1","floor":28.0},{"not_picked":["Clawfect:Clawline","Loop"],"picked":"Clawfect:ScrapingClaw+1","floor":29.0},{"not_picked":["Lockon","Double Energy+1"],"picked":"Seek","floor":30.0},{"not_picked":["Meteor Strike","Biased Cognition"],"picked":"Reboot","floor":33.0},{"not_picked":["Clawfect:Clawter","FTL"],"picked":"Clawfect:Clawrage+1","floor":35.0},{"not_picked":["Redo","Stack+1","Double Energy"],"picked":"SKIP","floor":37.0},{"not_picked":["BootSequence","Gash"],"picked":"Clawfect:ClawForOne","floor":39.0},{"not_picked":["Sunder+1","Clawfect:ClawingBeam"],"picked":"Clawfect:ClawCell","floor":40.0},{"not_picked":["Consume+1","Conserve Battery+1","Turbo"],"picked":"SKIP","floor":45.0},{"not_picked":["Clawfect:ClawForTheEyes+1","Redo+1","Genetic Algorithm"],"picked":"SKIP","floor":46.0},{"not_picked":["Hologram","Consume","Redo+1"],"picked":"SKIP","floor":48.0},{"not_picked":["FTL","Clawfect:ScrapingClaw","Undo"],"picked":"SKIP","floor":54}],"player_experience":779494,"relics_obtained":[{"floor":6.0,"key":"Bronze Scales"},{"floor":9.0,"key":"Blood Vial"},{"floor":10.0,"key":"MawBank"},{"floor":13.0,"key":"Bag of Preparation"},{"floor":24.0,"key":"Nunchaku"},{"floor":29.0,"key":"Juzu Bracelet"},{"floor":36.0,"key":"Ice Cream"},{"floor":40.0,"key":"Regal Pillow"},{"floor":43.0,"key":"Blue Candle"},{"floor":48.0,"key":"Meat on the Bone"},{"floor":54,"key":"Shuriken"}],"event_choices":[{"cards_removed":["Defend_B"],"damage_healed":0.0,"max_hp_gain":0.0,"max_hp_loss":0.0,"gold_gain":0.0,"event_name":"Golden Wing","player_choice":"Card Removal","floor":3.0,"gold_loss":0.0,"damage_taken":7.0},{"cards_removed":["Defend_B"],"damage_healed":0.0,"max_hp_gain":0.0,"max_hp_loss":0.0,"gold_gain":0.0,"event_name":"The Cleric","player_choice":"Card Removal","floor":4.0,"gold_loss":50.0,"damage_taken":0.0},{"damage_healed":0.0,"max_hp_gain":0.0,"max_hp_loss":0.0,"gold_gain":0.0,"event_name":"Lab","player_choice":"Got Potions","floor":19.0,"gold_loss":0.0,"damage_taken":0.0},{"damage_healed":0.0,"max_hp_gain":0.0,"max_hp_loss":0.0,"gold_gain":0.0,"event_name":"Duplicator","player_choice":"Copied","floor":25.0,"gold_loss":0.0,"damage_taken":0.0,"cards_obtained":["Clawfect:ClawForOne"]},{"damage_healed":24.0,"max_hp_gain":0.0,"max_hp_loss":0.0,"gold_gain":0.0,"event_name":"The Library","player_choice":"Heal","floor":31.0,"gold_loss":0.0,"damage_taken":0.0},{"damage_healed":0.0,"max_hp_gain":0.0,"max_hp_loss":0.0,"gold_gain":0.0,"event_name":"Mysterious Sphere","player_choice":"Fight","floor":36.0,"gold_loss":0.0,"damage_taken":0.0},{"damage_healed":0.0,"max_hp_gain":0.0,"max_hp_loss":0.0,"gold_gain":0.0,"event_name":"Tomb of Lord Red Mask","player_choice":"Ignored","floor":38.0,"gold_loss":0.0,"damage_taken":0.0},{"damage_healed":0.0,"max_hp_gain":0.0,"max_hp_loss":0.0,"gold_gain":0.0,"event_name":"MindBloom","player_choice":"Upgrade","floor":41.0,"gold_loss":0.0,"damage_taken":0.0,"cards_upgraded":["Gash","Gash","Gash","Gash","Clawfect:ClawLightning","Clawfect:ClawLightning","Clawfect:ClawSnap","Clawfect:ClawingBeam","Clawfect:ClawLightning","Leap","Chill","Clawfect:ClawSnap","Coolheaded","Clawfect:Clawrage","Clawfect:ClawForTheEyes","Clawfect:ClawpileDriver","Reboot","Clawfect:ClawForOne","Clawfect:ClawCell"],"relics_obtained":["Mark of the Bloom"]},{"damage_healed":0.0,"max_hp_gain":0.0,"max_hp_loss":0.0,"gold_gain":0.0,"event_name":"Match and Keep!","player_choice":"0 cards matched","floor":44.0,"gold_loss":0.0,"damage_taken":0.0,"cards_obtained":[]}],"is_beta":false,"boss_relics":[{"not_picked":["Tiny House","Calling Bell"],"picked":"Orrery"},{"not_picked":["Philosopher\u0027s Stone","Nuclear Battery"],"picked":"Empty Cage"}],"items_purged_floors":[20,53],"is_endless":false,"potions_floor_spawned":[1,2,12,18,22,24,30,33,39,40,46],"ascension_level":0}