{"gold_per_floor":[113,113,131,147,164,164,225,252,279,354,354,13,13,40,40,138,138,149,163,176,191,204,232,245,245,245,275,288,322,322,349,349,451,451,469,569,644,655,673,701,735,165,165,191,191,211,211,230,230,230,230,230,133,187,187],"floor_reached":55,"playtime":8073,"items_purged":["Strike_B","Strike_B","Strike_B"],"score":1324,"play_id":"81a431c7-8816-4e29-b65b-5eae5a38937c","local_time":"20190207061638","is_ascension_mode":true,"campfire_choices":[{"data":"Zap","floor":6.0,"key":"SMITH"},{"floor":13.0,"key":"REST"},{"data":"Hologram","floor":15.0,"key":"SMITH"},{"floor":32.0,"key":"REST"},{"floor":45.0,"key":"RECALL"},{"floor":47.0,"key":"REST"},{"floor":49.0,"key":"REST"},{"floor":52.0,"key":"REST"}],"neow_cost":"TEN_PERCENT_HP_LOSS","seed_source_timestamp":0,"circlet_count":0,"master_deck":["AscendersBane","Strike_B","Defend_B","Defend_B","Defend_B","Zap+1","Dualcast","Jack Of All Trades","Impatience","Streamline","Hologram+1","Conserve Battery","Self Repair","Rebound","Leap","Glacier","Doom and Gloom","Biased Cognition","Electrodynamics","Defragment","Glacier+1","Redo+1","Double Energy","Ball Lightning+1","Steam Power+1","Coolheaded+1","Doom and Gloom+1","Compile Driver+1","Core Surge+1","Ball Lightning+1","Skim","Undo","Compile Driver+1","Recycle+1","Finesse","Tempest+1","Skim+1","Ball Lightning+1","Reinforced Body+1"],"special_seed":0,"relics":["Cracked Core","Strawberry","Smiling Mask","Oddly Smooth Stone","Ice Cream","Molten Egg 2","Fusion Hammer","Meat on the Bone","Centennial Puzzle","Bag of Marbles","Matryoshka","White Beast Statue","WingedGreaves","Unceasing Top","Question Card","OrangePellets","Cables","Blood Vial","Bottled Tornado","Bronze Scales","Mummified Hand"],"potions_floor_usage":[55,55],"damage_taken":[{"damage":5.0,"enemies":"Small Slimes","floor":1.0,"turns":3.0},{"damage":1.0,"enemies":"Cultist","floor":3.0,"turns":3.0},{"damage":0.0,"enemies":"2 Louse","floor":4.0,"turns":2.0},{"damage":19.0,"enemies":"Large Slime","floor":5.0,"turns":6.0},{"damage":18.0,"enemies":"3 Sentries","floor":7.0,"turns":7.0},{"damage":36.0,"enemies":"Gremlin Nob","floor":8.0,"turns":4.0},{"damage":1.0,"enemies":"3 Sentries","floor":14.0,"turns":4.0},{"damage":33.0,"enemies":"Slime Boss","floor":16.0,"turns":8.0},{"damage":0.0,"enemies":"Spheric Guardian","floor":18.0,"turns":5.0},{"damage":4.0,"enemies":"Shell Parasite","floor":19.0,"turns":8.0},{"damage":26.0,"enemies":"Shelled Parasite and Fungi","floor":20.0,"turns":6.0},{"damage":5.0,"enemies":"Centurion and Healer","floor":21.0,"turns":9.0},{"damage":8.0,"enemies":"3 Cultists","floor":22.0,"turns":4.0},{"damage":15.0,"enemies":"Gremlin Leader","floor":23.0,"turns":6.0},{"damage":0.0,"enemies":"Snake Plant","floor":24.0,"turns":4.0},{"damage":28.0,"enemies":"Book of Stabbing","floor":27.0,"turns":7.0},{"damage":8.0,"enemies":"Centurion and Healer","floor":28.0,"turns":5.0},{"damage":24.0,"enemies":"Gremlin Leader","floor":29.0,"turns":5.0},{"damage":22.0,"enemies":"Book of Stabbing","floor":31.0,"turns":6.0},{"damage":47.0,"enemies":"Automaton","floor":33.0,"turns":9.0},{"damage":1.0,"enemies":"3 Shapes","floor":35.0,"turns":5.0},{"damage":0.0,"enemies":"Mind Bloom Boss Battle","floor":36.0,"turns":5.0},{"damage":21.0,"enemies":"3 Darklings","floor":38.0,"turns":4.0},{"damage":27.0,"enemies":"Writhing Mass","floor":39.0,"turns":5.0},{"damage":0.0,"enemies":"Nemesis","floor":40.0,"turns":7.0},{"damage":25.0,"enemies":"Reptomancer","floor":41.0,"turns":6.0},{"damage":16.0,"enemies":"Nemesis","floor":44.0,"turns":7.0},{"damage":27.0,"enemies":"4 Shapes","floor":46.0,"turns":3.0},{"damage":4.0,"enemies":"Jaw Worm Horde","floor":48.0,"turns":4.0},{"damage":47.0,"enemies":"Donu and Deca","floor":50.0,"turns":8.0},{"damage":72.0,"enemies":"Shield and Spear","floor":54.0,"turns":6.0},{"damage":30,"enemies":"The Heart","floor":55,"turns":9}],"seed_played":"-7775068035784997530","potions_obtained":[{"floor":4.0,"key":"Ancient Potion"},{"floor":5.0,"key":"FearPotion"},{"floor":8.0,"key":"SkillPotion"},{"floor":21.0,"key":"Explosive Potion"},{"floor":22.0,"key":"Ancient Potion"},{"floor":24.0,"key":"Explosive Potion"},{"floor":28.0,"key":"Explosive Potion"},{"floor":35.0,"key":"SpeedPotion"},{"floor":36.0,"key":"Fruit Juice"},{"floor":38.0,"key":"Regen Potion"},{"floor":39.0,"key":"SteroidPotion"},{"floor":40.0,"key":"GamblersBrew"},{"floor":41.0,"key":"Swift Potion"},{"floor":44.0,"key":"EntropicBrew"},{"floor":54.0,"key":"EssenceOfSteel"}],"is_trial":false,"path_per_floor":["M","?","M","M","M","R","?","E","T","?","?","$","R","E","R","B",null,"M","M","M","M","M","E","M","?","T","E","M","E","?","E","R","B",null,"M","?","?","M","M","E","E","$","T","E","R","M","R","M","R","B",null,"R","$","E","B"],"character_chosen":"DEFECT","items_purchased":["Ice Cream","OrangePellets","Finesse","Cables","Ball Lightning+1"],"campfire_rested":5,"item_purchase_floors":[12,42,42,42,53],"current_hp_per_floor":[63,63,62,62,50,50,46,17,17,6,6,6,28,34,34,8,58,65,68,49,51,50,42,49,49,49,33,44,39,39,36,58,30,64,70,80,72,58,52,52,39,39,39,44,44,38,62,67,80,45,71,80,80,27,0],"gold":187,"neow_bonus":"RANDOM_COLORLESS_2","is_prod":false,"is_daily":false,"chose_seed":false,"campfire_upgraded":2,"win_rate":0,"timestamp":1549538198,"path_taken":["M","?","?","M","M","R","?","E","T","?","?","$","R","E","R","BOSS","M","M","M","M","M","E","M","?","T","E","M","E","?","E","R","BOSS","M","?","?","M","M","E","E","$","T","E","R","?","R","M","R","BOSS","R","$","E","BOSS"],"build_version":"2019-01-23","purchased_purges":3,"victory":false,"max_hp_per_floor":[68,68,68,68,68,68,75,75,75,75,75,75,75,75,75,75,75,75,75,75,75,75,75,75,75,75,75,75,75,75,75,75,75,75,75,80,80,80,80,80,80,80,80,80,80,80,80,80,80,80,80,80,80,80,80],"card_choices":[{"not_picked":["Storm","Hologram"],"picked":"Streamline","floor":1.0},{"not_picked":["Leap","Streamline"],"picked":"Conserve Battery","floor":3.0},{"not_picked":["Force Field","Leap"],"picked":"Self Repair","floor":4.0},{"not_picked":["Barrage","Double Energy"],"picked":"Rebound","floor":5.0},{"not_picked":["Gash","Beam Cell"],"picked":"Leap","floor":7.0},{"not_picked":["Sweeping Beam","Hello World"],"picked":"Glacier","floor":8.0},{"not_picked":["Redo","Doom and Gloom"],"picked":"Biased Cognition","floor":14.0},{"not_picked":["Fission","Thunder Strike+1"],"picked":"Electrodynamics","floor":16.0},{"not_picked":["Consume","Coolheaded","Go for the Eyes+1"],"picked":"SKIP","floor":18.0},{"not_picked":["Hello World","Fusion"],"picked":"Defragment","floor":19.0},{"not_picked":["Double Energy","Compile Driver+1"],"picked":"Glacier+1","floor":20.0},{"not_picked":["Coolheaded","Sweeping Beam+1"],"picked":"Redo+1","floor":21.0},{"not_picked":["Barrage+1","Steam"],"picked":"Double Energy","floor":22.0},{"not_picked":["Streamline+1","Loop","White Noise"],"picked":"SKIP","floor":23.0},{"not_picked":["Stack","Sweeping Beam+1","Scrape+1"],"picked":"SKIP","floor":24.0},{"not_picked":["FTL+1","Coolheaded"],"picked":"Steam Power+1","floor":27.0},{"not_picked":["Force Field","Aggregate+1"],"picked":"Coolheaded+1","floor":28.0},{"not_picked":["Glacier+1","Conserve Battery"],"picked":"Doom and Gloom+1","floor":29.0},{"not_picked":["Glacier","Ball Lightning+1"],"picked":"Compile Driver+1","floor":31.0},{"not_picked":["Echo Form","Buffer"],"picked":"Core Surge+1","floor":33.0},{"not_picked":["Streamline+1","Sweeping Beam+1"],"picked":"Ball Lightning+1","floor":35.0},{"not_picked":["Beam Cell+1","Genetic Algorithm+1"],"picked":"Skim","floor":36.0},{"not_picked":["Stack","Go for the Eyes+1","Redo"],"picked":"SKIP","floor":38.0},{"not_picked":["FTL+1","Reinforced Body+1"],"picked":"Undo","floor":39.0},{"not_picked":["Barrage+1","Consume+1"],"picked":"Compile Driver+1","floor":40.0},{"not_picked":["Tempest","Steam Power"],"picked":"Recycle+1","floor":41.0},{"not_picked":["Barrage+1","Static Discharge","Loop"],"picked":"Tempest+1","floor":44.0},{"not_picked":["Cold Snap+1","Lockon+1","Gash+1"],"picked":"Skim+1","floor":46.0},{"not_picked":["Barrage+1","Skim","Coolheaded","Chill+1"],"picked":"SKIP","floor":48.0},{"not_picked":["Hyperbeam+1","Tempest","Sweeping Beam+1"],"picked":"Reinforced Body+1","floor":54.0}],"player_experience":370143,"relics_obtained":[{"floor":7.0,"key":"Strawberry"},{"floor":8.0,"key":"Smiling Mask"},{"floor":9.0,"key":"Oddly Smooth Stone"},{"floor":14.0,"key":"Molten Egg 2"},{"floor":23.0,"key":"Meat on the Bone"},{"floor":27.0,"key":"Centennial Puzzle"},{"floor":29.0,"key":"Bag of Marbles"},{"floor":31.0,"key":"Matryoshka"},{"floor":36.0,"key":"WingedGreaves"},{"floor":40.0,"key":"Unceasing Top"},{"floor":41.0,"key":"Question Card"},{"floor":43.0,"key":"Blood Vial"},{"floor":43.0,"key":"Bottled Tornado"},{"floor":44.0,"key":"Bronze Scales"},{"floor":54.0,"key":"Mummified Hand"}],"event_choices":[{"damage_healed":0.0,"max_hp_gain":0.0,"max_hp_loss":0.0,"gold_gain":0.0,"event_name":"Match and Keep!","player_choice":"1 cards matched","floor":2.0,"gold_loss":0.0,"damage_taken":0.0,"cards_obtained":["Hologram"]},{"damage_healed":0.0,"max_hp_gain":0.0,"max_hp_loss":0.0,"gold_gain":0.0,"event_name":"Match and Keep!","player_choice":"1 cards matched","floor":2.0,"gold_loss":0.0,"damage_taken":0.0,"cards_obtained":["Hologram"]},{"damage_healed":0.0,"max_hp_gain":0.0,"max_hp_loss":0.0,"gold_gain":0.0,"event_name":"Dead Adventurer","player_choice":"Searched \u00271\u0027 times","floor":7.0,"gold_loss":0.0,"damage_taken":0.0},{"damage_healed":0.0,"max_hp_gain":0.0,"max_hp_loss":0.0,"gold_gain":75.0,"event_name":"World of Goop","player_choice":"Gather Gold","floor":10.0,"gold_loss":0.0,"damage_taken":11.0},{"damage_healed":0.0,"max_hp_gain":0.0,"max_hp_loss":0.0,"gold_gain":0.0,"cards_transformed":["Defend_B"],"event_name":"Transmorgrifier","player_choice":"Transformed","floor":11.0,"gold_loss":0.0,"damage_taken":0.0,"cards_obtained":["Doom and Gloom"]},{"damage_healed":0.0,"max_hp_gain":0.0,"max_hp_loss":0.0,"gold_gain":0.0,"event_name":"The Library","player_choice":"Read","floor":25.0,"gold_loss":0.0,"damage_taken":0.0,"cards_obtained":["Ball Lightning"]},{"damage_healed":0.0,"max_hp_gain":0.0,"max_hp_loss":0.0,"gold_gain":0.0,"event_name":"Ghosts","player_choice":"Ignored","floor":30.0,"gold_loss":0.0,"damage_taken":0.0},{"damage_healed":0.0,"max_hp_gain":0.0,"max_hp_loss":0.0,"gold_gain":0.0,"event_name":"MindBloom","player_choice":"Fight","floor":36.0,"gold_loss":0.0,"damage_taken":0.0},{"damage_healed":0.0,"max_hp_gain":0.0,"max_hp_loss":0.0,"gold_gain":75.0,"event_name":"FaceTrader","player_choice":"Touch","floor":37.0,"gold_loss":0.0,"damage_taken":8.0}],"is_beta":false,"boss_relics":[{"not_picked":["Inserter","Empty Cage"],"picked":"Fusion Hammer"},{"not_picked":["Busted Crown","Cursed Key"],"picked":"White Beast Statue"}],"items_purged_floors":[12,42,53],"is_endless":false,"potions_floor_spawned":[4,5,8,21,22,24,28,35,36,38,39,40,41,44,46,48,54],"killed_by":"The Heart","ascension_level":11}