{"gold_per_floor":[118,293,305,323,2,27,27,59,82,116,116,136,168,186,186,290,290,301,318,328,46,46,81,81,81,132,152,152,164,164,184,184,283,283,303,99,115,115,115,115,142,142,142,173,173,173,204,217,217,217],"floor_reached":51,"playtime":10949,"items_purged":["Doubt","Strike_G","Defend_G"],"score":910,"play_id":"be93f1ee-cffa-421e-8e0d-e5e86bca0979","local_time":"20190307093924","is_ascension_mode":true,"campfire_choices":[{"data":"Caltrops","floor":7.0,"key":"SMITH"},{"data":"Blade Dance","floor":11.0,"key":"SMITH"},{"data":"Backflip","floor":15.0,"key":"SMITH"},{"data":"Accuracy","floor":24.0,"key":"SMITH"},{"floor":28.0,"key":"REST"},{"data":"After Image","floor":32.0,"key":"SMITH"},{"data":"Madness","floor":40,"key":"SMITH"},{"data":"Leg Sweep","floor":42,"key":"SMITH"},{"data":"Infinite Blades","floor":45,"key":"SMITH"},{"data":"A Thousand Cuts","floor":49,"key":"SMITH"}],"neow_cost":"NONE","seed_source_timestamp":0,"circlet_count":0,"master_deck":["Defend_G","Defend_G","Defend_G","Defend_G","Strike_G","Strike_G","Survivor","Neutralize+1","Dagger Throw","Riddle With Holes","Backflip+1","Caltrops+1","Prepared","Blade Dance+1","Backflip","After Image+1","Escape Plan","Leg Sweep+1","Accuracy+1","Acrobatics+1","After Image","Heel Hook+1","Infinite Blades+1","Infinite Blades","Madness+1","Madness","Bandage Up","A Thousand Cuts+1"],"special_seed":0,"relics":["Ring of the Snake","Ornamental Fan","Bronze Scales","Juzu Bracelet","Bag of Marbles","Happy Flower","Gremlin Horn","WristBlade","Omamori","Bag of Preparation","Enchiridion","Blood Vial","Regal Pillow","Empty Cage","Potion Belt","Bottled Tornado","Ninja Scroll","WarpedTongs","Vajra"],"potions_floor_usage":[41,47],"damage_taken":[{"damage":0.0,"enemies":"Cultist","floor":1.0,"turns":4.0},{"damage":0.0,"enemies":"Small Slimes","floor":3.0,"turns":3.0},{"damage":2.0,"enemies":"2 Louse","floor":4.0,"turns":3.0},{"damage":7.0,"enemies":"3 Sentries","floor":6.0,"turns":9.0},{"damage":17.0,"enemies":"Gremlin Nob","floor":8.0,"turns":4.0},{"damage":13.0,"enemies":"3 Sentries","floor":10.0,"turns":8.0},{"damage":0.0,"enemies":"Blue Slaver","floor":12.0,"turns":2.0},{"damage":6.0,"enemies":"Lagavulin","floor":13.0,"turns":7.0},{"damage":0.0,"enemies":"3 Louse","floor":14.0,"turns":2.0},{"damage":5.0,"enemies":"Hexaghost","floor":16.0,"turns":9.0},{"damage":0.0,"enemies":"Shell Parasite","floor":18.0,"turns":4.0},{"damage":2.0,"enemies":"Spheric Guardian","floor":19.0,"turns":5.0},{"damage":7.0,"enemies":"3 Cultists","floor":20.0,"turns":5.0},{"damage":11.0,"enemies":"Gremlin Leader","floor":23.0,"turns":8.0},{"damage":8.0,"enemies":"Snake Plant","floor":27.0,"turns":4.0},{"damage":0.0,"enemies":"Snecko","floor":29.0,"turns":5.0},{"damage":16.0,"enemies":"Centurion and Healer","floor":31.0,"turns":6.0},{"damage":36.0,"enemies":"Automaton","floor":33.0,"turns":11.0},{"damage":1,"enemies":"3 Shapes","floor":35,"turns":6},{"damage":0,"enemies":"3 Darklings","floor":37,"turns":5},{"damage":17,"enemies":"Reptomancer","floor":41,"turns":8},{"damage":0,"enemies":"Giant Head","floor":44,"turns":6},{"damage":7,"enemies":"Nemesis","floor":47,"turns":7},{"damage":0,"enemies":"Jaw Worm Horde","floor":48,"turns":3},{"damage":44,"enemies":"Donu and Deca","floor":50,"turns":11}],"seed_played":"1428327752284673006","potions_obtained":[{"floor":3.0,"key":"Strength Potion"},{"floor":6.0,"key":"LiquidBronze"},{"floor":8.0,"key":"Regen Potion"},{"floor":16.0,"key":"FearPotion"},{"floor":19.0,"key":"Ancient Potion"},{"floor":27.0,"key":"Regen Potion"},{"floor":29.0,"key":"SkillPotion"},{"floor":31.0,"key":"SkillPotion"},{"floor":37,"key":"EssenceOfSteel"},{"floor":44,"key":"PowerPotion"}],"is_trial":false,"path_per_floor":["M","?","M","M","$","E","R","E","T","E","R","M","E","M","R","B",null,"M","M","M","$","?","E","R","?","T","M","R","M","?","M","R","B",null,"M","$","M","?","?","R","E","R","T","E","R","?","E","M","R","B",null],"character_chosen":"THE_SILENT","items_purchased":["Ornamental Fan","Accuracy","Omamori","Infinite Blades"],"campfire_rested":1,"item_purchase_floors":[5,21,21,36],"current_hp_per_floor":[70,70,70,68,68,61,61,44,44,31,31,31,37,37,37,32,70,70,68,61,61,48,37,37,21,21,15,37,39,39,39,39,5,75,74,74,75,66,66,66,55,55,55,61,61,61,60,66,66,30],"gold":217,"neow_bonus":"UPGRADE_CARD","is_prod":false,"is_daily":false,"chose_seed":false,"campfire_upgraded":9,"win_rate":0,"timestamp":1551951564,"path_taken":["M","?","M","M","$","E","R","E","T","E","R","M","E","M","R","BOSS","M","M","M","$","?","E","R","?","T","M","R","M","?","M","R","BOSS","M","$","M","?","?","R","E","R","T","E","R","?","E","M","R","BOSS"],"build_version":"2019-01-23","purchased_purges":3,"victory":true,"max_hp_per_floor":[70,70,70,70,70,70,70,70,70,70,70,70,70,70,70,70,70,70,70,70,70,75,75,75,75,75,75,75,75,75,75,75,75,75,75,75,75,75,75,75,75,75,75,75,75,75,75,75,75,75],"card_choices":[{"not_picked":["Outmaneuver","Flying Knee"],"picked":"Dagger Throw","floor":1.0},{"not_picked":["Setup","Dagger Throw"],"picked":"Riddle With Holes","floor":3.0},{"not_picked":["Quick Slash","Poisoned Stab"],"picked":"Backflip","floor":4.0},{"not_picked":["Backflip","Acrobatics"],"picked":"Caltrops","floor":6.0},{"not_picked":["Tactician","Bullet Time"],"picked":"Prepared","floor":8.0},{"not_picked":["Eviscerate","Choke"],"picked":"Blade Dance","floor":10.0},{"not_picked":["Dagger Throw","Acrobatics"],"picked":"Backflip","floor":12.0},{"not_picked":["Slice","Dagger Throw","Outmaneuver"],"picked":"SKIP","floor":13.0},{"not_picked":["Dodge and Roll","Outmaneuver","Quick Slash"],"picked":"SKIP","floor":14.0},{"not_picked":["Venomology","Doppelganger"],"picked":"After Image","floor":16.0},{"not_picked":["Acrobatics+1","Outmaneuver+1"],"picked":"Escape Plan","floor":18.0},{"not_picked":["Dagger Throw","Deflect","Choke"],"picked":"SKIP","floor":19.0},{"not_picked":["Sucker Punch","Deadly Poison"],"picked":"Leg Sweep","floor":20.0},{"not_picked":["Quick Slash","PiercingWail","Underhanded Strike"],"picked":"SKIP","floor":23.0},{"not_picked":["Bane","Deflect+1"],"picked":"Acrobatics+1","floor":27.0},{"not_picked":["Riddle With Holes","Well Laid Plans","Flying Knee"],"picked":"SKIP","floor":29.0},{"not_picked":["Bane","Quick Slash","Poisoned Stab"],"picked":"SKIP","floor":31.0},{"not_picked":["Glass Knife","Malaise"],"picked":"After Image","floor":33.0},{"not_picked":["Blade Dance+1","Prepared+1"],"picked":"Heel Hook+1","floor":35},{"not_picked":["Outmaneuver+1","Eviscerate+1"],"picked":"Infinite Blades","floor":37},{"not_picked":["Madness","Good Instincts"],"picked":"Bandage Up","floor":39},{"not_picked":["Dagger Spray+1","Poisoned Stab+1","Night Terror"],"picked":"SKIP","floor":41},{"not_picked":["Acrobatics+1","Sucker Punch","Setup"],"picked":"SKIP","floor":44},{"not_picked":["Underhanded Strike","Reflex","Bane+1"],"picked":"SKIP","floor":47},{"not_picked":["Dash","Dagger Throw+1"],"picked":"A Thousand Cuts","floor":48}],"player_experience":502665,"relics_obtained":[{"floor":6.0,"key":"Bronze Scales"},{"floor":8.0,"key":"Juzu Bracelet"},{"floor":9.0,"key":"Bag of Marbles"},{"floor":10.0,"key":"Happy Flower"},{"floor":13.0,"key":"Gremlin Horn"},{"floor":23.0,"key":"Bag of Preparation"},{"floor":25.0,"key":"Enchiridion"},{"floor":26.0,"key":"Blood Vial"},{"floor":41,"key":"Potion Belt"},{"floor":43,"key":"Bottled Tornado"},{"floor":44,"key":"Ninja Scroll"},{"floor":47,"key":"Vajra"}],"event_choices":[{"damage_healed":0.0,"max_hp_gain":0.0,"max_hp_loss":0.0,"gold_gain":175.0,"event_name":"Liars Game","player_choice":"AGREE","floor":2.0,"gold_loss":0.0,"damage_taken":0.0,"cards_obtained":["Doubt"]},{"damage_healed":0.0,"max_hp_gain":5.0,"max_hp_loss":0.0,"gold_gain":0.0,"event_name":"Forgotten Altar","player_choice":"Shed Blood","floor":22.0,"gold_loss":0.0,"damage_taken":18.0},{"damage_healed":0.0,"max_hp_gain":0.0,"max_hp_loss":0.0,"gold_gain":0.0,"event_name":"Cursed Tome","player_choice":"Obtained Book","floor":25.0,"gold_loss":0.0,"damage_taken":16.0},{"damage_healed":0.0,"max_hp_gain":0.0,"max_hp_loss":0.0,"gold_gain":0.0,"event_name":"The Mausoleum","player_choice":"Opened","floor":30.0,"gold_loss":0.0,"damage_taken":0.0,"relics_obtained":["Regal Pillow"]},{"damage_healed":0,"gold_gain":0,"player_choice":"Embrace Madness","damage_taken":9,"max_hp_gain":0,"max_hp_loss":0,"event_name":"Winding Halls","floor":38,"gold_loss":0,"cards_obtained":["Madness","Madness"]},{"damage_healed":0,"gold_gain":0,"player_choice":"Memory 1","damage_taken":0,"max_hp_gain":0,"max_hp_loss":0,"event_name":"SensoryStone","floor":39,"gold_loss":0},{"damage_healed":0,"gold_gain":0,"player_choice":"Rummage","damage_taken":0,"relics_obtained":["WarpedTongs"],"max_hp_gain":0,"max_hp_loss":0,"event_name":"Accursed Blacksmith","floor":46,"gold_loss":0,"cards_obtained":["Pain"]}],"is_beta":false,"boss_relics":[{"not_picked":["Ring of the Serpent","Sozu"],"picked":"WristBlade"},{"not_picked":["Tiny House","White Beast Statue"],"picked":"Empty Cage"}],"items_purged_floors":[5,21,36],"is_endless":false,"potions_floor_spawned":[3,6,8,16,19,27,29,31,37,44],"ascension_level":4}