{"path_per_floor":["M","?","?","?","M","E","T","E","T","R","?","$","M","M","R","B",null,"M","?","$","M","M","R","M","T","T","$","E","R","M","M","R","B",null,"M","M","?","M","M","R","M","R","T","$","M","T","$","M","R","B"],"character_chosen":"IRONCLAD","items_purchased":["Gremlin Horn"],"gold_per_floor":[13,88,88,88,100,158,209,237,287,287,287,212,227,247,247,348,378,392,392,292,307,322,322,334,334,357,232,262,262,274,290,290,386,386,397,417,417,430,444,444,457,457,535,139,158,211,36,48,48,48],"floor_reached":51,"campfire_rested":7,"playtime":1175,"current_hp_per_floor":[80,69,69,69,69,45,45,12,12,36,36,36,42,42,66,33,85,71,71,71,77,47,47,43,53,53,53,20,48,46,22,50,22,95,40,53,77,50,13,41,24,52,52,52,18,18,18,46,74,59],"items_purged":["Defend_R","Strike_R","Strike_R","Defend_R","Strike_R"],"gold":48,"score":829,"play_id":"066bf7f5-9a81-498a-988d-a7659f2cd645","local_time":"20180422125008","is_prod":false,"is_daily":false,"chose_seed":false,"is_ascension_mode":false,"campfire_upgraded":1,"timestamp":1524369008,"path_taken":["M","?","?","?","M","E","?","E","T","R","?","$","M","M","R","BOSS","M","?","$","M","M","R","?","?","T","$","E","R","M","M","R","BOSS","M","?","?","M","?","R","M","R","T","$","M","?","?","M","R","BOSS"],"build_version":"2018-04-19","seed_source_timestamp":1979297996251114,"purchased_purges":5,"victory":true,"master_deck":["Defend_R+1","Bash","Spot Weakness+1","Limit Break+1","Whirlwind+1","Reaper"],"max_hp_per_floor":[80,80,80,80,80,80,80,80,80,80,80,80,80,80,80,80,85,85,85,85,85,85,85,85,95,95,95,95,95,95,95,95,95,95,95,95,95,95,95,95,95,95,95,95,95,95,95,95,95,95],"relics":["Burning Blood","Tiny Chest","War Paint","Anchor","Omamori","Question Card","Tiny House","Pear","Dream Catcher","Blood Vial","Lizard Tail","Bottled Lightning","Gremlin Horn","Vajra"],"card_choices":[{"not_picked":["Warcry","Shrug It Off","Armaments"],"picked":"Reaper","floor":39}],"player_experience":468213,"potions_floor_usage":[16,33,33,39,45],"damage_taken":[{"damage":5,"enemies":"2 Louse","floor":1,"turns":2},{"damage":6,"enemies":"Jaw Worm","floor":5,"turns":3},{"damage":30,"enemies":"Gremlin Nob","floor":6,"turns":4},{"damage":39,"enemies":"Lagavulin","floor":8,"turns":8},{"damage":0,"enemies":"Small Slimes","floor":13,"turns":4},{"damage":6,"enemies":"Blue Slaver","floor":14,"turns":4},{"damage":39,"enemies":"Hexaghost","floor":16,"turns":7},{"damage":20,"enemies":"2 Thieves","floor":18,"turns":4},{"damage":0,"enemies":"3 Byrds","floor":21,"turns":3},{"damage":36,"enemies":"Snake Plant","floor":22,"turns":4},{"damage":10,"enemies":"Centurion and Healer","floor":24,"turns":4},{"damage":39,"enemies":"Slavers","floor":28,"turns":3},{"damage":10,"enemies":"3 Cultists","floor":30,"turns":3},{"damage":32,"enemies":"Snake Plant","floor":31,"turns":5},{"damage":36,"enemies":"Champ","floor":33,"turns":6},{"damage":61,"enemies":"3 Shapes","floor":35,"turns":4},{"damage":62,"enemies":"Orb Walker","floor":36,"turns":5},{"damage":35,"enemies":"Maw","floor":38,"turns":8},{"damage":51,"enemies":"4 Shapes","floor":39,"turns":4},{"damage":30,"enemies":"Sphere and 2 Shapes","floor":41,"turns":4},{"damage":72,"enemies":"Maw","floor":45,"turns":8},{"damage":55,"enemies":"4 Shapes","floor":48,"turns":3},{"damage":92,"enemies":"Time Eater","floor":50,"turns":6}],"event_choices":[{"event_name":"World of Goop","player_choice":"Gather Gold","floor":2,"damage_taken":0},{"event_name":"Upgrade Shrine","player_choice":"Upgraded","floor":3,"damage_taken":0},{"event_name":"Purifier","player_choice":"One Purge","floor":4,"damage_taken":0},{"event_name":"Dead Adventurer","player_choice":"Searched \u00271\u0027 times","floor":11,"damage_taken":0},{"event_name":"The Library","player_choice":"Read","floor":19,"damage_taken":0},{"event_name":"Winding Halls","player_choice":"Writhe","floor":37,"damage_taken":0}],"boss_relics":[{"not_picked":["Calling Bell","Mark of Pain"],"picked":"Tiny House"},{"not_picked":["Black Star","Black Blood"],"picked":"Lizard Tail"}],"potions_floor_spawned":[1,8,21,22,30,31,35,36],"seed_played":"-387059588128397581","ascension_level":0,"is_trial":false}