{"path_per_floor":["M","M","$","?","M","E","$","?","T","E","T","?","M","E","R","B",null,"M","M","?","M","?","R","E","R","T","M","M","?","E","M","R","B",null,"M","$","M","M","M","R","E","R","T","M","E","M","R","E","R","B"],"character_chosen":"DEFECT","items_purchased":["Meteor Strike","Orichalcum"],"gold_per_floor":[113,129,129,129,144,169,5,5,5,32,32,32,45,74,74,179,179,196,212,137,149,64,64,92,92,92,109,123,123,150,160,160,255,255,275,49,63,79,94,94,127,127,127,143,171,189,189,214,214,214],"floor_reached":51,"campfire_rested":3,"playtime":4069,"current_hp_per_floor":[72,72,72,47,47,28,28,28,28,22,22,22,29,17,40,47,79,78,65,65,43,43,43,31,55,55,46,53,53,60,67,85,69,87,89,89,89,89,65,65,75,75,75,91,100,102,102,102,102,69],"items_purged":["Aggregate"],"gold":214,"score":1057,"play_id":"1dfc4f2c-2cb7-4123-9f6c-45b6197f259d","local_time":"20180507205404","is_prod":false,"is_daily":false,"chose_seed":false,"is_ascension_mode":true,"campfire_upgraded":5,"timestamp":1525719244,"path_taken":["M","M","$","?","?","E","$","?","T","E","?","?","M","E","R","BOSS","M","M","?","M","?","R","E","R","T","M","M","?","E","M","R","BOSS","M","$","?","M","M","R","E","R","T","M","E","M","R","E","R","BOSS"],"build_version":"2018-05-03","seed_source_timestamp":125512283375641,"purchased_purges":1,"victory":true,"master_deck":["Defend_B","Defend_B","Dualcast","Coolheaded","Hello World","Self Repair","Meteor Strike+1","Ball Lightning","White Noise","Consume+1","Seek","Leap+1","Hologram+1","Creative AI","Storm","Hologram+1","Self Repair+1","Steam Power+1","Impulse+1","Buffer","Coolheaded+1","Skim","Buffer+1"],"max_hp_per_floor":[75,75,75,75,75,77,77,77,77,77,77,77,77,79,79,79,79,79,81,81,83,83,83,83,83,83,85,85,85,85,85,85,87,87,89,89,89,89,91,91,93,93,93,93,100,102,102,102,102,102],"relics":["Snecko Eye","Singing Bowl","Lantern","Mercury Hourglass","Bag of Preparation","Blue Candle","Peace Pipe","Inserter","Happy Flower","Gambling Chip","Ancient Tea Set","Anchor","Astrolabe","Orichalcum","Bronze Scales","Sundial","Strawberry","DataDisk"],"card_choices":[{"not_picked":["Cold Snap","Impulse"],"picked":"Coolheaded","floor":1},{"not_picked":["Rip and Tear","Steam Power"],"picked":"Hello World","floor":2},{"not_picked":["Chaos","Rip and Tear"],"picked":"Self Repair","floor":5},{"not_picked":["Streamline","Gash"],"picked":"White Noise","floor":10},{"not_picked":["Go for the Eyes","Barrage"],"picked":"Consume","floor":13},{"not_picked":["Fusion","Biased Cognition"],"picked":"Seek","floor":16},{"not_picked":["Streamline","Barrage"],"picked":"Leap","floor":18},{"not_picked":["Streamline","Impulse"],"picked":"Hologram","floor":24},{"not_picked":["Static Discharge","Cold Snap"],"picked":"Creative AI","floor":28},{"not_picked":["Turbo","Cold Snap"],"picked":"Storm","floor":30},{"not_picked":["Impulse","Coolheaded"],"picked":"Hologram","floor":31},{"not_picked":["Hello World","Auto Shields"],"picked":"Impulse","floor":37},{"not_picked":["Barrage","Gash"],"picked":"Buffer","floor":38},{"not_picked":["Capacitor","Streamline"],"picked":"Coolheaded","floor":44},{"not_picked":["Streamline","Undo"],"picked":"Skim","floor":45},{"not_picked":["Static Discharge","Glacier"],"picked":"Buffer","floor":48}],"player_experience":531437,"potions_floor_usage":[6,13,33,33,39,50,50,50],"damage_taken":[{"damage":3,"enemies":"2 Louse","floor":1,"turns":4},{"damage":0,"enemies":"Cultist","floor":2,"turns":4},{"damage":0,"enemies":"Small Slimes","floor":5,"turns":3},{"damage":21,"enemies":"Gremlin Nob","floor":6,"turns":4},{"damage":13,"enemies":"Lagavulin","floor":10,"turns":4},{"damage":0,"enemies":"Gremlin Gang","floor":13,"turns":1},{"damage":21,"enemies":"Gremlin Nob","floor":14,"turns":4},{"damage":0,"enemies":"Slime Boss","floor":16,"turns":5},{"damage":1,"enemies":"Spheric Guardian","floor":18,"turns":3},{"damage":15,"enemies":"Shell Parasite","floor":19,"turns":5},{"damage":31,"enemies":"Cultist and Chosen","floor":21,"turns":7},{"damage":19,"enemies":"Book of Stabbing","floor":24,"turns":4},{"damage":18,"enemies":"Centurion and Healer","floor":27,"turns":5},{"damage":0,"enemies":"Snecko","floor":28,"turns":2},{"damage":0,"enemies":"Gremlin Leader","floor":30,"turns":4},{"damage":0,"enemies":"3 Cultists","floor":31,"turns":4},{"damage":25,"enemies":"Collector","floor":33,"turns":5},{"damage":0,"enemies":"Flame Bruiser 1 Orb","floor":35,"turns":3},{"damage":0,"enemies":"3 Shapes","floor":37,"turns":5},{"damage":10,"enemies":"Maw","floor":38,"turns":6},{"damage":33,"enemies":"Flame Bruiser 2 Orb","floor":39,"turns":4},{"damage":9,"enemies":"2 Orb Walkers","floor":41,"turns":3},{"damage":1,"enemies":"4 Shapes","floor":44,"turns":3},{"damage":10,"enemies":"Nemesis","floor":45,"turns":6},{"damage":0,"enemies":"Spire Growth","floor":46,"turns":2},{"damage":0,"enemies":"Giant Head","floor":48,"turns":4},{"damage":33,"enemies":"Time Eater","floor":50,"turns":9}],"event_choices":[{"event_name":"Scrap Ooze","player_choice":"success","floor":4,"damage_taken":25},{"event_name":"Living Wall","player_choice":"Change","floor":8,"damage_taken":0},{"event_name":"Purifier","player_choice":"One Purge","floor":12,"damage_taken":0},{"event_name":"Beggar","player_choice":"Gave Gold","floor":20,"damage_taken":0},{"event_name":"Addict","player_choice":"Obtained Relic","floor":22,"damage_taken":0},{"event_name":"Back to Basics","player_choice":"Elegance","floor":29,"damage_taken":0}],"boss_relics":[{"not_picked":["Runic Dome","Ectoplasm"],"picked":"Inserter"},{"not_picked":["Nuclear Battery","Philosopher\u0027s Stone"],"picked":"Astrolabe"}],"potions_floor_spawned":[2,5,10,13,18,21,30,35,38,45,46,48],"seed_played":"-885439963964203539","ascension_level":3,"is_trial":false}