{"path_per_floor":["M","M","?","?","?","R","M","R","T","E","M","M","M","M","R"],"character_chosen":"THE_SILENT","items_purchased":[],"gold_per_floor":[115,135,135,135,135,135,154,154,154,195,209,227,247,267,267,267],"floor_reached":16,"campfire_rested":1,"playtime":750,"current_hp_per_floor":[68,67,60,60,60,60,60,60,60,55,51,41,38,33,52,0],"items_purged":[],"gold":267,"score":129,"play_id":"dda60ba6-5c69-413c-a5f6-9a949b3a650b","local_time":"20180425001033","is_prod":false,"is_daily":false,"chose_seed":false,"is_ascension_mode":false,"campfire_upgraded":2,"timestamp":1524579033,"path_taken":["M","M","?","?","?","R","M","R","T","E","M","M","M","M","R","BOSS"],"build_version":"2018-04-19","seed_source_timestamp":6013599400832,"purchased_purges":0,"victory":false,"master_deck":["Defend_G","Defend_G","Defend_G","Defend_G","Defend_G","Strike_G","Strike_G","Strike_G","Strike_G","Survivor+1","Neutralize+1","Deadly Poison","Deflect","Regret","Prepared","Deadly Poison","Bane","Bane","Backstab"],"max_hp_per_floor":[70,70,70,70,65,65,65,65,65,65,65,65,65,65,65,65],"relics":["Ring of the Snake","Ninja Scroll","Golden Idol","Ancient Tea Set","Sundial"],"card_choices":[{"not_picked":["Sucker Punch","Quick Slash"],"picked":"Deadly Poison","floor":1},{"not_picked":["Outmaneuver","Dagger Throw"],"picked":"Deflect","floor":2},{"not_picked":["Doppelganger","Backflip"],"picked":"Prepared","floor":7},{"not_picked":["Reflex","Flechettes"],"picked":"Deadly Poison","floor":10},{"not_picked":["Riddle With Holes","Infinite Blades"],"picked":"Bane","floor":11},{"not_picked":["Prepared","Cloak And Dagger"],"picked":"Bane","floor":12},{"not_picked":["Dodge and Roll","Acrobatics"],"picked":"Backstab","floor":13}],"player_experience":130125,"potions_floor_usage":[10,10,16],"damage_taken":[{"damage":2,"enemies":"Small Slimes","floor":1,"turns":5},{"damage":1,"enemies":"2 Louse","floor":2,"turns":3},{"damage":0,"enemies":"Jaw Worm","floor":7,"turns":3},{"damage":5,"enemies":"3 Sentries","floor":10,"turns":7},{"damage":4,"enemies":"Blue Slaver","floor":11,"turns":3},{"damage":10,"enemies":"Exordium Thugs","floor":12,"turns":4},{"damage":3,"enemies":"2 Fungi Beasts","floor":13,"turns":3},{"damage":5,"enemies":"Lots of Slimes","floor":14,"turns":4},{"damage":59,"enemies":"Slime Boss","floor":16,"turns":10}],"event_choices":[{"event_name":"Golden Wing","player_choice":"Card Removal","floor":3,"damage_taken":0},{"event_name":"Big Fish","player_choice":"Box","floor":4,"damage_taken":0},{"event_name":"Golden Idol","player_choice":"Lose Max HP","floor":5,"damage_taken":0}],"boss_relics":[],"potions_floor_spawned":[2,7,13],"seed_played":"6828309531290392816","killed_by":"Slime Boss","ascension_level":0,"is_trial":false}