{"gold_per_floor":[116,116,128,140,159,190,190,219,219,279,291,291,21,56,56,151,151,164,164,182,132,57,83,83,83],"floor_reached":25,"playtime":1450,"items_purged":["Strike_B+1"],"score":398,"play_id":"f9accff0-e94a-422e-8392-c2148a94f88e","local_time":"20190222145511","is_ascension_mode":true,"campfire_choices":[{"floor":12.0,"key":"REST"},{"data":"Defragment","floor":15.0,"key":"SMITH"}],"neow_cost":"NONE","seed_source_timestamp":0,"circlet_count":0,"master_deck":["Strike_B+1","Strike_B+1","Strike_B+1","Defend_B+1","Defend_B+1","Defend_B+1","Zap","Dualcast","Conserve Battery","Sweeping Beam","BootSequence","Rip and Tear","Glacier","Zap","Conserve Battery","Conserve Battery","Defragment+1","Flash of Steel","Undo","Amplify","Ghostly","Ghostly","Ghostly","Ghostly","Ghostly"],"special_seed":0,"relics":["Cracked Core","Bag of Marbles","WingedGreaves","Calipers","FossilizedHelix","Tiny Chest","Lantern","Smiling Mask","Sozu","Orichalcum"],"potions_floor_usage":[23],"damage_taken":[{"damage":4.0,"enemies":"Small Slimes","floor":1.0,"turns":3.0},{"damage":1.0,"enemies":"Cultist","floor":3.0,"turns":3.0},{"damage":0.0,"enemies":"2 Louse","floor":4.0,"turns":2.0},{"damage":11.0,"enemies":"Large Slime","floor":5.0,"turns":6.0},{"damage":37.0,"enemies":"Gremlin Nob","floor":6.0,"turns":5.0},{"damage":1.0,"enemies":"Lagavulin","floor":8.0,"turns":8.0},{"damage":1.0,"enemies":"3 Sentries","floor":10.0,"turns":7.0},{"damage":0.0,"enemies":"Blue Slaver","floor":11.0,"turns":2.0},{"damage":0.0,"enemies":"Lagavulin","floor":14.0,"turns":8.0},{"damage":0.0,"enemies":"The Guardian","floor":16.0,"turns":16.0},{"damage":0.0,"enemies":"Chosen","floor":18.0,"turns":4.0},{"damage":0.0,"enemies":"Spheric Guardian","floor":20.0,"turns":4.0},{"damage":33,"enemies":"Slavers","floor":23,"turns":11},{"damage":43,"enemies":"Gremlin Leader","floor":25,"turns":10}],"seed_played":"-772316560458821639","potions_obtained":[{"floor":3.0,"key":"Dexterity Potion"},{"floor":5.0,"key":"LiquidBronze"},{"floor":6.0,"key":"PowerPotion"},{"floor":8.0,"key":"Poison Potion"},{"floor":16.0,"key":"Block Potion"}],"is_trial":false,"path_per_floor":["M","?","M","M","M","E","?","E","T","E","M","R","$","E","R","B",null,"M","?","M","$","?","E","?","E"],"character_chosen":"DEFECT","items_purchased":["Lantern","Flash of Steel","Undo"],"campfire_rested":1,"item_purchase_floors":[13,13,13],"current_hp_per_floor":[78,71,70,70,59,22,22,21,21,20,20,44,44,44,44,44,82,82,82,82,82,82,49,41,0],"gold":83,"neow_bonus":"TEN_PERCENT_HP_BONUS","is_prod":false,"is_daily":false,"chose_seed":false,"campfire_upgraded":1,"win_rate":0,"timestamp":1550836511,"path_taken":["M","?","M","M","M","E","?","E","T","E","?","R","$","E","R","BOSS","M","?","M","$","?","E","?","E"],"build_version":"2019-01-23","purchased_purges":1,"victory":false,"max_hp_per_floor":[82,82,82,82,82,82,82,82,82,82,82,82,82,82,82,82,82,82,82,82,82,82,82,41,41],"card_choices":[{"not_picked":["Barrage","Compile Driver"],"picked":"Conserve Battery","floor":1.0},{"not_picked":["Reprogram","Chaos"],"picked":"Sweeping Beam","floor":3.0},{"not_picked":["Steam","Heatsinks","Force Field"],"picked":"SKIP","floor":4.0},{"not_picked":["Scrape","Gash"],"picked":"BootSequence","floor":5.0},{"not_picked":["Static Discharge","Gash"],"picked":"Rip and Tear","floor":6.0},{"not_picked":["Ball Lightning","Sunder"],"picked":"Conserve Battery","floor":8.0},{"not_picked":["Multi-Cast","Leap"],"picked":"Conserve Battery","floor":10.0},{"not_picked":["Compile Driver","Doom and Gloom"],"picked":"Defragment","floor":11.0},{"not_picked":["Aggregate","Doom and Gloom","Turbo"],"picked":"SKIP","floor":14.0},{"not_picked":["Static Discharge+1","Ball Lightning+1","Compile Driver+1"],"picked":"SKIP","floor":18.0},{"not_picked":["Leap","Conserve Battery+1"],"picked":"Amplify","floor":20.0},{"not_picked":["Beam Cell","Consume","Go for the Eyes"],"picked":"SKIP","floor":23},{"not_picked":["Beam Cell","Consume","Go for the Eyes"],"picked":"SKIP","floor":23}],"player_experience":330140,"relics_obtained":[{"floor":6.0,"key":"WingedGreaves"},{"floor":8.0,"key":"Calipers"},{"floor":9.0,"key":"FossilizedHelix"},{"floor":10.0,"key":"Tiny Chest"},{"floor":14.0,"key":"Smiling Mask"},{"floor":23,"key":"Orichalcum"}],"event_choices":[{"damage_healed":0.0,"max_hp_gain":0.0,"max_hp_loss":0.0,"gold_gain":0.0,"event_name":"Scrap Ooze","player_choice":"Success","floor":2.0,"gold_loss":0.0,"damage_taken":7.0,"relics_obtained":["Bag of Marbles"]},{"damage_healed":0.0,"max_hp_gain":0.0,"max_hp_loss":0.0,"gold_gain":0.0,"event_name":"Match and Keep!","player_choice":"2 cards matched","floor":7.0,"gold_loss":0.0,"damage_taken":0.0,"cards_obtained":["Glacier","Zap"]},{"damage_healed":0.0,"max_hp_gain":0.0,"max_hp_loss":0.0,"gold_gain":0.0,"event_name":"Back to Basics","player_choice":"Simplicity","floor":19.0,"gold_loss":0.0,"damage_taken":0.0,"cards_upgraded":["Strike_B","Strike_B","Strike_B","Strike_B","Defend_B","Defend_B","Defend_B","Defend_B"]},{"cards_removed":["Defend_B"],"damage_healed":0.0,"max_hp_gain":0.0,"max_hp_loss":0.0,"gold_gain":0.0,"event_name":"Beggar","player_choice":"Gave Gold","floor":22.0,"gold_loss":75.0,"damage_taken":0.0},{"damage_healed":0,"gold_gain":0,"player_choice":"Became a Ghost","damage_taken":0,"max_hp_gain":0,"max_hp_loss":41,"event_name":"Ghosts","floor":24,"gold_loss":0,"cards_obtained":["Ghostly","Ghostly","Ghostly","Ghostly","Ghostly"]}],"is_beta":false,"boss_relics":[{"not_picked":["Orrery","Coffee Dripper"],"picked":"Sozu"}],"items_purged_floors":[21],"is_endless":false,"potions_floor_spawned":[3,5,6,8,16,18],"killed_by":"Gremlin Leader","ascension_level":3}