{"gold_per_floor":[109,122,72,147,165,190,190,200,226,258,258,258,288,33,33,33],"floor_reached":16,"playtime":1018,"items_purged":[],"score":108,"play_id":"eb542814-e936-4d72-8dfe-be82dd062b96","local_time":"20190305225825","is_ascension_mode":false,"campfire_choices":[{"data":"Brutality","floor":7,"key":"SMITH"},{"floor":15,"key":"REST"}],"neow_cost":"NONE","seed_source_timestamp":10566690817377,"circlet_count":0,"master_deck":["Strike_R","Strike_R+1","Strike_R","Defend_R","Defend_R","Defend_R","Defend_R","Bash+1","Armaments","Spot Weakness","Brutality+1","Evolve","Seeing Red","Juggernaut","Regret","Corruption"],"relics":["Burning Blood","Whetstone","Juzu Bracelet","PreservedInsect","Happy Flower","Molten Egg 2","Meat on the Bone"],"potions_floor_usage":[10,10],"damage_taken":[{"damage":2,"enemies":"Small Slimes","floor":1,"turns":4},{"damage":1,"enemies":"Jaw Worm","floor":2,"turns":5},{"damage":4,"enemies":"Cultist","floor":5,"turns":4},{"damage":38,"enemies":"3 Sentries","floor":6,"turns":9},{"damage":19,"enemies":"Lots of Slimes","floor":8,"turns":8},{"damage":28,"enemies":"Lagavulin","floor":10,"turns":6},{"damage":31,"enemies":"Slime Boss","floor":16,"turns":8}],"seed_played":"6351632722792001319","potions_obtained":[{"floor":2,"key":"FearPotion"},{"floor":5,"key":"SkillPotion"},{"floor":8,"key":"PowerPotion"}],"is_trial":false,"path_per_floor":["M","M","?","?","M","E","R","M","T","E","?","?","?","$","R","B"],"character_chosen":"IRONCLAD","items_purchased":["Meat on the Bone"],"campfire_rested":1,"item_purchase_floors":[14],"current_hp_per_floor":[88,88,88,80,82,50,50,37,37,15,15,15,15,15,41,10],"gold":33,"neow_bonus":"TEN_PERCENT_HP_BONUS","is_prod":false,"is_daily":false,"chose_seed":false,"campfire_upgraded":1,"win_rate":0,"timestamp":1551794305,"path_taken":["M","M","?","?","?","E","R","M","T","E","?","?","?","?","R","BOSS"],"build_version":"2019-01-23","purchased_purges":0,"victory":false,"max_hp_per_floor":[88,88,88,88,88,88,88,88,88,88,88,88,88,88,88,88],"card_choices":[{"not_picked":["Flex","Anger"],"picked":"Armaments","floor":1},{"not_picked":["Carnage","Headbutt"],"picked":"Spot Weakness","floor":2},{"not_picked":["Cleave","Havoc"],"picked":"Brutality","floor":5},{"not_picked":["Cleave","Sever Soul"],"picked":"Evolve","floor":6},{"not_picked":["Anger","Havoc"],"picked":"Seeing Red","floor":8},{"not_picked":["Anger","Bloodletting"],"picked":"Juggernaut","floor":10}],"player_experience":100009,"relics_obtained":[{"floor":6,"key":"Whetstone"},{"floor":9,"key":"Juzu Bracelet"},{"floor":10,"key":"PreservedInsect"}],"event_choices":[{"cards_removed":["Strike_R"],"damage_healed":0,"gold_gain":0,"player_choice":"Card Removal","damage_taken":0,"max_hp_gain":0,"max_hp_loss":0,"event_name":"The Cleric","floor":3,"gold_loss":50},{"damage_healed":0,"gold_gain":75,"player_choice":"Touch","damage_taken":8,"max_hp_gain":0,"max_hp_loss":0,"event_name":"FaceTrader","floor":4,"gold_loss":0},{"damage_healed":0,"gold_gain":0,"player_choice":"Box","damage_taken":0,"relics_obtained":["Happy Flower"],"max_hp_gain":0,"max_hp_loss":0,"event_name":"Big Fish","floor":11,"gold_loss":0,"cards_obtained":["Regret"]},{"damage_healed":0,"gold_gain":0,"cards_transformed":["Strike_R"],"player_choice":"Change","damage_taken":0,"max_hp_gain":0,"max_hp_loss":0,"event_name":"Living Wall","floor":12,"gold_loss":0,"cards_obtained":["Corruption"]},{"damage_healed":0,"gold_gain":30,"player_choice":"Searched \u00272\u0027 times","damage_taken":0,"relics_obtained":["Molten Egg 2"],"max_hp_gain":0,"max_hp_loss":0,"event_name":"Dead Adventurer","floor":13,"gold_loss":0}],"is_beta":false,"boss_relics":[],"items_purged_floors":[],"is_endless":false,"potions_floor_spawned":[2,5,8],"killed_by":"Slime Boss","ascension_level":0}