{"gold_per_floor":[119,119,137,287,362,362,391,401,454,483,483,500,15,25,25,25],"floor_reached":16,"playtime":312,"items_purged":["Doubt"],"score":270,"play_id":"c3299909-a435-4ad4-b875-538e43ccd114","local_time":"20181030153038","is_ascension_mode":true,"campfire_choices":[{"data":"Bash","floor":6.0,"key":"SMITH"},{"data":"Offering","floor":11.0,"key":"SMITH"},{"data":"1","floor":15.0,"key":"LIFT"}],"neow_cost":"NONE","seed_source_timestamp":1457970240047937,"circlet_count":0,"master_deck":["Strike_R","Strike_R","Strike_R","Strike_R","Strike_R","Defend_R","Defend_R","Defend_R","Defend_R","Bash+1","AscendersBane","Armaments+1","Offering+1","Shrug It Off","Battle Trance","True Grit"],"special_seed":0,"relics":["Burning Blood","NeowsBlessing","Orichalcum","Pen Nib","Regal Pillow","Girya"],"potions_floor_usage":[],"damage_taken":[{"damage":0.0,"enemies":"Cultist","floor":1.0,"turns":1.0},{"damage":0.0,"enemies":"Small Slimes","floor":3.0,"turns":1.0},{"damage":0.0,"enemies":"3 Sentries","floor":7.0,"turns":2.0},{"damage":9.0,"enemies":"Jaw Worm","floor":8.0,"turns":4.0},{"damage":22.0,"enemies":"Gremlin Nob","floor":10.0,"turns":4.0},{"damage":12.0,"enemies":"Looter","floor":12.0,"turns":3.0},{"damage":1.0,"enemies":"2 Fungi Beasts","floor":14.0,"turns":4.0},{"damage":50,"enemies":"Hexaghost","floor":16,"turns":9}],"seed_played":"366922256047173075","potions_obtained":[{"floor":7.0,"key":"Explosive Potion"},{"floor":8.0,"key":"Explosive Potion"}],"is_trial":false,"path_per_floor":["M","?","M","?","?","R","E","M","T","E","R","M","$","M","R"],"character_chosen":"IRONCLAD","items_purchased":["Girya","Battle Trance"],"campfire_rested":0,"item_purchase_floors":[13,13],"current_hp_per_floor":[74,74,75,75,64,64,70,67,67,51,51,45,45,50,50,0],"gold":25,"neow_bonus":"THREE_ENEMY_KILL","is_prod":false,"is_daily":false,"chose_seed":false,"campfire_upgraded":2,"win_rate":0,"timestamp":1540938638,"path_taken":["M","?","M","?","?","R","E","M","T","E","R","M","$","M","R","BOSS"],"build_version":"2018-10-25v2","purchased_purges":1,"victory":false,"max_hp_per_floor":[75,75,75,75,75,75,75,75,75,75,75,75,75,75,75,75],"card_choices":[{"not_picked":["Headbutt","Heavy Blade"],"picked":"Armaments","floor":1.0},{"not_picked":["Burning Pact","Twin Strike","Havoc"],"picked":"SKIP","floor":3.0},{"not_picked":["Sword Boomerang","Iron Wave","Havoc"],"picked":"SKIP","floor":7.0},{"not_picked":["Anger","Armaments","Rage"],"picked":"SKIP","floor":8.0},{"not_picked":["Inflame","Disarm"],"picked":"Offering","floor":10.0},{"not_picked":["Clothesline","Hemokinesis"],"picked":"Shrug It Off","floor":12.0},{"not_picked":["Cleave","Iron Wave"],"picked":"True Grit","floor":14.0}],"player_experience":573258,"relics_obtained":[{"floor":7.0,"key":"Orichalcum"},{"floor":9.0,"key":"Pen Nib"},{"floor":10.0,"key":"Regal Pillow"}],"event_choices":[{"damage_healed":0.0,"max_hp_gain":0.0,"max_hp_loss":0.0,"gold_gain":0.0,"event_name":"Living Wall","player_choice":"Grow","floor":2.0,"gold_loss":0.0,"damage_taken":0.0,"cards_upgraded":["Armaments"]},{"damage_healed":0.0,"max_hp_gain":0.0,"max_hp_loss":0.0,"gold_gain":150.0,"event_name":"Liars Game","player_choice":"AGREE","floor":4.0,"gold_loss":0.0,"damage_taken":0.0,"cards_obtained":["Doubt"]},{"damage_healed":0.0,"max_hp_gain":0.0,"max_hp_loss":0.0,"gold_gain":75.0,"event_name":"World of Goop","player_choice":"Gather Gold","floor":5.0,"gold_loss":0.0,"damage_taken":11.0}],"is_beta":false,"boss_relics":[],"items_purged_floors":[13],"is_endless":false,"potions_floor_spawned":[7,8],"killed_by":"Hexaghost","ascension_level":20}