{"gold_per_floor":[116,133,152,152,171,497,497,541,568,568,606,620,620,634,634,755,755,770,720,513,124,145,180,198,229,252,252,286,286,310,335,335,335],"floor_reached":33,"playtime":1613,"items_purged":[],"score":395,"play_id":"875c874d-06dc-42b5-844a-87695e0d4cfd","local_time":"20190122222450","is_ascension_mode":true,"campfire_choices":[{"floor":10,"key":"RECALL"},{"floor":13,"key":"REST"},{"floor":15,"key":"REST"},{"floor":27,"key":"REST"},{"floor":32,"key":"REST"}],"neow_cost":"CURSE","seed_source_timestamp":1205158406338691,"circlet_count":0,"master_deck":["Strike_R","Strike_R+1","Strike_R","Strike_R","Strike_R","Defend_R","Defend_R","Defend_R","Defend_R","Bash+1","Cleave","Headbutt","Ghostly Armor","Second Wind","Warcry","Clash","Limit Break","Cleave","Whirlwind","Exhume","Perfected Strike+1","Twin Strike","Spot Weakness","Reckless Charge","Shrug It Off+1","Iron Wave+1","Flex+1","Shrug It Off+1","Rage+1","Flex","True Grit","Shockwave"],"relics":["Burning Blood","Old Coin","Golden Idol","Happy Flower","Anchor","Empty Cage","Bag of Marbles","HandDrill","PreservedInsect","Gremlin Horn","Dream Catcher","Vajra","Bird Faced Urn","Orichalcum"],"potions_floor_usage":[8,8,16,16,24,25,33],"damage_taken":[{"damage":10,"enemies":"Small Slimes","floor":1,"turns":5},{"damage":1,"enemies":"Cultist","floor":2,"turns":3},{"damage":1,"enemies":"Jaw Worm","floor":3,"turns":3},{"damage":0,"enemies":"Gremlin Gang","floor":5,"turns":5},{"damage":44,"enemies":"3 Sentries","floor":6,"turns":8},{"damage":20,"enemies":"Gremlin Nob","floor":8,"turns":4},{"damage":27,"enemies":"3 Sentries","floor":11,"turns":6},{"damage":0,"enemies":"Red Slaver","floor":12,"turns":3},{"damage":2,"enemies":"Blue Slaver","floor":14,"turns":3},{"damage":76,"enemies":"Hexaghost","floor":16,"turns":11},{"damage":20,"enemies":"Spheric Guardian","floor":18,"turns":4},{"damage":21,"enemies":"3 Byrds","floor":22,"turns":5},{"damage":39,"enemies":"Slavers","floor":23,"turns":4},{"damage":6,"enemies":"Snake Plant","floor":24,"turns":3},{"damage":19,"enemies":"Book of Stabbing","floor":25,"turns":5},{"damage":0,"enemies":"Slavers","floor":28,"turns":2},{"damage":25,"enemies":"Centurion and Healer","floor":30,"turns":6},{"damage":14,"enemies":"Snecko","floor":31,"turns":4},{"damage":87,"enemies":"Champ","floor":33,"turns":11}],"seed_played":"4752750349129484056","potions_obtained":[{"floor":3,"key":"GamblersBrew"},{"floor":5,"key":"FearPotion"},{"floor":6,"key":"Fruit Juice"},{"floor":8,"key":"Energy Potion"},{"floor":11,"key":"Poison Potion"},{"floor":16,"key":"Ancient Potion"},{"floor":18,"key":"Swift Potion"},{"floor":23,"key":"Fruit Juice"},{"floor":24,"key":"Block Potion"},{"floor":25,"key":"Explosive Potion"},{"floor":28,"key":"Dexterity Potion"}],"is_trial":false,"path_per_floor":["M","M","M","?","M","E","?","E","T","R","E","M","R","M","R","B",null,"M","?","$","$","M","E","M","E","T","R","E","T","M","M","R","B"],"character_chosen":"IRONCLAD","items_purchased":["Bag of Marbles","Twin Strike","HandDrill","PreservedInsect","Spot Weakness"],"campfire_rested":4,"item_purchase_floors":[20,20,21,21,21],"current_hp_per_floor":[92,96,96,77,83,45,45,36,36,36,15,21,51,55,85,15,101,87,87,87,87,72,39,44,31,31,62,68,68,49,41,72,0],"gold":335,"neow_bonus":"TWENTY_PERCENT_HP_BONUS","is_prod":false,"is_daily":false,"chose_seed":false,"campfire_upgraded":0,"win_rate":0,"timestamp":1548213890,"path_taken":["M","M","M","?","M","E","?","E","T","R","E","M","R","M","R","BOSS","M","?","?","$","M","E","M","E","T","R","E","?","?","M","R","BOSS"],"build_version":"2019-01-17v2","purchased_purges":0,"victory":false,"max_hp_per_floor":[96,96,96,96,96,96,96,101,101,101,101,101,101,101,101,101,101,101,101,101,101,101,101,106,106,106,106,106,106,106,106,106,106],"card_choices":[{"not_picked":["Havoc","Anger"],"picked":"Cleave","floor":1},{"not_picked":["Dual Wield","Evolve"],"picked":"Headbutt","floor":2},{"not_picked":["Cleave","Clothesline"],"picked":"Ghostly Armor","floor":3},{"not_picked":["Burning Pact","Seeing Red"],"picked":"Second Wind","floor":5},{"not_picked":["Burning Pact","Fire Breathing"],"picked":"Warcry","floor":6},{"not_picked":["Rage","Searing Blow"],"picked":"Clash","floor":8},{"not_picked":["Twin Strike","Thunderclap"],"picked":"Limit Break","floor":11},{"not_picked":["Thunderclap","Pummel"],"picked":"Cleave","floor":12},{"not_picked":["Rage","Anger"],"picked":"Whirlwind","floor":14},{"not_picked":["Brutality","Offering"],"picked":"Exhume","floor":16},{"not_picked":["Disarm+1","Searing Blow+1"],"picked":"Perfected Strike+1","floor":18},{"not_picked":["Dual Wield","Havoc"],"picked":"Reckless Charge","floor":22},{"not_picked":["Heavy Blade","Headbutt"],"picked":"Shrug It Off+1","floor":23},{"not_picked":["Body Slam+1","Havoc"],"picked":"Iron Wave+1","floor":24},{"not_picked":["Fiend Fire","Intimidate+1"],"picked":"Flex+1","floor":25},{"not_picked":["Sever Soul","Ghostly Armor"],"picked":"Shrug It Off+1","floor":27},{"not_picked":["Seeing Red","Cleave"],"picked":"Rage+1","floor":28},{"not_picked":["Headbutt","Armaments+1"],"picked":"Flex","floor":30},{"not_picked":["Iron Wave","Combust"],"picked":"True Grit","floor":31},{"not_picked":["Twin Strike","Armaments+1"],"picked":"Shockwave","floor":32}],"player_experience":99401,"relics_obtained":[{"floor":6,"key":"Old Coin"},{"floor":8,"key":"Happy Flower"},{"floor":11,"key":"Anchor"},{"floor":23,"key":"Gremlin Horn"},{"floor":25,"key":"Dream Catcher"},{"floor":26,"key":"Vajra"},{"floor":28,"key":"Bird Faced Urn"},{"floor":29,"key":"Orichalcum"}],"event_choices":[{"damage_healed":0,"gold_gain":0,"player_choice":"Entered Light","damage_taken":19,"max_hp_gain":0,"max_hp_loss":0,"event_name":"Shining Light","floor":4,"gold_loss":0,"cards_upgraded":["Strike_R","Bash"]},{"damage_healed":0,"gold_gain":0,"player_choice":"Take Wound","damage_taken":0,"relics_obtained":["Golden Idol"],"max_hp_gain":0,"max_hp_loss":0,"event_name":"Golden Idol","floor":7,"gold_loss":0,"cards_obtained":["Injury"]},{"damage_healed":0,"gold_gain":0,"player_choice":"Bet on Owner","damage_taken":0,"max_hp_gain":0,"max_hp_loss":0,"event_name":"The Joust","floor":19,"gold_loss":50}],"is_beta":false,"boss_relics":[{"not_picked":["Tiny House","Cursed Key"],"picked":"Empty Cage"}],"items_purged_floors":[],"is_endless":false,"potions_floor_spawned":[3,5,6,8,11,16,18,23,24,25,28],"killed_by":"Champ","ascension_level":1}