{"path_per_floor":["M","M","M","M","?","R","M","R","T","M","?","$","?","E","R","B"],"character_chosen":"IRONCLAD","items_purchased":["Pear"],"gold_per_floor":[109,129,148,164,164,164,185,185,185,198,273,35,135,169,169,288,288],"floor_reached":17,"campfire_rested":0,"playtime":392,"current_hp_per_floor":[80,75,80,80,74,74,66,66,66,64,53,63,63,55,55,34,34],"items_purged":[],"gold":288,"score":157,"play_id":"82824ef5-b04f-4d97-852f-4e79b0c300cd","local_time":"20180426192622","is_prod":false,"is_daily":false,"chose_seed":false,"is_ascension_mode":false,"campfire_upgraded":2,"timestamp":1524763582,"path_taken":["M","?","M","M","?","R","M","R","T","?","?","?","?","E","R","BOSS"],"build_version":"2018-04-19","seed_source_timestamp":300557323913594,"purchased_purges":0,"victory":false,"master_deck":["Bash","Whirlwind+1","Inflame+1","Anger","Clash","Sword Boomerang","Sword Boomerang","Seeing Red","Double Tap","Twin Strike","Headbutt","Armaments","Searing Blow","Evolve","Perfected Strike","Rampage","Dual Wield","Iron Wave"],"max_hp_per_floor":[80,80,80,80,74,74,74,74,74,74,74,84,84,84,84,84,84],"relics":["Burning Blood","Golden Idol","Ginger","Pear","Shovel","Gambling Chip","Pandora\u0027s Box"],"card_choices":[{"not_picked":["Flex","Corruption"],"picked":"Whirlwind","floor":1},{"not_picked":["Body Slam","Warcry"],"picked":"Inflame","floor":2},{"not_picked":["Rampage","True Grit"],"picked":"Anger","floor":3},{"not_picked":["Body Slam","Sword Boomerang"],"picked":"Clash","floor":4},{"not_picked":["Heavy Blade","Burning Pact"],"picked":"Sword Boomerang","floor":7},{"not_picked":["Intimidate","Wild Strike"],"picked":"Sword Boomerang","floor":10},{"not_picked":["Headbutt","Hemokinesis"],"picked":"Seeing Red","floor":14},{"not_picked":["Impervious","Brutality"],"picked":"Double Tap","floor":16}],"player_experience":452971,"potions_floor_usage":[14,16,16],"damage_taken":[{"damage":5,"enemies":"Cultist","floor":1,"turns":4},{"damage":11,"enemies":"Jaw Worm","floor":2,"turns":3},{"damage":0,"enemies":"2 Louse","floor":3,"turns":1},{"damage":0,"enemies":"Lots of Slimes","floor":4,"turns":1},{"damage":14,"enemies":"Red Slaver","floor":7,"turns":5},{"damage":8,"enemies":"3 Louse","floor":10,"turns":2},{"damage":26,"enemies":"Lagavulin","floor":14,"turns":5},{"damage":27,"enemies":"The Guardian","floor":16,"turns":9}],"event_choices":[{"event_name":"Golden Idol","player_choice":"Lose Max HP","floor":5,"damage_taken":0},{"event_name":"World of Goop","player_choice":"Gather Gold","floor":11,"damage_taken":0},{"event_name":"Golden Shrine","player_choice":"Pray","floor":13,"damage_taken":0}],"boss_relics":[{"not_picked":["Runic Cube","Tiny House"],"picked":"Pandora\u0027s Box"}],"potions_floor_spawned":[3,4,10,16],"seed_played":"-14407209681226702","ascension_level":0,"is_trial":false}