{"gold_per_floor":[112,112,112,122,122,150,160,160,160,171,171,183,183,202,202,298,298,315,332,332,332,79,79,111,111,111,130,130,130,150,0,0,96,96,108,108,8,26,79,79,111,111,111,111,11,23,38,66,66,66],"floor_reached":50,"playtime":4012,"items_purged":["Underhanded Strike","Deadly Poison+1"],"score":543,"play_id":"3eb8b83c-55d5-4ac2-a9cd-73c5425933e0","local_time":"20180815142330","is_ascension_mode":false,"campfire_choices":[{"data":"Infinite Blades","floor":8,"key":"SMITH"},{"data":"Infinite Blades","floor":11,"key":"SMITH"},{"floor":15,"key":"REST"},{"data":"A Thousand Cuts","floor":23,"key":"SMITH"},{"floor":25,"key":"REST"},{"data":"Quick Slash","floor":28,"key":"SMITH"},{"data":"Doppelganger","floor":32,"key":"SMITH"},{"floor":40,"key":"DIG"},{"data":"After Image","floor":42,"key":"SMITH"},{"floor":44,"key":"REST"},{"floor":49,"key":"DIG"}],"neow_cost":"","seed_source_timestamp":390900022139888,"circlet_count":0,"master_deck":["Defend_G+1","Defend_G+1","Defend_G+1","Defend_G+1","Strike_G+1","Strike_G+1","Strike_G+1","Strike_G+1","Strike_G+1","Neutralize","Quick Slash+1","Infinite Blades+1","Infinite Blades+1","Dagger Spray","Expertise","Doppelganger+1","Dagger Throw+1","Dagger Spray","A Thousand Cuts+1","Escape Plan","Dagger Spray","After Image+1","Backstab+1","Madness","Madness","Finisher+1","Dagger Throw+1","Prepared","Deep Breath","Calculated Gamble+1","Prepared"],"relics":["Ring of the Snake","Kunai","Boot","War Paint","Juzu Bracelet","Sozu","Regal Pillow","Mummified Hand","Anchor","Empty Cage","Shovel","Bag of Marbles","Bottled Flame","Vajra","Unceasing Top","Letter Opener"],"potions_floor_usage":[16,18],"damage_taken":[{"damage":10,"enemies":"Cultist","floor":1,"turns":4},{"damage":5,"enemies":"2 Louse","floor":4,"turns":2},{"damage":27,"enemies":"Lagavulin","floor":6,"turns":7},{"damage":3,"enemies":"Jaw Worm","floor":7,"turns":3},{"damage":2,"enemies":"Looter","floor":10,"turns":3},{"damage":2,"enemies":"Large Slime","floor":12,"turns":4},{"damage":7,"enemies":"Exordium Thugs","floor":14,"turns":4},{"damage":14,"enemies":"Slime Boss","floor":16,"turns":8},{"damage":13,"enemies":"2 Thieves","floor":18,"turns":5},{"damage":6,"enemies":"Chosen","floor":19,"turns":4},{"damage":28,"enemies":"Book of Stabbing","floor":24,"turns":6},{"damage":4,"enemies":"Centurion and Healer","floor":27,"turns":4},{"damage":1,"enemies":"Chosen and Byrds","floor":30,"turns":3},{"damage":33,"enemies":"Automaton","floor":33,"turns":8},{"damage":7,"enemies":"Orb Walker","floor":35,"turns":3},{"damage":0,"enemies":"Flame Bruiser 1 Orb","floor":38,"turns":6},{"damage":18,"floor":39,"turns":3},{"damage":3,"enemies":"Giant Head","floor":41,"turns":7},{"damage":0,"enemies":"Transient","floor":46,"turns":5},{"damage":0,"enemies":"Spire Growth","floor":47,"turns":3},{"damage":0,"enemies":"2 Orb Walkers","floor":48,"turns":4},{"damage":78,"enemies":"Time Eater","floor":50,"turns":6}],"seed_played":"108313365303572692","potions_obtained":[{"floor":10,"key":"Fire Potion"},{"floor":12,"key":"PowerPotion"},{"floor":16,"key":"Fruit Juice"}],"is_trial":false,"path_per_floor":["M","?","?","M","?","E","M","R","T","M","R","M","T","M","R","B",null,"M","M","?","?","$","R","E","R","T","M","R","?","M","$","R","B",null,"M","?","$","M","?","R","E","R","T","R","$","M","M","E","R"],"character_chosen":"THE_SILENT","items_purchased":["Dagger Spray","A Thousand Cuts","Anchor","Deep Breath"],"campfire_rested":3,"item_purchase_floors":[22,22,31,45],"current_hp_per_floor":[60,60,60,55,55,28,25,25,25,23,23,21,21,14,35,21,70,62,56,56,56,56,56,28,65,65,61,61,61,60,60,60,27,75,68,59,59,59,41,41,38,38,38,75,75,75,75,75,75,0],"gold":66,"neow_bonus":"","is_prod":false,"is_daily":false,"chose_seed":false,"campfire_upgraded":6,"win_rate":0.0,"timestamp":1534357410,"path_taken":["M","?","?","?","?","E","M","R","T","?","R","M","?","M","R","BOSS","M","M","?","?","$","R","E","R","T","M","R","?","M","$","R","BOSS","M","?","$","M","?","R","E","R","T","R","$","M","M","E","R","BOSS"],"build_version":"2018-08-09","purchased_purges":2,"victory":false,"max_hp_per_floor":[70,70,70,70,70,70,70,70,70,70,70,70,70,70,70,70,70,75,75,75,75,75,75,75,75,75,75,75,75,75,75,75,75,75,75,75,75,75,75,75,75,75,75,75,75,75,75,75,75,75],"card_choices":[{"not_picked":["Sucker Punch","PiercingWail"],"picked":"Underhanded Strike","floor":1},{"not_picked":["Dodge and Roll","Backflip"],"picked":"Quick Slash","floor":4},{"not_picked":["Predator","Dagger Throw"],"picked":"Infinite Blades","floor":6},{"not_picked":["Terror","Reflex"],"picked":"Infinite Blades","floor":7},{"not_picked":["Reflex","Flying Knee"],"picked":"Dagger Spray","floor":10},{"not_picked":["Slice","PiercingWail","Outmaneuver"],"picked":"SKIP","floor":12},{"not_picked":["Acrobatics","Endless Agony"],"picked":"Expertise","floor":14},{"not_picked":["Night Terror","Phantasmal Killer"],"picked":"Doppelganger","floor":16},{"not_picked":["Caltrops","Underhanded Strike"],"picked":"Deadly Poison+1","floor":18},{"not_picked":["Calculated Gamble","Acrobatics"],"picked":"Dagger Throw+1","floor":19},{"not_picked":["Glass Knife","Dodge and Roll"],"picked":"Escape Plan","floor":24},{"not_picked":["Deflect+1","Deadly Poison"],"picked":"Dagger Spray","floor":27},{"not_picked":["Poisoned Stab","Caltrops"],"picked":"Riddle With Holes","floor":30},{"not_picked":["Burst","Bullet Time"],"picked":"After Image","floor":33},{"not_picked":["Outmaneuver","Sucker Punch+1"],"picked":"Backstab+1","floor":35},{"not_picked":["Crippling Poison","Poisoned Stab+1"],"picked":"Finisher+1","floor":38},{"not_picked":["Deadly Poison","Leg Sweep"],"picked":"Dagger Throw+1","floor":39},{"not_picked":["Tactician","Flying Knee"],"picked":"Prepared","floor":41},{"not_picked":["Skewer+1","Poisoned Stab+1"],"picked":"Calculated Gamble+1","floor":46},{"not_picked":["Heel Hook","Crippling Poison+1","Bouncing Flask"],"picked":"SKIP","floor":47},{"not_picked":["Die Die Die","Backflip"],"picked":"Prepared","floor":48}],"player_experience":18953,"relics_obtained":[{"floor":6,"key":"Boot"},{"floor":9,"key":"War Paint"},{"floor":13,"key":"Juzu Bracelet"},{"floor":24,"key":"Regal Pillow"},{"floor":26,"key":"Mummified Hand"},{"floor":39,"key":"Shovel"},{"floor":40,"key":"Bag of Marbles"},{"floor":41,"key":"Bottled Flame"},{"floor":43,"key":"Vajra"},{"floor":48,"key":"Unceasing Top"},{"floor":49,"key":"Letter Opener"}],"event_choices":[{"event_name":"Big Fish","player_choice":"Box","floor":2,"damage_taken":0},{"event_name":"Living Wall","player_choice":"Forget","floor":3,"damage_taken":0},{"event_name":"Purifier","player_choice":"One Purge","floor":5,"damage_taken":0},{"event_name":"Back to Basics","player_choice":"Simplicity","floor":20,"damage_taken":0},{"event_name":"Vampires","player_choice":"Ignored","floor":21,"damage_taken":0},{"event_name":"Drug Dealer","player_choice":"Ignored","floor":29,"damage_taken":0},{"event_name":"Winding Halls","player_choice":"Embrace Madness","floor":36,"damage_taken":0},{"event_name":"Mysterious Sphere","player_choice":"Fight","floor":39,"damage_taken":0}],"is_beta":false,"boss_relics":[{"not_picked":["Coffee Dripper","Orrery"],"picked":"Sozu"},{"not_picked":["Tiny House","Ring of the Serpent"],"picked":"Empty Cage"}],"items_purged_floors":[22,37],"is_endless":false,"potions_floor_spawned":[10,12,16,30,33,46,47],"killed_by":"Time Eater","ascension_level":0}