{"gold_per_floor":[116,116,41,55,78,78,116,116,116,116,140,140,155,178,178,298,298,311,335,349,349,77,112,112,152,152,27,52,52,66,40,40,40],"floor_reached":33,"playtime":2286,"items_purged":["Strike_B","Strike_B","Strike_B"],"score":287,"play_id":"8afc43b1-c4bc-46dc-b0dc-924ea959dadf","local_time":"20180815170602","is_ascension_mode":false,"campfire_choices":[{"data":"Static Discharge","floor":6,"key":"SMITH"},{"data":"Zap","floor":8,"key":"SMITH"},{"data":"Dualcast","floor":10,"key":"SMITH"},{"data":"Defragment","floor":12,"key":"SMITH"},{"floor":15,"key":"REST"},{"floor":24,"key":"REST"},{"floor":32,"key":"REST"}],"neow_cost":"","seed_source_timestamp":402389567572279,"circlet_count":0,"master_deck":["Strike_B","Defend_B","Defend_B","Defend_B","Defend_B","Zap+1","Dualcast+1","Scrape","Static Discharge+1","Cold Snap","Fission","Defragment+1","Electrodynamics","Coolheaded","Fusion","Capacitor","Defragment","Finesse","Barrage","Redo","Capacitor+1","Ball Lightning+1","Ball Lightning+1"],"relics":["Cracked Core","Golden Idol","Letter Opener","Dodecahedron","Sozu","Darkstone Periapt","Frozen Egg 2","Molten Egg 2"],"potions_floor_usage":[20,23],"damage_taken":[{"damage":0,"enemies":"2 Louse","floor":1,"turns":2},{"damage":1,"enemies":"Jaw Worm","floor":4,"turns":5},{"damage":1,"enemies":"Cultist","floor":5,"turns":3},{"damage":14,"enemies":"Lagavulin","floor":7,"turns":5},{"damage":8,"enemies":"Gremlin Gang","floor":11,"turns":5},{"damage":5,"enemies":"Lots of Slimes","floor":13,"turns":4},{"damage":5,"enemies":"Blue Slaver","floor":14,"turns":3},{"damage":20,"enemies":"The Guardian","floor":16,"turns":9},{"damage":11,"enemies":"Shell Parasite","floor":18,"turns":4},{"damage":16,"enemies":"2 Thieves","floor":19,"turns":3},{"damage":8,"enemies":"Snake Plant","floor":20,"turns":2},{"damage":14,"enemies":"Slavers","floor":23,"turns":4},{"damage":41,"enemies":"Gremlin Leader","floor":25,"turns":5},{"damage":9,"enemies":"Snecko","floor":28,"turns":6},{"damage":7,"enemies":"Sentry and Sphere","floor":30,"turns":5},{"damage":56,"enemies":"Automaton","floor":33,"turns":6}],"seed_played":"6644199520012341385","potions_obtained":[{"floor":1,"key":"Ancient Potion"},{"floor":5,"key":"Swift Potion"},{"floor":11,"key":"Regen Potion"}],"is_trial":false,"path_per_floor":["M","?","$","M","M","R","E","R","T","R","M","R","M","M","R","B",null,"M","M","M","?","$","E","R","E","T","$","M","?","M","$","R"],"character_chosen":"DEFECT","items_purchased":["Defragment","Finesse","Ball Lightning+1"],"campfire_rested":3,"item_purchase_floors":[22,22,31],"current_hp_per_floor":[75,57,57,56,55,55,41,41,41,41,33,33,28,23,45,25,75,64,48,49,49,49,35,57,16,16,16,7,32,25,25,47,0],"gold":40,"neow_bonus":"","is_prod":false,"is_daily":false,"chose_seed":false,"campfire_upgraded":4,"win_rate":0.0,"timestamp":1534367162,"path_taken":["M","?","$","?","?","R","E","R","T","R","?","R","M","M","R","BOSS","M","M","?","?","$","E","R","E","T","$","M","?","?","?","R","BOSS"],"build_version":"2018-08-09","purchased_purges":3,"victory":false,"max_hp_per_floor":[75,75,75,75,75,75,75,75,75,75,75,75,75,75,75,75,75,75,75,75,75,75,75,75,75,75,75,75,75,75,75,75,75],"card_choices":[{"not_picked":["Reinforced Body","Compile Driver"],"picked":"Scrape","floor":1},{"not_picked":["Consume","BootSequence"],"picked":"Static Discharge","floor":4},{"not_picked":["Leap","Skim"],"picked":"Cold Snap","floor":5},{"not_picked":["Skim","Steam"],"picked":"Fission","floor":7},{"not_picked":["Streamline","Blizzard"],"picked":"Defragment","floor":11},{"not_picked":["Cold Snap","Compile Driver","Melter"],"picked":"SKIP","floor":13},{"not_picked":["Compile Driver","Sweeping Beam","Go for the Eyes"],"picked":"SKIP","floor":14},{"not_picked":["Biased Cognition","Buffer"],"picked":"Electrodynamics","floor":16},{"not_picked":["Gash","Leap"],"picked":"Coolheaded","floor":18},{"not_picked":["Beam Cell","Leap"],"picked":"Fusion","floor":19},{"not_picked":["Stack","Storm"],"picked":"Capacitor","floor":20},{"not_picked":["Reinforced Body","Force Field"],"picked":"Barrage","floor":23},{"not_picked":["Stack","Hologram"],"picked":"Redo","floor":25},{"not_picked":["Redo","Chill"],"picked":"Capacitor+1","floor":28},{"not_picked":["Conserve Battery","Compile Driver+1"],"picked":"Ball Lightning+1","floor":30}],"player_experience":30221,"relics_obtained":[{"floor":7,"key":"Letter Opener"},{"floor":9,"key":"Dodecahedron"},{"floor":23,"key":"Darkstone Periapt"},{"floor":25,"key":"Frozen Egg 2"},{"floor":26,"key":"Molten Egg 2"}],"event_choices":[{"event_name":"Golden Idol","player_choice":"Take Damage","floor":2,"damage_taken":0},{"event_name":"The Lab","player_choice":"Got Potions","floor":21,"damage_taken":0},{"event_name":"The Library","player_choice":"Heal","floor":29,"damage_taken":0}],"is_beta":false,"boss_relics":[{"not_picked":["Busted Crown","Velvet Choker"],"picked":"Sozu"}],"items_purged_floors":[3,22,27],"is_endless":false,"potions_floor_spawned":[1,5,11,13,18,19,20,30],"killed_by":"Automaton","ascension_level":0}