{"gold_per_floor":[16,35,54,54,74,105,105,121,121,2,12,25,52,24,24,123,123,141,153,167,185,201,201,214,214,266,266,266],"floor_reached":28,"playtime":2093,"items_purged":["Strike_G"],"score":378,"play_id":"87c8a5a7-67ad-407f-a7f3-4420c699222e","local_time":"20190212031415","is_ascension_mode":true,"campfire_choices":[{"data":"Neutralize","floor":7.0,"key":"SMITH"},{"floor":15.0,"key":"REST"},{"floor":23.0,"key":"REST"},{"data":"A Thousand Cuts","floor":25.0,"key":"SMITH"}],"neow_cost":"NO_GOLD","seed_source_timestamp":0,"circlet_count":0,"master_deck":["AscendersBane","Survivor","Neutralize+1","A Thousand Cuts+1","Endless Agony","Escape Plan","Noxious Fumes","Poisoned Stab","Poisoned Stab","Deflect","Deadly Poison","Quick Slash","Deflect","Endless Agony","Leg Sweep","Concentrate","Dash","Malaise","Cloak And Dagger","Flying Knee","Bouncing Flask","Blur","Masterful Stab","Envenom","Expertise","All Out Attack","Footwork","Slice+1","Flying Knee+1","Noxious Fumes"],"special_seed":0,"relics":["Ring of the Snake","Strawberry","The Courier","Tough Bandages","Pandora\u0027s Box","Vajra"],"potions_floor_usage":[],"damage_taken":[{"damage":6.0,"enemies":"Cultist","floor":1.0,"turns":5.0},{"damage":1.0,"enemies":"2 Louse","floor":2.0,"turns":3.0},{"damage":2.0,"enemies":"Small Slimes","floor":3.0,"turns":4.0},{"damage":2.0,"enemies":"Exordium Wildlife","floor":5.0,"turns":4.0},{"damage":29.0,"enemies":"Gremlin Nob","floor":6.0,"turns":5.0},{"damage":6.0,"enemies":"Blue Slaver","floor":8.0,"turns":5.0},{"damage":0.0,"enemies":"3 Louse","floor":11.0,"turns":1.0},{"damage":6.0,"enemies":"Exordium Thugs","floor":12.0,"turns":4.0},{"damage":5.0,"enemies":"Lagavulin","floor":13.0,"turns":6.0},{"damage":17.0,"enemies":"The Guardian","floor":16.0,"turns":10.0},{"damage":0.0,"enemies":"3 Byrds","floor":18.0,"turns":3.0},{"damage":0.0,"enemies":"Chosen","floor":19.0,"turns":7.0},{"damage":44.0,"enemies":"Snecko","floor":20.0,"turns":6.0},{"damage":1.0,"enemies":"Chosen and Byrds","floor":21.0,"turns":6.0},{"damage":3.0,"enemies":"Centurion and Healer","floor":22.0,"turns":8.0},{"damage":3.0,"enemies":"3 Cultists","floor":24.0,"turns":4.0},{"damage":41,"enemies":"Gremlin Leader","floor":28,"turns":5}],"seed_played":"-6699908933124731545","potions_obtained":[{"floor":1.0,"key":"Ancient Potion"},{"floor":6.0,"key":"Explosive Potion"},{"floor":12.0,"key":"LiquidBronze"},{"floor":16.0,"key":"Explosive Potion"},{"floor":20.0,"key":"SneckoOil"},{"floor":22.0,"key":"Fire Potion"}],"is_trial":false,"path_per_floor":["M","M","M","?","M","E","R","M","T","$","M","M","E","$","R","B",null,"M","M","M","M","M","R","M","R","T","?","E"],"character_chosen":"THE_SILENT","items_purchased":["Quick Slash","Deflect","Dash"],"campfire_rested":2,"item_purchase_floors":[10,10,14],"current_hp_per_floor":[57,56,54,54,52,30,30,24,24,24,24,18,13,13,36,19,63,63,63,19,18,15,38,35,35,35,35,0],"gold":266,"neow_bonus":"THREE_RARE_CARDS","is_prod":false,"is_daily":false,"chose_seed":false,"campfire_upgraded":2,"win_rate":0,"timestamp":1549959255,"path_taken":["M","?","M","?","M","E","R","?","T","$","M","?","E","?","R","BOSS","M","?","M","M","M","R","M","R","T","?","E"],"build_version":"2019-01-23","purchased_purges":1,"victory":false,"max_hp_per_floor":[70,70,70,70,70,77,77,77,77,77,77,77,77,77,77,77,77,77,77,77,77,77,77,77,77,77,77,77],"card_choices":[{"not_picked":["Venomology","Envenom"],"picked":"A Thousand Cuts","floor":0.0},{"not_picked":["Backflip","Poisoned Stab"],"picked":"Endless Agony","floor":1.0},{"not_picked":["Backflip","Outmaneuver"],"picked":"Escape Plan","floor":2.0},{"not_picked":["Deflect","Deadly Poison"],"picked":"Noxious Fumes","floor":3.0},{"not_picked":["Skewer","Quick Slash"],"picked":"Poisoned Stab","floor":5.0},{"not_picked":["Poisoned Stab","Reflex"],"picked":"Deflect","floor":6.0},{"not_picked":["Poisoned Stab","Bane"],"picked":"Deadly Poison","floor":8.0},{"not_picked":["Choke","Outmaneuver"],"picked":"Endless Agony","floor":11.0},{"not_picked":["Dodge and Roll","Flechettes"],"picked":"Leg Sweep","floor":12.0},{"not_picked":["Dagger Spray","Quick Slash"],"picked":"Concentrate","floor":13.0},{"not_picked":["Unload","Tools of the Trade"],"picked":"Malaise","floor":16.0},{"not_picked":["Acrobatics","Concentrate"],"picked":"Footwork","floor":18.0},{"not_picked":["Deflect+1","Bullet Time"],"picked":"Slice+1","floor":19.0},{"not_picked":["Quick Slash","Deadly Poison"],"picked":"Flying Knee+1","floor":20.0},{"not_picked":["Blade Dance","Quick Slash","Envenom"],"picked":"SKIP","floor":21.0},{"not_picked":["Deflect","Terror","Predator"],"picked":"SKIP","floor":22.0},{"not_picked":["Quick Slash","Sucker Punch"],"picked":"Noxious Fumes","floor":24.0}],"player_experience":396622,"relics_obtained":[{"floor":6.0,"key":"Strawberry"},{"floor":9.0,"key":"The Courier"},{"floor":13.0,"key":"Tough Bandages"},{"floor":26.0,"key":"Vajra"}],"event_choices":[{"damage_healed":0.0,"max_hp_gain":0.0,"max_hp_loss":0.0,"gold_gain":0.0,"cards_transformed":["Strike_G"],"event_name":"Transmorgrifier","player_choice":"Transformed","floor":4.0,"gold_loss":0.0,"damage_taken":0.0,"cards_obtained":["Poisoned Stab"]},{"damage_healed":0.0,"max_hp_gain":0.0,"max_hp_loss":0.0,"gold_gain":0.0,"event_name":"Cursed Tome","player_choice":"Ignored","floor":27.0,"gold_loss":0.0,"damage_taken":0.0}],"is_beta":false,"boss_relics":[{"not_picked":["Black Star","WristBlade"],"picked":"Pandora\u0027s Box"}],"items_purged_floors":[10],"is_endless":false,"potions_floor_spawned":[1,6,12,16,20,22],"killed_by":"Gremlin Leader","ascension_level":12}