{"gold_per_floor":[113,131,144,144,160,188,188,113,113,113,147,147,178,209,221,306,318,340,352,384,396,408,420],"floor_reached":23,"playtime":547,"items_purged":["Defend_R"],"score":401,"play_id":"fa16e0c2-1ad8-4ec3-8abc-5a0e8979d568","local_time":"20181027033321","is_ascension_mode":true,"campfire_choices":[{"data":"Anger","floor":7,"key":"SMITH"},{"data":"Clothesline","floor":10,"key":"SMITH"},{"data":"Spot Weakness","floor":12,"key":"SMITH"},{"data":"Dual Wield","floor":15,"key":"SMITH"}],"neow_cost":"NONE","seed_source_timestamp":563796098026640,"circlet_count":0,"master_deck":["Defend_R","Defend_R","Defend_R","Bash+1","AscendersBane","Clothesline+1","Anger+1","Clash","Spot Weakness+1","Dual Wield+1","Demon Form","Heavy Blade","True Grit","Cleave","Pummel","Decay","Bite","Bite","Bite","Bite","Bite"],"relics":["Burning Blood","NeowsBlessing","Happy Flower","Boot","Meat on the Bone","MawBank","Orrery","MutagenicStrength"],"potions_floor_usage":[16,16,20,20],"damage_taken":[{"damage":0,"enemies":"Small Slimes","floor":1,"turns":1},{"damage":0,"enemies":"Jaw Worm","floor":2,"turns":1},{"damage":0,"enemies":"2 Louse","floor":3,"turns":1},{"damage":7,"enemies":"Looter","floor":5,"turns":3},{"damage":25,"enemies":"Lagavulin","floor":6,"turns":6},{"damage":13,"enemies":"Gremlin Nob","floor":11,"turns":3},{"damage":30,"enemies":"Lagavulin","floor":13,"turns":5},{"damage":23,"enemies":"Gremlin Gang","floor":14,"turns":5},{"damage":26,"enemies":"Hexaghost","floor":16,"turns":6},{"damage":31,"enemies":"Shell Parasite","floor":18,"turns":5},{"damage":47,"enemies":"2 Thieves","floor":20,"turns":4},{"damage":32,"enemies":"Book of Stabbing","floor":23,"turns":3}],"seed_played":"-930462657857132887","potions_obtained":[{"floor":1,"key":"PowerPotion"},{"floor":3,"key":"SkillPotion"},{"floor":13,"key":"Regen Potion"},{"floor":16,"key":"Explosive Potion"},{"floor":18,"key":"AttackPotion"}],"is_trial":false,"path_per_floor":["M","M","M","?","M","E","R","$","T","R","E","R","E","M","R","B",null,"M","?","M","?","?"],"character_chosen":"IRONCLAD","items_purchased":[],"campfire_rested":0,"item_purchase_floors":[],"current_hp_per_floor":[74,75,75,75,74,55,55,55,55,55,48,48,36,31,31,38,66,53,53,24,24,24,0],"gold":420,"neow_bonus":"THREE_ENEMY_KILL","is_prod":false,"is_daily":false,"chose_seed":false,"campfire_upgraded":4,"win_rate":0,"timestamp":1540578801,"path_taken":["M","M","M","?","M","E","R","$","T","R","E","R","E","M","R","BOSS","M","?","M","?","?","E"],"build_version":"2018-10-25v2","purchased_purges":1,"victory":false,"max_hp_per_floor":[75,75,75,75,75,75,75,75,75,75,75,75,75,75,75,75,75,75,75,75,75,52,52],"card_choices":[{"not_picked":["Seeing Red","Fire Breathing"],"picked":"Clothesline","floor":1},{"not_picked":["Sword Boomerang","Shockwave","Sever Soul"],"picked":"SKIP","floor":2},{"not_picked":["Shrug It Off","Thunderclap"],"picked":"Anger","floor":3},{"not_picked":["Rage","Twin Strike"],"picked":"Clash","floor":5},{"not_picked":["Power Through","Shrug It Off","Anger"],"picked":"SKIP","floor":6},{"not_picked":["Armaments","Thunderclap"],"picked":"Spot Weakness","floor":11},{"not_picked":["Spot Weakness","Rage"],"picked":"Dual Wield","floor":13},{"not_picked":["Spot Weakness","Body Slam","Sever Soul"],"picked":"SKIP","floor":14},{"not_picked":["Impervious","Bludgeon"],"picked":"Demon Form","floor":16},{"not_picked":["Brutality","Rampage"],"picked":"Heavy Blade","floor":17},{"not_picked":["Carnage","Rampage"],"picked":"True Grit","floor":17},{"not_picked":["Warcry","Blood for Blood"],"picked":"Cleave","floor":17},{"not_picked":["Headbutt","Sword Boomerang"],"picked":"Pummel","floor":18},{"not_picked":["Iron Wave","Shockwave","Second Wind"],"picked":"SKIP","floor":20}],"player_experience":725148,"relics_obtained":[{"floor":6,"key":"Happy Flower"},{"floor":9,"key":"Boot"},{"floor":11,"key":"Meat on the Bone"},{"floor":13,"key":"MawBank"}],"event_choices":[{"damage_healed":0,"gold_gain":0,"player_choice":"Grow","damage_taken":0,"max_hp_gain":0,"max_hp_loss":0,"event_name":"Living Wall","floor":4,"gold_loss":0,"cards_upgraded":["Bash"]},{"damage_healed":0,"gold_gain":0,"player_choice":"Inject Mutagens","damage_taken":0,"relics_obtained":["MutagenicStrength"],"max_hp_gain":0,"max_hp_loss":0,"event_name":"Drug Dealer","floor":19,"gold_loss":0},{"damage_healed":0,"gold_gain":0,"player_choice":"Smashed Altar","damage_taken":0,"max_hp_gain":0,"max_hp_loss":0,"event_name":"Forgotten Altar","floor":21,"gold_loss":0,"cards_obtained":["Decay"]},{"damage_healed":0,"gold_gain":0,"player_choice":"Became a vampire","damage_taken":0,"max_hp_gain":0,"max_hp_loss":23,"event_name":"Vampires","floor":22,"gold_loss":0,"cards_obtained":["Bite","Bite","Bite","Bite","Bite"]}],"is_beta":false,"boss_relics":[{"not_picked":["Calling Bell","Runic Cube"],"picked":"Orrery"}],"items_purged_floors":[8],"is_endless":false,"potions_floor_spawned":[1,3,13,16,18],"killed_by":"Book of Stabbing","ascension_level":16}