{"path_per_floor":["M","M","?","M","M","R","E","$","T","M","R","M","E","$","R","B",null,"M","?","$","?","M","R","E","$","T","M","?","R","M","$","R"],"character_chosen":"DEFECT","items_purchased":["Streamline"],"gold_per_floor":[115,127,127,137,152,152,185,65,134,145,145,160,186,86,86,191,191,205,205,80,80,90,90,122,122,146,164,164,164,181,31,31,31],"floor_reached":33,"campfire_rested":0,"playtime":1128,"item_purchase_floors":[8],"current_hp_per_floor":[73,73,73,73,73,73,48,48,48,48,48,48,37,37,37,15,77,60,60,60,60,56,56,19,19,19,19,19,19,21,21,21,0],"items_purged":["Redo","Zap","Dualcast","Strike_B"],"gold":31,"score":316,"play_id":"f730080b-0b8b-4d7c-8406-c21eea008650","local_time":"20180520034028","is_prod":false,"is_daily":false,"chose_seed":false,"is_ascension_mode":true,"campfire_upgraded":6,"timestamp":1526755228,"campfire_choices":[{"data":"Hyperbeam","floor":6,"key":"SMITH"},{"data":"Streamline","floor":11,"key":"SMITH"},{"data":"Reinforced Body","floor":15,"key":"SMITH"},{"data":"Stack","floor":23,"key":"SMITH"},{"data":"White Noise","floor":29,"key":"SMITH"},{"data":"Go for the Eyes","floor":32,"key":"SMITH"}],"path_taken":["M","M","?","M","M","R","E","$","T","?","R","M","E","?","R","BOSS","M","?","$","?","M","R","E","?","T","M","?","R","?","$","R","BOSS"],"build_version":"2018-05-18","seed_source_timestamp":439805563352322,"purchased_purges":4,"victory":false,"master_deck":["Strike_B","Strike_B","Defend_B","Defend_B","Defend_B","Defend_B","Hyperbeam+1","Turbo","Reinforced Body+1","Leap","Stack+1","Streamline+1","Steam+1","Leap","Seek","Skim+1","Melter","White Noise+1","Go for the Eyes+1"],"max_hp_per_floor":[75,75,75,75,75,75,75,75,75,75,75,75,75,75,75,77,77,77,77,77,77,79,79,79,79,79,79,79,79,79,79,79,79],"relics":["Cracked Core","Bird Faced Urn","Centennial Puzzle","Singing Bowl","Sozu","Thread and Needle","Bag of Preparation"],"card_choices":[{"not_picked":["Glacier","Static Discharge","Cold Snap"],"picked":"SKIP","floor":1},{"not_picked":["Aggregate","Glacier"],"picked":"Turbo","floor":2},{"not_picked":["Scrape","Axe Kick"],"picked":"Reinforced Body","floor":4},{"not_picked":["Barrage","Cold Snap"],"picked":"Leap","floor":5},{"not_picked":["Coolheaded","Conserve Battery"],"picked":"Stack","floor":7},{"not_picked":["Scrape","Axe Kick"],"picked":"Steam","floor":10},{"not_picked":["Chill","Axe Kick"],"picked":"Leap","floor":12},{"not_picked":["Steam","Auto Shields"],"picked":"Seek","floor":13},{"not_picked":["Biased Cognition","Electrodynamics","Amplify"],"picked":"Singing Bowl","floor":16},{"not_picked":["Storm+1","Force Field"],"picked":"Skim+1","floor":18},{"not_picked":["Axe Kick","Redo","Steam"],"picked":"Singing Bowl","floor":22},{"not_picked":["Fission","Sweeping Beam"],"picked":"Melter","floor":24},{"not_picked":["Coolheaded","Cold Snap+1"],"picked":"White Noise","floor":27},{"not_picked":["Cold Snap+1","Rip and Tear"],"picked":"Go for the Eyes","floor":30}],"player_experience":494261,"potions_floor_usage":[16,16,30],"damage_taken":[{"damage":2,"enemies":"Jaw Worm","floor":1,"turns":3},{"damage":0,"enemies":"Cultist","floor":2,"turns":2},{"damage":0,"enemies":"2 Louse","floor":4,"turns":1},{"damage":0,"enemies":"Lots of Slimes","floor":5,"turns":1},{"damage":25,"enemies":"Gremlin Nob","floor":7,"turns":5},{"damage":0,"enemies":"Blue Slaver","floor":10,"turns":4},{"damage":0,"enemies":"Gremlin Gang","floor":12,"turns":3},{"damage":11,"enemies":"Lagavulin","floor":13,"turns":5},{"damage":24,"enemies":"The Guardian","floor":16,"turns":10},{"damage":17,"enemies":"Chosen","floor":18,"turns":5},{"damage":6,"enemies":"Shell Parasite","floor":22,"turns":8},{"damage":37,"enemies":"Gremlin Leader","floor":24,"turns":7},{"damage":0,"enemies":"3 Cultists","floor":27,"turns":3},{"damage":0,"enemies":"Snecko","floor":30,"turns":5},{"damage":27,"enemies":"Champ","floor":33,"turns":10}],"relics_obtained":[{"floor":7,"key":"Bird Faced Urn"},{"floor":9,"key":"Centennial Puzzle"},{"floor":13,"key":"Singing Bowl"},{"floor":24,"key":"Thread and Needle"},{"floor":26,"key":"Bag of Preparation"}],"event_choices":[{"event_name":"Transmorgrifier","player_choice":"Transform","floor":3,"damage_taken":0},{"event_name":"Ghosts","player_choice":"Ignored","floor":19,"damage_taken":0},{"event_name":"Accursed Blacksmith","player_choice":"Forge","floor":21,"damage_taken":0},{"event_name":"Fountain of Cleansing","player_choice":"Removed Curse","floor":28,"damage_taken":0}],"boss_relics":[{"not_picked":["Cursed Key","Ectoplasm"],"picked":"Sozu"}],"items_purged_floors":[8,14,20,31],"potions_floor_spawned":[1,4,5,7,12,24,27],"seed_played":"5362482740984634525","killed_by":"Champ","ascension_level":3,"potions_obtained":[{"floor":1,"key":"Strength Potion"},{"floor":4,"key":"LiquidBronze"},{"floor":5,"key":"EssenceOfSteel"},{"floor":7,"key":"FearPotion"}],"is_trial":false}