{"gold_per_floor":[119,138,138,138,153,153,178,188,188,188,201,201,201,235,235,340,340,358,358],"floor_reached":19,"playtime":969,"items_purged":[],"score":186,"play_id":"f85f28ff-cf42-44d3-9bdb-d22f6d59fc60","local_time":"20190304233019","is_ascension_mode":true,"campfire_choices":[{"data":"Zap","floor":6,"key":"SMITH"},{"data":"Cold Snap","floor":10,"key":"SMITH"},{"data":"Leap","floor":12,"key":"SMITH"},{"data":"Conserve Battery","floor":15,"key":"SMITH"}],"neow_cost":"NONE","seed_source_timestamp":41899227783742,"circlet_count":0,"master_deck":["Strike_B","Strike_B","Strike_B","Strike_B","Defend_B","Defend_B","Defend_B","Defend_B","Zap+1","Dualcast+1","Chill","Capacitor","Cold Snap+1","Leap+1","Conserve Battery+1","Machine Learning"],"relics":["Cracked Core","Strawberry","Mummified Hand","Lantern","Question Card","Anchor","Inserter"],"potions_floor_usage":[7,7,14,18],"damage_taken":[{"damage":1,"enemies":"Cultist","floor":1,"turns":3},{"damage":1,"enemies":"2 Louse","floor":2,"turns":2},{"damage":0,"enemies":"Small Slimes","floor":5,"turns":3},{"damage":12,"enemies":"Gremlin Nob","floor":7,"turns":3},{"damage":10,"enemies":"Blue Slaver","floor":8,"turns":3},{"damage":15,"enemies":"Exordium Thugs","floor":11,"turns":5},{"damage":8,"enemies":"Lagavulin","floor":14,"turns":6},{"damage":38,"enemies":"Hexaghost","floor":16,"turns":15},{"damage":28,"enemies":"3 Byrds","floor":18,"turns":7},{"damage":0,"enemies":"2 Thieves","floor":19,"turns":1}],"seed_played":"-127786780714033366","potions_obtained":[{"floor":2,"key":"FocusPotion"},{"floor":5,"key":"FocusPotion"},{"floor":7,"key":"Block Potion"},{"floor":16,"key":"PowerPotion"}],"is_trial":false,"path_per_floor":["M","M","T","?","M","R","E","M","T","R","M","R","?","E","R","B",null,"M","M"],"character_chosen":"DEFECT","items_purchased":[],"campfire_rested":0,"item_purchase_floors":[],"current_hp_per_floor":[81,80,80,80,80,80,68,58,58,58,43,43,70,62,62,24,82,54,54],"gold":358,"neow_bonus":"RANDOM_COMMON_RELIC","is_prod":false,"is_daily":false,"chose_seed":false,"campfire_upgraded":4,"win_rate":0,"timestamp":1551771019,"path_taken":["M","M","?","?","?","R","E","M","T","R","M","R","?","E","R","BOSS","M","M"],"build_version":"2019-01-23","purchased_purges":0,"victory":false,"max_hp_per_floor":[82,82,82,82,82,82,82,82,82,82,82,82,82,82,82,82,82,82,82],"card_choices":[{"not_picked":["Rebound","Compile Driver","Self Repair"],"picked":"SKIP","floor":1},{"not_picked":["Double Energy","Sweeping Beam"],"picked":"Chill","floor":2},{"not_picked":["Blizzard","Stack"],"picked":"Capacitor","floor":5},{"not_picked":["Hyperbeam","Rip and Tear"],"picked":"Cold Snap","floor":7},{"not_picked":["Capacitor","Steam Power"],"picked":"Leap","floor":8},{"not_picked":["Streamline","Melter","Turbo","Undo"],"picked":"SKIP","floor":11},{"not_picked":["Darkness","Barrage","Rebound"],"picked":"Conserve Battery","floor":14},{"not_picked":["Fission","Amplify","Hyperbeam"],"picked":"Machine Learning","floor":16},{"not_picked":["Hologram+1","Gash","Sunder","Sweeping Beam"],"picked":"SKIP","floor":18}],"player_experience":270230,"relics_obtained":[{"floor":3,"key":"Mummified Hand"},{"floor":7,"key":"Lantern"},{"floor":9,"key":"Question Card"},{"floor":14,"key":"Anchor"}],"event_choices":[{"damage_healed":0,"gold_gain":0,"player_choice":"Upgraded","damage_taken":0,"max_hp_gain":0,"max_hp_loss":0,"event_name":"Upgrade Shrine","floor":4,"gold_loss":0,"cards_upgraded":["Dualcast"]},{"damage_healed":27,"gold_gain":0,"player_choice":"Banana","damage_taken":0,"max_hp_gain":0,"max_hp_loss":0,"event_name":"Big Fish","floor":13,"gold_loss":0}],"is_beta":false,"boss_relics":[{"not_picked":["Runic Dome","Philosopher\u0027s Stone"],"picked":"Inserter"}],"items_purged_floors":[],"is_endless":false,"potions_floor_spawned":[2,5,7,16],"killed_by":"2 Thieves","ascension_level":1}