{"gold_per_floor":[110,110,110,122,122,165,185,228,228,228,247,261,261,280,280,378,378,401,401,401,401,16,16,16,0,0,0],"floor_reached":27,"playtime":838,"items_purged":[],"score":488,"play_id":"4bf98b13-301d-43fb-bc59-beaad2296829","local_time":"20181115120313","is_ascension_mode":true,"campfire_choices":[{"floor":10.0,"key":"REST"},{"data":"Demon Form","floor":13.0,"key":"SMITH"},{"data":"Uppercut","floor":15.0,"key":"SMITH"},{"floor":23.0,"key":"REST"}],"neow_cost":"NONE","seed_source_timestamp":102858300541392,"circlet_count":0,"master_deck":["AscendersBane","Strike_R+1","Defend_R+1","Defend_R+1","Defend_R+1","Bash","Shrug It Off","Uppercut+1","Battle Trance","Demon Form+1","Shrug It Off","Immolate+1","Armaments+1","Feel No Pain+1","Entrench+1","Inflame","Pommel Strike+1","Writhe"],"special_seed":0,"relics":["Burning Blood","NeowsBlessing","Golden Idol","Molten Egg 2","Meat on the Bone","Matryoshka","Astrolabe","Nilry\u0027s Codex","Bottled Flame","Pantograph","Self Forming Clay","Juzu Bracelet"],"potions_floor_usage":[],"damage_taken":[{"damage":0.0,"enemies":"Small Slimes","floor":1.0,"turns":1.0},{"damage":0.0,"enemies":"Cultist","floor":4.0,"turns":1.0},{"damage":0.0,"enemies":"Lagavulin","floor":6.0,"turns":1.0},{"damage":0.0,"enemies":"2 Louse","floor":7.0,"turns":4.0},{"damage":42.0,"enemies":"3 Sentries","floor":8.0,"turns":10.0},{"damage":5.0,"enemies":"Blue Slaver","floor":11.0,"turns":5.0},{"damage":12.0,"enemies":"Looter","floor":12.0,"turns":4.0},{"damage":16.0,"enemies":"3 Louse","floor":14.0,"turns":4.0},{"damage":33.0,"enemies":"The Guardian","floor":16.0,"turns":9.0},{"damage":52.0,"enemies":"3 Byrds","floor":18.0,"turns":6.0},{"damage":10,"enemies":"2 Thieves","floor":25,"turns":5},{"damage":41,"enemies":"Book of Stabbing","floor":27,"turns":6}],"seed_played":"3145431827770491868","potions_obtained":[{"floor":4.0,"key":"SkillPotion"},{"floor":6.0,"key":"SpeedPotion"},{"floor":14.0,"key":"SteroidPotion"},{"floor":16.0,"key":"Block Potion"}],"is_trial":false,"path_per_floor":["M","?","?","M","?","E","M","E","T","R","M","M","R","M","R","B",null,"M","?","?","?","$","R","?","M","T","E"],"character_chosen":"IRONCLAD","items_purchased":["Inflame","Bottled Flame","Pommel Strike+1"],"campfire_rested":2,"item_purchase_floors":[22,22,22],"current_hp_per_floor":[74,67,67,73,47,53,59,23,23,45,46,52,52,54,54,39,66,32,11,11,11,11,33,33,41,41,0],"gold":0,"neow_bonus":"THREE_ENEMY_KILL","is_prod":false,"is_daily":false,"chose_seed":false,"campfire_upgraded":2,"win_rate":0,"timestamp":1542312193,"path_taken":["M","?","?","?","?","E","M","E","T","R","M","M","R","M","R","BOSS","M","?","?","?","$","R","?","M","T","E"],"build_version":"2018-11-08","purchased_purges":0,"victory":false,"max_hp_per_floor":[75,75,75,75,75,75,75,75,75,75,75,75,75,75,75,75,75,75,75,75,75,75,75,75,75,75,75],"card_choices":[{"not_picked":["Flex","Seeing Red"],"picked":"Shrug It Off","floor":1.0},{"not_picked":["Twin Strike","Wild Strike"],"picked":"Uppercut","floor":4.0},{"not_picked":["Sword Boomerang","Thunderclap","Cleave"],"picked":"SKIP","floor":6.0},{"not_picked":["Clash+1","Warcry","True Grit"],"picked":"SKIP","floor":7.0},{"not_picked":["Hemokinesis+1","Perfected Strike+1"],"picked":"Battle Trance","floor":8.0},{"not_picked":["Fire Breathing","Clothesline+1"],"picked":"Demon Form","floor":11.0},{"not_picked":["Flex","Havoc","Searing Blow+1"],"picked":"SKIP","floor":12.0},{"not_picked":["Pommel Strike+1","Cleave+1"],"picked":"Shrug It Off","floor":14.0},{"not_picked":["Barricade","Bludgeon+1"],"picked":"Immolate+1","floor":16.0},{"not_picked":["Iron Wave+1","Anger+1","Infernal Blade"],"picked":"SKIP","floor":18.0},{"not_picked":["Intimidate","Reckless Charge+1","Entrench+1"],"picked":"SKIP","floor":25}],"player_experience":642479,"relics_obtained":[{"floor":6.0,"key":"Molten Egg 2"},{"floor":8.0,"key":"Meat on the Bone"},{"floor":9.0,"key":"Matryoshka"},{"floor":19.0,"key":"Nilry\u0027s Codex"},{"floor":26,"key":"Self Forming Clay"},{"floor":26,"key":"Juzu Bracelet"}],"event_choices":[{"cards_removed":["Defend_R"],"damage_healed":0.0,"max_hp_gain":0.0,"max_hp_loss":0.0,"gold_gain":0.0,"event_name":"Golden Wing","player_choice":"Card Removal","floor":2.0,"gold_loss":0.0,"damage_taken":7.0},{"cards_removed":["Strike_R"],"damage_healed":0.0,"max_hp_gain":0.0,"max_hp_loss":0.0,"gold_gain":0.0,"event_name":"Purifier","player_choice":"Purged","floor":3.0,"gold_loss":0.0,"damage_taken":0.0},{"damage_healed":0.0,"max_hp_gain":0.0,"max_hp_loss":0.0,"gold_gain":0.0,"event_name":"Golden Idol","player_choice":"Take Damage","floor":5.0,"gold_loss":0.0,"damage_taken":26.0,"relics_obtained":["Golden Idol"]},{"damage_healed":0.0,"max_hp_gain":0.0,"max_hp_loss":0.0,"gold_gain":0.0,"event_name":"Cursed Tome","player_choice":"Obtained Book","floor":19.0,"gold_loss":0.0,"damage_taken":21.0},{"damage_healed":0.0,"max_hp_gain":0.0,"max_hp_loss":0.0,"gold_gain":0.0,"event_name":"Vampires","player_choice":"Ignored","floor":20.0,"gold_loss":0.0,"damage_taken":0.0},{"damage_healed":0.0,"max_hp_gain":0.0,"max_hp_loss":0.0,"gold_gain":0.0,"event_name":"Back to Basics","player_choice":"Simplicity","floor":21.0,"gold_loss":0.0,"damage_taken":0.0,"cards_upgraded":["Strike_R","Defend_R","Defend_R","Defend_R"]},{"damage_healed":0.0,"max_hp_gain":0.0,"max_hp_loss":0.0,"gold_gain":0.0,"event_name":"The Mausoleum","player_choice":"Opened","floor":24.0,"gold_loss":0.0,"damage_taken":0.0,"relics_obtained":["Pantograph"],"cards_obtained":["Writhe"]}],"is_beta":false,"boss_relics":[{"not_picked":["Orrery","Sozu"],"picked":"Astrolabe"}],"items_purged_floors":[],"is_endless":false,"potions_floor_spawned":[4,6,7,14,16],"killed_by":"Book of Stabbing","ascension_level":20}