{"gold_per_floor":[112,92,108,124,124,124,150,150,150,177,187,217,217,234,234,234],"floor_reached":16,"playtime":1074,"items_purged":[],"score":240,"play_id":"e4d0e914-1385-463d-bc6a-29be05235d48","local_time":"20190217181747","is_ascension_mode":true,"campfire_choices":[{"data":"Streamline","floor":6,"key":"SMITH"},{"floor":8,"key":"REST"},{"data":"Dualcast","floor":15,"key":"SMITH"}],"neow_cost":"NONE","seed_source_timestamp":14579205249476,"circlet_count":0,"master_deck":["AscendersBane","Strike_B","Strike_B","Strike_B","Strike_B","Defend_B","Defend_B","Defend_B","Defend_B","Zap+1","Dualcast+1","Streamline+1","Ball Lightning","Coolheaded","Cold Snap","Rainbow","Cold Snap","BootSequence","Biased Cognition"],"relics":["Cracked Core","WingedGreaves","Darkstone Periapt","Regal Pillow","Art of War","Mummified Hand"],"potions_floor_usage":[2,10,12,16],"damage_taken":[{"damage":0,"enemies":"2 Louse","floor":1,"turns":2},{"damage":1,"enemies":"Cultist","floor":3,"turns":3},{"damage":4,"enemies":"Jaw Worm","floor":4,"turns":3},{"damage":25,"enemies":"3 Sentries","floor":7,"turns":6},{"damage":4,"enemies":"Gremlin Nob","floor":10,"turns":3},{"damage":11,"enemies":"Exordium Wildlife","floor":11,"turns":3},{"damage":11,"enemies":"3 Sentries","floor":12,"turns":5},{"damage":0,"enemies":"Large Slime","floor":14,"turns":5},{"damage":37,"enemies":"Hexaghost","floor":16,"turns":9}],"seed_played":"-2338808632762869455","potions_obtained":[{"floor":2,"key":"Fruit Juice"},{"floor":3,"key":"Fire Potion"},{"floor":7,"key":"Swift Potion"},{"floor":11,"key":"Strength Potion"},{"floor":12,"key":"FearPotion"}],"is_trial":false,"path_per_floor":["M","?","M","M","?","R","E","R","T","E","M","E","T","M","R","B"],"character_chosen":"DEFECT","items_purchased":[],"campfire_rested":1,"item_purchase_floors":[],"current_hp_per_floor":[64,69,68,64,64,64,39,61,61,57,46,35,35,35,35,0],"gold":234,"neow_bonus":"THREE_CARDS","is_prod":false,"is_daily":false,"chose_seed":false,"campfire_upgraded":2,"win_rate":0,"timestamp":1550423867,"path_taken":["M","?","?","M","?","R","E","R","T","E","M","E","?","M","R","BOSS"],"build_version":"2019-02-06","purchased_purges":0,"victory":false,"max_hp_per_floor":[71,76,76,76,76,76,76,76,76,76,76,76,76,76,76,76],"card_choices":[{"not_picked":["Coolheaded","Reprogram"],"picked":"Streamline","floor":0},{"not_picked":["Force Field","Static Discharge"],"picked":"Ball Lightning","floor":1},{"not_picked":["Reprogram","Chaos"],"picked":"Coolheaded","floor":3},{"not_picked":["Stack","Tempest","Rip and Tear"],"picked":"SKIP","floor":4},{"not_picked":["Compile Driver","White Noise"],"picked":"Cold Snap","floor":7},{"not_picked":["Ball Lightning","Genetic Algorithm"],"picked":"Rainbow","floor":10},{"not_picked":["Force Field","Consume"],"picked":"Cold Snap","floor":11},{"not_picked":["FTL","Beam Cell"],"picked":"BootSequence","floor":12},{"not_picked":["Rebound","Steam Power"],"picked":"Biased Cognition","floor":14}],"player_experience":1213698,"relics_obtained":[{"floor":7,"key":"WingedGreaves"},{"floor":9,"key":"Darkstone Periapt"},{"floor":10,"key":"Regal Pillow"},{"floor":12,"key":"Art of War"},{"floor":13,"key":"Mummified Hand"}],"event_choices":[{"damage_healed":0,"gold_gain":0,"player_choice":"Bought 1 Potion","damage_taken":0,"max_hp_gain":0,"max_hp_loss":0,"event_name":"The Woman in Blue","floor":2,"gold_loss":0},{"damage_healed":0,"gold_gain":0,"player_choice":"Grow","damage_taken":0,"max_hp_gain":0,"max_hp_loss":0,"event_name":"Living Wall","floor":5,"gold_loss":0,"cards_upgraded":["Zap"]}],"is_beta":true,"boss_relics":[],"items_purged_floors":[],"is_endless":false,"potions_floor_spawned":[3,7,11,12],"killed_by":"Hexaghost","ascension_level":20}