{"gold_per_floor":[209,209,221,73,85,115,115,130,130,130,130,149,183,183,183,183],"floor_reached":16,"playtime":1008,"items_purged":["Defend_G"],"score":121,"play_id":"70dde02d-4d02-4910-ae17-9312cc18ccbc","local_time":"20190303100019","is_ascension_mode":true,"campfire_choices":[{"data":"Phantasmal Killer","floor":7,"key":"SMITH"},{"floor":11,"key":"REST"},{"floor":15,"key":"REST"}],"neow_cost":"NONE","seed_source_timestamp":1526749591339403,"circlet_count":0,"master_deck":["Defend_G","Defend_G","Defend_G","Defend_G","Strike_G","Strike_G","Strike_G","Strike_G","Strike_G","Survivor","Neutralize","All Out Attack","Well Laid Plans","Phantasmal Killer+1","Terror"],"relics":["Ring of the Snake","Ornamental Fan","Bottled Tornado"],"potions_floor_usage":[6],"damage_taken":[{"damage":0,"enemies":"Small Slimes","floor":1,"turns":4},{"damage":3,"enemies":"2 Louse","floor":3,"turns":3},{"damage":5,"enemies":"Jaw Worm","floor":5,"turns":5},{"damage":41,"enemies":"Lagavulin","floor":6,"turns":12},{"damage":7,"enemies":"Large Slime","floor":8,"turns":4},{"damage":0,"enemies":"3 Louse","floor":12,"turns":3},{"damage":26,"enemies":"Gremlin Nob","floor":13,"turns":4},{"damage":25,"enemies":"The Guardian","floor":16,"turns":5}],"seed_played":"7829041158140498957","potions_obtained":[{"floor":3,"key":"Poison Potion"},{"floor":12,"key":"SpeedPotion"}],"is_trial":false,"path_per_floor":["M","?","M","$","M","E","R","M","T","?","R","M","E","?","R","B"],"character_chosen":"THE_SILENT","items_purchased":["Well Laid Plans"],"campfire_rested":2,"item_purchase_floors":[4],"current_hp_per_floor":[70,75,72,72,67,26,26,19,19,19,41,41,15,15,37,12],"gold":183,"neow_bonus":"HUNDRED_GOLD","is_prod":false,"is_daily":false,"chose_seed":false,"campfire_upgraded":1,"win_rate":0,"timestamp":1551636019,"path_taken":["M","?","M","$","M","E","R","M","T","?","R","M","E","?","R","BOSS"],"build_version":"2019-01-23","purchased_purges":1,"victory":false,"max_hp_per_floor":[70,75,75,75,75,75,75,75,75,75,75,75,75,75,75,75],"card_choices":[{"not_picked":["PiercingWail","Bane","Blade Dance"],"picked":"SKIP","floor":1},{"not_picked":["Outmaneuver","Deflect"],"picked":"All Out Attack","floor":3},{"not_picked":["Deflect","Eviscerate","Setup"],"picked":"SKIP","floor":5},{"not_picked":["Calculated Gamble","Underhanded Strike"],"picked":"Phantasmal Killer","floor":6},{"not_picked":["Dagger Spray","Outmaneuver","Underhanded Strike"],"picked":"SKIP","floor":8},{"not_picked":["Bane","Underhanded Strike"],"picked":"Terror","floor":12},{"not_picked":["Flechettes","Caltrops","Calculated Gamble"],"picked":"SKIP","floor":13}],"player_experience":192708,"relics_obtained":[{"floor":6,"key":"Ornamental Fan"},{"floor":13,"key":"Bottled Tornado"}],"event_choices":[{"damage_healed":0,"gold_gain":0,"player_choice":"Donut","damage_taken":0,"max_hp_gain":5,"max_hp_loss":0,"event_name":"Big Fish","floor":2,"gold_loss":0},{"damage_healed":0,"gold_gain":0,"player_choice":"Fled","damage_taken":0,"max_hp_gain":0,"max_hp_loss":0,"event_name":"Scrap Ooze","floor":10,"gold_loss":0},{"damage_healed":0,"gold_gain":0,"player_choice":"Ignored","damage_taken":0,"max_hp_gain":0,"max_hp_loss":0,"event_name":"Shining Light","floor":14,"gold_loss":0}],"is_beta":false,"boss_relics":[],"items_purged_floors":[4],"is_endless":false,"potions_floor_spawned":[3,12],"killed_by":"The Guardian","ascension_level":2}