{"gold_per_floor":[116,129,129,129,129,129,155,168,168,180,180,197],"floor_reached":12,"playtime":457,"items_purged":[],"score":84,"play_id":"4f073cf8-8589-4ea1-9d73-b67ea44cde0d","local_time":"20190109032920","is_ascension_mode":true,"campfire_choices":[{"data":"Sucker Punch","floor":6,"key":"SMITH"},{"data":"Blur","floor":11,"key":"SMITH"}],"neow_cost":"NONE","seed_source_timestamp":366476504635260,"circlet_count":0,"master_deck":["Defend_G","Defend_G","Defend_G+1","Defend_G","Defend_G","Strike_G+1","Strike_G","Strike_G","Strike_G","Survivor","Neutralize","Sucker Punch+1","Grand Finale","Blur+1","Flying Knee","Flying Knee"],"relics":["Ring of the Snake","Nunchaku","Mummified Hand","Turnip"],"potions_floor_usage":[7],"damage_taken":[{"damage":0,"enemies":"Cultist","floor":1,"turns":5},{"damage":0,"enemies":"2 Louse","floor":2,"turns":3},{"damage":8,"enemies":"Lagavulin","floor":7,"turns":6},{"damage":0,"enemies":"Jaw Worm","floor":8,"turns":4},{"damage":0,"enemies":"2 Fungi Beasts","floor":10,"turns":5},{"damage":0,"enemies":"Lots of Slimes","floor":12,"turns":6}],"seed_played":"-5461250135431631108","potions_obtained":[{"floor":1,"key":"Swift Potion"},{"floor":12,"key":"Fire Potion"}],"is_trial":false,"path_per_floor":["M","M","?","?","?","R","E","M","T","M","R","M"],"character_chosen":"THE_SILENT","items_purchased":[],"campfire_rested":0,"item_purchase_floors":[],"current_hp_per_floor":[77,77,74,74,59,59,51,51,51,51,51,51],"gold":197,"neow_bonus":"TEN_PERCENT_HP_BONUS","is_prod":false,"is_daily":false,"chose_seed":false,"campfire_upgraded":2,"win_rate":0,"timestamp":1547022560,"path_taken":["M","?","?","?","?","R","E","M","T","M","R","M"],"build_version":"2019-01-03v4","purchased_purges":0,"victory":false,"max_hp_per_floor":[77,77,77,77,77,77,77,77,77,77,77,77],"card_choices":[{"not_picked":["Finisher","Concentrate","Bane"],"picked":"SKIP","floor":1},{"not_picked":["Dagger Throw","Slice"],"picked":"Sucker Punch","floor":2},{"not_picked":["Blade Dance","Leg Sweep"],"picked":"Blur","floor":7},{"not_picked":["Concentrate","Choke"],"picked":"Flying Knee","floor":8},{"not_picked":["Doppelganger","Acrobatics"],"picked":"Flying Knee","floor":10}],"player_experience":478400,"relics_obtained":[{"floor":7,"key":"Mummified Hand"},{"floor":9,"key":"Turnip"}],"event_choices":[{"damage_healed":0,"gold_gain":0,"player_choice":"Success","damage_taken":3,"relics_obtained":["Nunchaku"],"max_hp_gain":0,"max_hp_loss":0,"event_name":"Scrap Ooze","floor":3,"gold_loss":0},{"damage_healed":0,"gold_gain":0,"cards_transformed":["Strike_G"],"player_choice":"Change","damage_taken":0,"max_hp_gain":0,"max_hp_loss":0,"event_name":"Living Wall","floor":4,"gold_loss":0,"cards_obtained":["Grand Finale"]},{"damage_healed":0,"gold_gain":0,"player_choice":"Entered Light","damage_taken":15,"max_hp_gain":0,"max_hp_loss":0,"event_name":"Shining Light","floor":5,"gold_loss":0,"cards_upgraded":["Defend_G","Strike_G"]}],"is_beta":false,"boss_relics":[],"items_purged_floors":[],"is_endless":false,"potions_floor_spawned":[1,12],"killed_by":"Lots of Slimes","ascension_level":1}