{"gold_per_floor":[366,366,386,404,404,434,434,469,469,482,6,6,26,26,26,100,100,114,130,144,169,84,118,135,154,154,182,1,19,50,60,60,60],"floor_reached":33,"playtime":2689,"items_purged":[],"score":590,"play_id":"1a3eb7e5-aa9b-43b6-8a55-692756b28eef","local_time":"20190220210546","is_ascension_mode":true,"campfire_choices":[{"data":"Armaments","floor":7.0,"key":"SMITH"},{"data":"Evolve","floor":12.0,"key":"SMITH"},{"data":"Pommel Strike","floor":15.0,"key":"SMITH"},{"data":"1","floor":32.0,"key":"LIFT"}],"neow_cost":"PERCENT_DAMAGE","seed_source_timestamp":78512660442424,"circlet_count":0,"master_deck":["AscendersBane","Strike_R","Defend_R","Defend_R","Defend_R","Defend_R","Bash","Shockwave","Pommel Strike+1","Armaments+1","Power Through","Evolve+1","True Grit+1","Immolate","Sword Boomerang+1","Cleave+1","Rage+1","Shrug It Off+1","Wild Strike","Shrug It Off+1","Twin Strike","Havoc+1","Seeing Red+1","Body Slam","Havoc+1","Twin Strike","Limit Break+1","True Grit+1"],"special_seed":0,"relics":["Burning Blood","Gremlin Horn","The Courier","Toxic Egg 2","Ornamental Fan","Thread and Needle","Mummified Hand","Astrolabe","Red Mask","Strawberry","Girya","Meat on the Bone","Bottled Flame","Lantern","Juzu Bracelet"],"potions_floor_usage":[33],"damage_taken":[{"damage":4.0,"enemies":"Small Slimes","floor":1.0,"turns":4.0},{"damage":7.0,"enemies":"2 Louse","floor":3.0,"turns":4.0},{"damage":1.0,"enemies":"Cultist","floor":4.0,"turns":4.0},{"damage":25.0,"enemies":"Gremlin Nob","floor":6.0,"turns":5.0},{"damage":24.0,"enemies":"3 Sentries","floor":8.0,"turns":13.0},{"damage":0.0,"enemies":"Looter","floor":10.0,"turns":4.0},{"damage":0.0,"enemies":"Large Slime","floor":13.0,"turns":8.0},{"damage":1.0,"enemies":"Slime Boss","floor":16.0,"turns":14.0},{"damage":3.0,"enemies":"3 Byrds","floor":18.0,"turns":4.0},{"damage":3.0,"enemies":"Spheric Guardian","floor":19.0,"turns":6.0},{"damage":8.0,"enemies":"Shelled Parasite and Fungi","floor":20.0,"turns":6.0},{"damage":0.0,"enemies":"Masked Bandits","floor":21.0,"turns":2.0},{"damage":32.0,"enemies":"Gremlin Leader","floor":23.0,"turns":8.0},{"damage":19.0,"enemies":"Cultist and Chosen","floor":24.0,"turns":7.0},{"damage":0.0,"enemies":"3 Cultists","floor":25.0,"turns":4.0},{"damage":22.0,"enemies":"Book of Stabbing","floor":27.0,"turns":6.0},{"damage":6.0,"enemies":"Snake Plant","floor":29.0,"turns":4.0},{"damage":19.0,"enemies":"Gremlin Leader","floor":30.0,"turns":8.0},{"damage":22.0,"enemies":"Centurion and Healer","floor":31.0,"turns":8.0},{"damage":82,"enemies":"Automaton","floor":33,"turns":8}],"seed_played":"-4571193165493076479","potions_obtained":[{"floor":1.0,"key":"SkillPotion"},{"floor":16.0,"key":"Energy Potion"},{"floor":19.0,"key":"AttackPotion"},{"floor":20.0,"key":"Block Potion"},{"floor":21.0,"key":"Regen Potion"},{"floor":24.0,"key":"Fire Potion"}],"is_trial":false,"path_per_floor":["M","?","M","M","?","E","R","E","T","M","$","R","M","?","R","B",null,"M","M","M","?","?","E","M","M","T","E","$","M","E","M","R","B"],"character_chosen":"IRONCLAD","items_purchased":["Ornamental Fan","Thread and Needle","Lantern","Havoc+1"],"campfire_rested":0,"item_purchase_floors":[11,11,28,28],"current_hp_per_floor":[52,45,44,49,54,35,35,17,17,23,23,23,29,29,29,34,69,72,75,73,79,86,60,47,53,53,49,49,61,60,56,56,0],"gold":60,"neow_bonus":"TWO_FIFTY_GOLD","is_prod":false,"is_daily":false,"chose_seed":false,"campfire_upgraded":3,"win_rate":0,"timestamp":1550714746,"path_taken":["M","?","M","M","?","E","R","E","T","M","$","R","M","?","R","BOSS","M","M","?","?","?","E","M","M","T","E","?","M","E","M","R","BOSS"],"build_version":"2019-01-23","purchased_purges":0,"victory":false,"max_hp_per_floor":[75,75,75,75,80,80,80,80,80,80,80,80,80,80,80,80,80,80,80,80,80,87,87,87,87,87,87,87,87,87,87,87,87],"card_choices":[{"not_picked":["Fire Breathing","Warcry"],"picked":"Shockwave","floor":1.0},{"not_picked":["Clothesline","Infernal Blade"],"picked":"Pommel Strike","floor":3.0},{"not_picked":["Ghostly Armor","Pummel"],"picked":"Armaments","floor":4.0},{"not_picked":["Searing Blow","Flex"],"picked":"Power Through","floor":6.0},{"not_picked":["Clash","Armaments"],"picked":"Pommel Strike","floor":8.0},{"not_picked":["Headbutt","Twin Strike"],"picked":"Evolve","floor":10.0},{"not_picked":["Clothesline","Second Wind+1"],"picked":"True Grit+1","floor":13.0},{"not_picked":["Exhume+1","Brutality"],"picked":"Immolate","floor":16.0},{"not_picked":["Sword Boomerang","Body Slam"],"picked":"Shrug It Off+1","floor":18.0},{"not_picked":["Body Slam","Hemokinesis"],"picked":"Wild Strike","floor":19.0},{"not_picked":["Wild Strike","Dual Wield+1"],"picked":"Shrug It Off+1","floor":20.0},{"not_picked":["Sword Boomerang","Armaments+1"],"picked":"Twin Strike","floor":23.0},{"not_picked":["True Grit+1","Shrug It Off+1"],"picked":"Havoc+1","floor":24.0},{"not_picked":["Clothesline","Blood for Blood"],"picked":"Seeing Red+1","floor":25.0},{"not_picked":["Perfected Strike","Carnage"],"picked":"Body Slam","floor":27.0},{"not_picked":["Immolate","Sword Boomerang"],"picked":"Twin Strike","floor":29.0},{"not_picked":["Sword Boomerang","Body Slam"],"picked":"Limit Break+1","floor":30.0},{"not_picked":["Armaments+1","Thunderclap"],"picked":"True Grit+1","floor":31.0}],"player_experience":527569,"relics_obtained":[{"floor":6.0,"key":"Gremlin Horn"},{"floor":8.0,"key":"The Courier"},{"floor":9.0,"key":"Toxic Egg 2"},{"floor":21.0,"key":"Red Mask"},{"floor":23.0,"key":"Girya"},{"floor":26.0,"key":"Meat on the Bone"},{"floor":27.0,"key":"Bottled Flame"},{"floor":30.0,"key":"Juzu Bracelet"}],"event_choices":[{"cards_removed":["Strike_R"],"damage_healed":0.0,"max_hp_gain":0.0,"max_hp_loss":0.0,"gold_gain":0.0,"event_name":"Golden Wing","player_choice":"Card Removal","floor":2.0,"gold_loss":0.0,"damage_taken":7.0},{"damage_healed":0.0,"max_hp_gain":5.0,"max_hp_loss":0.0,"gold_gain":0.0,"event_name":"Big Fish","player_choice":"Donut","floor":5.0,"gold_loss":0.0,"damage_taken":0.0},{"cards_removed":["Pommel Strike"],"damage_healed":0.0,"max_hp_gain":0.0,"max_hp_loss":0.0,"gold_gain":0.0,"event_name":"WeMeetAgain","player_choice":"Gave Card","floor":14.0,"gold_loss":0.0,"damage_taken":0.0,"relics_obtained":["Mummified Hand"]},{"damage_healed":0.0,"max_hp_gain":0.0,"max_hp_loss":0.0,"gold_gain":0.0,"event_name":"Masked Bandits","player_choice":"Fought Bandits","floor":21.0,"gold_loss":0.0,"damage_taken":0.0},{"damage_healed":0.0,"max_hp_gain":0.0,"max_hp_loss":0.0,"gold_gain":0.0,"event_name":"Addict","player_choice":"Obtained Relic","floor":22.0,"gold_loss":85.0,"damage_taken":0.0,"relics_obtained":["Strawberry"]}],"is_beta":false,"boss_relics":[{"not_picked":["Calling Bell","Orrery"],"picked":"Astrolabe"}],"items_purged_floors":[],"is_endless":false,"potions_floor_spawned":[1,16,19,20,21,24],"killed_by":"Automaton","ascension_level":17}