{"path_per_floor":["M","?","M","$","?","E","R","?","T","M","M","E","R","M","R","B",null,"M","$","?","?","?","E","M","R","T","E","R","E","M","?","R"],"character_chosen":"THE_SILENT","items_purchased":["Skewer","Catalyst"],"gold_per_floor":[118,118,128,19,19,46,46,46,119,139,152,179,179,190,190,265,265,232,160,160,160,160,192,203,203,203,234,234,269,288,288,288,288],"floor_reached":33,"campfire_rested":2,"playtime":2377,"current_hp_per_floor":[59,59,44,44,49,8,29,29,29,29,29,14,35,35,35,8,55,34,34,34,34,34,25,26,26,26,34,34,38,50,29,29,0],"items_purged":["Strike_G"],"gold":288,"score":569,"play_id":"48521e32-1c70-4ff4-b5c5-d173ab3c610a","local_time":"20180426000303","is_prod":false,"is_daily":false,"chose_seed":false,"is_ascension_mode":true,"campfire_upgraded":4,"timestamp":1524693783,"path_taken":["M","?","M","$","?","E","R","?","T","?","M","E","R","M","R","BOSS","M","?","?","?","?","E","?","R","T","E","R","E","M","?","R","BOSS"],"build_version":"2018-04-19","seed_source_timestamp":228770996384270,"purchased_purges":1,"victory":false,"master_deck":["Defend_G","Defend_G","Defend_G","Defend_G","Defend_G","Survivor+1","Neutralize","AscendersBane","Underhanded Strike","Underhanded Strike","Prepared","Skewer","Flying Knee","Acrobatics+1","Malaise+1","Noxious Fumes+1","Dagger Throw","After Image+1","Backflip","Catalyst+1","Bite","Bite","Bite","Bite","Bite","Leg Sweep","Blur+1","Backstab+1"],"max_hp_per_floor":[66,66,66,66,71,71,71,71,71,71,71,71,71,71,71,71,71,71,71,49,49,49,49,49,49,49,49,49,51,53,53,53,53],"relics":["Ring of the Snake","Ornamental Fan","Letter Opener","Matryoshka","Runic Pyramid","Singing Bowl","War Paint","Mummified Hand","Blue Candle","Darkstone Periapt","Nilry\u0027s Codex"],"card_choices":[{"not_picked":["Cloak And Dagger","Blade Dance"],"picked":"Underhanded Strike","floor":0},{"not_picked":["Flying Knee","Setup"],"picked":"Underhanded Strike","floor":1},{"not_picked":["Bane","Dagger Spray"],"picked":"Prepared","floor":3},{"not_picked":["Riddle With Holes","Concentrate"],"picked":"Flying Knee","floor":6},{"not_picked":["Grand Finale","Terror"],"picked":"Acrobatics","floor":10},{"not_picked":["Acrobatics","Dodge and Roll"],"picked":"Malaise","floor":11},{"not_picked":["Flying Knee","Caltrops"],"picked":"Noxious Fumes","floor":12},{"not_picked":["Dagger Spray","Riddle With Holes"],"picked":"Dagger Throw","floor":14},{"not_picked":["Phantasmal Killer","Grand Finale"],"picked":"After Image","floor":16},{"not_picked":["Poisoned Stab","Distraction"],"picked":"Backflip","floor":18},{"not_picked":["Quick Slash","Deflect"],"picked":"Leg Sweep","floor":23},{"not_picked":["Masterful Stab","Outmaneuver"],"picked":"Blur","floor":24},{"not_picked":["Dodge and Roll","Deflect"],"picked":"Backstab","floor":27}],"player_experience":445538,"potions_floor_usage":[12,16,23,29,29,33],"damage_taken":[{"damage":0,"enemies":"2 Louse","floor":1,"turns":4},{"damage":15,"enemies":"Cultist","floor":3,"turns":5},{"damage":41,"enemies":"Gremlin Nob","floor":6,"turns":5},{"damage":0,"enemies":"Jaw Worm","floor":10,"turns":2},{"damage":0,"enemies":"2 Fungi Beasts","floor":11,"turns":3},{"damage":27,"enemies":"Lagavulin","floor":12,"turns":8},{"damage":0,"enemies":"Exordium Wildlife","floor":14,"turns":3},{"damage":27,"enemies":"The Guardian","floor":16,"turns":14},{"damage":21,"enemies":"2 Thieves","floor":18,"turns":5},{"damage":27,"enemies":"Gremlin Leader","floor":23,"turns":9},{"damage":15,"enemies":"Spheric Guardian","floor":24,"turns":8},{"damage":4,"enemies":"Book of Stabbing","floor":27,"turns":9},{"damage":10,"enemies":"Gremlin Leader","floor":29,"turns":10},{"damage":4,"enemies":"Cultist and Chosen","floor":30,"turns":8},{"damage":42,"enemies":"Collector","floor":33,"turns":5}],"event_choices":[{"event_name":"The Lab","player_choice":"Got Potions","floor":2,"damage_taken":0},{"event_name":"Big Fish","player_choice":"Donut","floor":5,"damage_taken":0},{"event_name":"Golden Idol","player_choice":"Ignored","floor":8,"damage_taken":0},{"event_name":"Vampires","player_choice":"Became a vampire","floor":20,"damage_taken":0},{"event_name":"Beggar","player_choice":"Ignored","floor":21,"damage_taken":0},{"event_name":"Ghosts","player_choice":"Ignored","floor":22,"damage_taken":0},{"event_name":"Cursed Tome","player_choice":"Obtained Book","floor":31,"damage_taken":0}],"boss_relics":[{"not_picked":["Calling Bell","Ectoplasm"],"picked":"Runic Pyramid"}],"potions_floor_spawned":[6,11,12,18,23],"seed_played":"-4566314922915272461","killed_by":"Collector","ascension_level":15,"is_trial":false}