{"path_per_floor":["M","M","?","?","$","E","R","E","T","M","M","?","R","E","R"],"character_chosen":"THE_SILENT","items_purchased":["Footwork"],"gold_per_floor":[114,131,131,96,24,54,54,89,89,101,111,111,111,138,138,138],"floor_reached":16,"campfire_rested":0,"playtime":782,"current_hp_per_floor":[63,63,56,70,70,70,70,59,59,57,56,49,49,38,38,0],"items_purged":[],"gold":138,"score":236,"play_id":"c23ef0dc-09b8-4eb8-b62e-2e682ff3e2a9","local_time":"20180421144347","is_prod":false,"is_daily":false,"chose_seed":false,"is_ascension_mode":true,"campfire_upgraded":3,"timestamp":1524314627,"path_taken":["M","M","?","?","$","E","R","E","T","M","M","?","R","E","R","BOSS"],"build_version":"2018-04-19","seed_source_timestamp":333117969346000,"purchased_purges":0,"victory":false,"master_deck":["Defend_G","Defend_G","Defend_G","Defend_G","Defend_G","Strike_G","Strike_G","Strike_G","Strike_G","Survivor","Neutralize+1","AscendersBane","Skewer+1","Footwork","Footwork","Acrobatics","PiercingWail","Deflect","Calculated Gamble+1"],"max_hp_per_floor":[70,70,70,70,70,70,70,70,70,70,70,70,70,70,70,70],"relics":["Ring of the Snake","NeowsBlessing","Meat on the Bone","Tingsha","Dream Catcher","Gremlin Horn","Prayer Wheel"],"card_choices":[{"not_picked":["Quick Slash","Bane"],"picked":"Skewer","floor":1},{"not_picked":["Dagger Throw","Crippling Poison"],"picked":"Footwork","floor":6},{"not_picked":["Masterful Stab","Backflip"],"picked":"Acrobatics","floor":8},{"not_picked":["Finisher","Quick Slash"],"picked":"PiercingWail","floor":10},{"not_picked":["Phantasmal Killer","Reflex"],"picked":"Deflect","floor":11},{"not_picked":["Malaise","Dagger Throw"],"picked":"Calculated Gamble","floor":14}],"player_experience":391470,"potions_floor_usage":[14,16],"damage_taken":[{"damage":0,"enemies":"2 Louse","floor":1,"turns":1},{"damage":0,"enemies":"Small Slimes","floor":2,"turns":1},{"damage":0,"enemies":"3 Sentries","floor":6,"turns":1},{"damage":11,"enemies":"Lagavulin","floor":8,"turns":10},{"damage":2,"enemies":"Jaw Worm","floor":10,"turns":4},{"damage":1,"enemies":"2 Fungi Beasts","floor":11,"turns":4},{"damage":11,"enemies":"3 Sentries","floor":14,"turns":8},{"damage":42,"enemies":"Hexaghost","floor":16,"turns":14}],"event_choices":[{"event_name":"Golden Wing","player_choice":"Card Removal","floor":3,"damage_taken":0},{"event_name":"The Cleric","player_choice":"Healed","floor":4,"damage_taken":0},{"event_name":"Scrap Ooze","player_choice":"success","floor":12,"damage_taken":7}],"boss_relics":[],"potions_floor_spawned":[10,11,14],"seed_played":"-258727003423288955","killed_by":"Hexaghost","ascension_level":13,"is_trial":false}