{"gold_per_floor":[109,128,145,145,145,184,209,244,244,268,292,331,351,374,374,374],"floor_reached":16,"playtime":607,"items_purged":[],"score":126,"play_id":"d82a6db4-84fb-419d-a3d3-acc930e90d24","local_time":"20181014070325","is_ascension_mode":false,"campfire_choices":[{"data":"Neutralize","floor":15,"key":"SMITH"}],"neow_cost":"","seed_source_timestamp":6659572776763,"circlet_count":0,"master_deck":["Defend_G","Defend_G","Defend_G","Defend_G","Defend_G","Strike_G","Strike_G","Strike_G","Strike_G","Survivor","Neutralize+1","Quick Slash","Backstab","Grand Finale","Backflip","Footwork","Prepared","Heel Hook"],"relics":["Ring of the Snake","Golden Idol","Dream Catcher","Centennial Puzzle","Meat on the Bone","Bird Faced Urn"],"potions_floor_usage":[8,12,12],"damage_taken":[{"damage":0,"enemies":"Cultist","floor":1,"turns":5},{"damage":0,"enemies":"2 Louse","floor":2,"turns":2},{"damage":2,"enemies":"Jaw Worm","floor":3,"turns":4},{"damage":18,"enemies":"3 Sentries","floor":6,"turns":10},{"damage":0,"enemies":"Blue Slaver","floor":7,"turns":4},{"damage":16,"enemies":"Lagavulin","floor":8,"turns":7},{"damage":0,"enemies":"Looter","floor":10,"turns":2},{"damage":0,"enemies":"Exordium Wildlife","floor":11,"turns":3},{"damage":8,"enemies":"Gremlin Nob","floor":12,"turns":5},{"damage":0,"enemies":"3 Louse","floor":13,"turns":2},{"damage":0,"enemies":"Looter","floor":14,"turns":5},{"damage":22,"enemies":"Slime Boss","floor":16,"turns":11}],"seed_played":"1644520822953661335","potions_obtained":[{"floor":2,"key":"Block Potion"},{"floor":6,"key":"AttackPotion"},{"floor":8,"key":"Poison Potion"},{"floor":10,"key":"GhostInAJar"},{"floor":13,"key":"FairyPotion"}],"is_trial":false,"path_per_floor":["M","M","M","?","?","E","M","E","T","M","M","E","M","M","R"],"character_chosen":"THE_SILENT","items_purchased":[],"campfire_rested":0,"item_purchase_floors":[],"current_hp_per_floor":[70,70,68,51,44,26,26,10,10,22,34,38,38,40,40,20],"gold":374,"neow_bonus":"","is_prod":false,"is_daily":false,"chose_seed":false,"campfire_upgraded":1,"win_rate":0,"timestamp":1539468205,"path_taken":["M","M","?","?","?","E","M","E","T","M","M","E","M","M","R","BOSS"],"build_version":"2018-10-11","purchased_purges":0,"victory":false,"max_hp_per_floor":[70,70,70,70,70,70,70,70,70,70,70,70,70,70,70,70],"card_choices":[{"not_picked":["Sucker Punch","Backflip"],"picked":"Quick Slash","floor":1},{"not_picked":["Caltrops","Distraction","Bane"],"picked":"SKIP","floor":2},{"not_picked":["Bane","Blade Dance"],"picked":"Backstab","floor":3},{"not_picked":["Deflect","Acrobatics"],"picked":"Grand Finale","floor":6},{"not_picked":["Backstab","Setup"],"picked":"Backflip","floor":7},{"not_picked":["Cloak And Dagger","Slice","PiercingWail"],"picked":"SKIP","floor":8},{"not_picked":["Corpse Explosion","Infinite Blades","Eviscerate"],"picked":"SKIP","floor":10},{"not_picked":["Flying Knee","Leg Sweep"],"picked":"Footwork","floor":11},{"not_picked":["Backflip","Bane","Blade Dance"],"picked":"SKIP","floor":12},{"not_picked":["Doppelganger","PiercingWail"],"picked":"Prepared","floor":13},{"not_picked":["Slice","Dodge and Roll"],"picked":"Heel Hook","floor":14}],"player_experience":700201,"relics_obtained":[{"floor":6,"key":"Dream Catcher"},{"floor":8,"key":"Centennial Puzzle"},{"floor":9,"key":"Meat on the Bone"},{"floor":12,"key":"Bird Faced Urn"}],"event_choices":[{"event_name":"Golden Idol","player_choice":"Take Damage","floor":4,"damage_taken":0},{"event_name":"Golden Wing","player_choice":"Card Removal","floor":5,"damage_taken":0}],"is_beta":false,"boss_relics":[],"items_purged_floors":[],"is_endless":false,"potions_floor_spawned":[2,6,8,10,13],"killed_by":"Slime Boss","ascension_level":0}