{"gold_per_floor":[110,23,23,173,190,218,218,218,218,228,242,14,28,38,38,110,110,123,138,138],"floor_reached":20,"playtime":716,"items_purged":[],"score":372,"play_id":"ac971760-5690-453c-af55-a76ec8974ddb","local_time":"20180926001452","is_ascension_mode":true,"campfire_choices":[{"data":"Zap","floor":8,"key":"SMITH"},{"floor":15,"key":"REST"}],"neow_cost":"NONE","seed_source_timestamp":972024431193846,"circlet_count":0,"master_deck":["Strike_B","Strike_B","Strike_B","Defend_B","Defend_B","Defend_B","Defend_B","Zap+1","Dualcast","AscendersBane","Rebound+1","Loop","Doubt","Hologram","Biased Cognition+1","Conserve Battery","FTL","Apotheosis","Cold Snap","Self Repair","Creative AI","Defragment","Self Repair"],"relics":["Cracked Core","NeowsBlessing","Symbiotic Virus","Mercury Hourglass","Inserter"],"potions_floor_usage":[18],"damage_taken":[{"damage":0,"enemies":"Small Slimes","floor":1,"turns":1},{"damage":0,"enemies":"Cultist","floor":5,"turns":1},{"damage":0,"enemies":"Lagavulin","floor":6,"turns":1},{"damage":7,"enemies":"Jaw Worm","floor":10,"turns":2},{"damage":11,"enemies":"Large Slime","floor":11,"turns":4},{"damage":3,"enemies":"Looter","floor":13,"turns":2},{"damage":10,"enemies":"Gremlin Gang","floor":14,"turns":3},{"damage":9,"enemies":"The Guardian","floor":16,"turns":12},{"damage":20,"enemies":"Chosen","floor":18,"turns":5},{"damage":8,"enemies":"Spheric Guardian","floor":19,"turns":4},{"damage":63,"enemies":"3 Cultists","floor":20,"turns":4}],"seed_played":"-1312823625564220338","potions_obtained":[{"floor":5,"key":"FearPotion"},{"floor":10,"key":"GamblersBrew"},{"floor":16,"key":"Fruit Juice"},{"floor":19,"key":"GamblersBrew"}],"is_trial":false,"path_per_floor":["M","$","?","?","M","E","?","R","T","M","M","$","M","M","R","B",null,"M","M"],"character_chosen":"DEFECT","items_purchased":["Loop","Apotheosis"],"campfire_rested":1,"item_purchase_floors":[2,12],"current_hp_per_floor":[64,64,64,64,64,64,43,43,43,36,25,25,22,12,33,31,61,53,55,0],"gold":138,"neow_bonus":"THREE_ENEMY_KILL","is_prod":false,"is_daily":false,"chose_seed":false,"campfire_upgraded":1,"win_rate":0,"timestamp":1537935292,"path_taken":["M","$","?","?","M","E","?","R","T","M","M","$","?","M","R","BOSS","M","M","?"],"build_version":"2018-09-20","purchased_purges":0,"victory":false,"max_hp_per_floor":[71,71,71,71,71,71,71,71,71,71,71,71,71,71,71,71,71,76,76,76],"card_choices":[{"not_picked":["Aggregate","Barrage"],"picked":"Rebound","floor":1},{"not_picked":["Static Discharge","Stack"],"picked":"Hologram","floor":5},{"not_picked":["Rebound","Barrage"],"picked":"Biased Cognition","floor":6},{"not_picked":["Gash","Compile Driver"],"picked":"Conserve Battery","floor":10},{"not_picked":["Beam Cell","Redo"],"picked":"FTL","floor":11},{"not_picked":["Leap","Go for the Eyes"],"picked":"Cold Snap","floor":13},{"not_picked":["Gash","Go for the Eyes"],"picked":"Self Repair","floor":14},{"not_picked":["Meteor Strike","All For One"],"picked":"Creative AI","floor":16},{"not_picked":["Gash","Heatsinks"],"picked":"Defragment","floor":18},{"not_picked":["Gash","Beam Cell"],"picked":"Self Repair","floor":19}],"player_experience":265079,"relics_obtained":[{"floor":6,"key":"Symbiotic Virus"},{"floor":9,"key":"Mercury Hourglass"}],"event_choices":[{"event_name":"Purifier","player_choice":"One Purge","floor":3,"damage_taken":0},{"event_name":"Liars Game","player_choice":"agreed","floor":4,"damage_taken":0},{"event_name":"Shining Light","player_choice":"Entered Light","floor":7,"damage_taken":0}],"is_beta":false,"boss_relics":[{"not_picked":["Tiny House","FrozenCore"],"picked":"Inserter"}],"items_purged_floors":[],"is_endless":false,"potions_floor_spawned":[5,10,14,16,19],"killed_by":"3 Cultists","ascension_level":17}