{"path_per_floor":["M","M","M","M","?","E","M","?","T","M","R","M","E","M","R","B",null,"M","M","?","?","?","E","R","E","T","R","E","R","M","M","R","B",null,"M","$","?","M","M","R","M","M","T","E","M","M","?","M","R","B"],"character_chosen":"THE_SILENT","items_purchased":["Apotheosis"],"gold_per_floor":[113,128,143,154,154,188,206,176,245,256,256,266,291,305,305,405,405,345,345,345,270,270,270,270,270,270,270,270,270,270,270,270,270,270,270,10,10,10,10,10,10,10,10,10,10,10,0,0,0,0],"floor_reached":51,"campfire_rested":1,"playtime":5627,"current_hp_per_floor":[77,77,77,71,64,6,17,17,27,37,37,32,31,39,39,51,87,77,77,77,77,77,60,60,54,54,54,50,50,53,53,53,78,87,87,87,77,77,73,73,65,48,48,32,44,44,44,44,70,48],"items_purged":["Defend_G"],"gold":0,"play_id":"ce28eb46-70c7-4b4f-9fb2-9fb1db63007f","is_prod":false,"is_daily":false,"is_ascension_mode":false,"campfire_upgraded":7,"path_taken":["M","M","M","M","?","E","M","?","T","?","R","M","E","M","R","BOSS","M","M","?","?","?","E","R","E","T","R","E","R","M","M","R","BOSS","M","$","?","M","M","R","M","?","T","E","M","M","?","M","R","BOSS"],"build_version":"2018-01-25-PROD3","purchased_purges":1,"victory":true,"master_deck":["Defend_G","Defend_G","Defend_G","Defend_G","Survivor","Neutralize+1","Flying Knee","Prepared","A Thousand Cuts+1","Cloak And Dagger+1","Backstab","Cloak And Dagger+1","Accuracy","PiercingWail","Adrenaline+1","Escape Plan","Infinite Blades","Finisher+1","Accuracy","Cloak And Dagger+1","Acrobatics+1","Phantasmal Killer+1","Burst+1","Apotheosis+1","Madness","Madness","Prepared+1","Reflex+1","Backflip"],"max_hp_per_floor":[77,77,77,77,77,77,77,77,87,87,87,87,87,87,87,87,87,87,87,87,87,87,87,87,87,87,87,87,87,87,87,87,87,87,87,87,87,87,87,87,87,87,87,87,87,87,87,87,87,87],"relics":["Ring of the Snake","Strawberry","Meat on the Bone","Pear","Pantograph","Ectoplasm","Happy Flower","Gremlin Horn","Molten Egg","Orichalcum","Astrolabe","Old Coin","Bag of Preparation","Red Mask"],"card_choices":[{"not_picked":["Outmaneuver","Reflex"],"picked":"Flying Knee"},{"not_picked":["Leg Sweep","Quick Slash"],"picked":"Prepared"},{"not_picked":["Dagger Spray","Dagger Throw"],"picked":"A Thousand Cuts"},{"not_picked":["Prepared","Outmaneuver"],"picked":"Cloak And Dagger"},{"not_picked":["Quick Slash","Masterful Stab"],"picked":"Backstab"},{"not_picked":["Backflip","Infinite Blades"],"picked":"Cloak And Dagger"},{"not_picked":["Storm of Steel","Reflex"],"picked":"Accuracy"},{"not_picked":["Poisoned Stab","Deadly Poison"],"picked":"PiercingWail"},{"not_picked":["Wraith Form","Venomology"],"picked":"Adrenaline"},{"not_picked":["Slice","PiercingWail"],"picked":"Escape Plan"},{"not_picked":["Outmaneuver","Poisoned Stab"],"picked":"Finisher"},{"not_picked":["Caltrops","Backflip"],"picked":"Accuracy"},{"not_picked":["PiercingWail","Prepared"],"picked":"Cloak And Dagger"},{"not_picked":["Outmaneuver","Infinite Blades"],"picked":"Prepared"},{"not_picked":["Heel Hook","PiercingWail"],"picked":"Reflex"},{"not_picked":["Accuracy","Crippling Poison"],"picked":"Backflip"}],"player_experience":52991,"potions_floor_usage":[6,6,10,10,12,16,30,39,44,44,44,46,50,50],"damage_taken":[{"damage":0,"enemies":"Cultist","floor":1,"turns":4},{"damage":0,"enemies":"Jaw Worm","floor":2,"turns":5},{"damage":0,"enemies":"2 Louse","floor":3,"turns":2},{"damage":6,"enemies":"2 Fungi Beasts","floor":4,"turns":4},{"damage":58,"enemies":"Lagavulin","floor":6,"turns":12},{"damage":1,"enemies":"Red Slaver","floor":7,"turns":5},{"damage":2,"enemies":"Large Slime","floor":10,"turns":7},{"damage":17,"enemies":"Exordium Thugs","floor":12,"turns":5},{"damage":13,"enemies":"3 Sentries","floor":13,"turns":8},{"damage":4,"enemies":"Gremlin Gang","floor":14,"turns":5},{"damage":25,"enemies":"The Guardian","floor":16,"turns":11},{"damage":10,"enemies":"2 Thieves","floor":18,"turns":3},{"damage":0,"enemies":"3 Byrds","floor":19,"turns":3},{"damage":17,"enemies":"Gremlin Leader","floor":23,"turns":7},{"damage":18,"enemies":"Slavers","floor":25,"turns":5},{"damage":16,"enemies":"Book of Stabbing","floor":28,"turns":5},{"damage":9,"enemies":"Slaver and Parasite","floor":30,"turns":5},{"damage":0,"enemies":"Centurion and Healer","floor":31,"turns":4},{"damage":0,"enemies":"Collector","floor":33,"turns":5},{"damage":0,"enemies":"Orb Walker","floor":35,"turns":3},{"damage":0,"enemies":"3 Darklings","floor":38,"turns":4},{"damage":16,"enemies":"Sphere and 2 Shapes","floor":39,"turns":7},{"damage":8,"enemies":"4 Shapes","floor":41,"turns":4},{"damage":17,"enemies":"3 Darklings","floor":42,"turns":3},{"damage":28,"enemies":"2 Orb Walkers","floor":44,"turns":5},{"damage":0,"enemies":"Maw","floor":45,"turns":4},{"damage":3,"enemies":"4 Shapes","floor":46,"turns":2},{"damage":0,"enemies":"3 Darklings","floor":48,"turns":2},{"damage":39,"enemies":"Donu and Deca","floor":50,"turns":7}],"event_choices":[{"event_name":"Golden Wing","player_choice":"Card Removal","floor":5,"damage_taken":0},{"event_name":"The Woman in Blue","player_choice":"Bought 2 Potions","floor":8,"damage_taken":0},{"event_name":"Match and Keep!","player_choice":"0 cards matched","floor":20,"damage_taken":0},{"event_name":"Beggar","player_choice":"Gave Gold","floor":21,"damage_taken":0},{"event_name":"The Library","player_choice":"Read","floor":22,"damage_taken":0},{"event_name":"Winding Halls","player_choice":"Embrace Madness","floor":37,"damage_taken":0},{"event_name":"Tomb of Lord Red Mask","player_choice":"Paid","floor":47,"damage_taken":0}],"boss_relics":[{"not_picked":["Eternal Feather","Tiny House"],"picked":"Ectoplasm"},{"not_picked":["Orrery","Velvet Choker"],"picked":"Astrolabe"}],"potions_floor_spawned":[2,3,7,14,23,28,30,39,41,44,45,46],"seed_played":"4921116253717737275","ascension_level":0,"is_trial":false}