{"path_per_floor":["M","?","?","T","$","E","T","E","T","R","M","M","R","?","R","B",null,"M","?","M","$","M","R","M","M","T","R","E","M","$","?","R"],"character_chosen":"THE_SILENT","items_purchased":["Quick Slash","Footwork","Paper Crane","Bandage Up","Backflip"],"gold_per_floor":[111,111,111,138,15,50,50,89,89,89,114,138,138,214,214,344,344,365,365,389,71,90,90,105,121,121,121,152,166,10,10,10],"floor_reached":33,"campfire_rested":3,"playtime":1427,"current_hp_per_floor":[63,46,46,46,46,46,46,46,46,46,46,46,46,37,58,56,67,55,55,44,44,42,50,35,17,17,46,39,39,39,39,70],"items_purged":["Strike_G"],"gold":10,"score":452,"play_id":"058aab87-ea68-493d-9d29-2b8931fa4ddc","local_time":"20180305175723","is_prod":false,"is_daily":false,"is_ascension_mode":true,"campfire_upgraded":3,"timestamp":1520240243,"path_taken":["M","?","?","?","$","E","?","E","T","R","M","M","R","?","R","BOSS","M","?","M","$","M","R","M","M","T","R","E","M","$","?","R","BOSS"],"build_version":"2018-03-01-PROD1","purchased_purges":1,"victory":false,"master_deck":["Defend_G","Defend_G","Defend_G","Defend_G","Defend_G","Strike_G","Strike_G+1","Strike_G","Survivor","Neutralize","Infinite Blades+1","Quick Slash+1","Bouncing Flask+1","Backstab","Prepared","Sucker Punch","PiercingWail","Blur","Calculated Gamble","Corpse Explosion","Prepared+1","Dagger Spray+1","Footwork+1","Deadly Poison+1","Bandage Up","Backflip"],"max_hp_per_floor":[70,70,70,70,70,70,70,70,70,70,70,70,70,70,70,70,70,70,70,70,70,70,70,70,70,70,70,70,70,70,70,70],"relics":["Ring of the Snake","NeowsBlessing","Golden Idol","Prayer Wheel","Mercury Hourglass","Lantern","Whetstone","Letter Opener","Darkstone Periapt","Eternal Feather","Paper Crane","Omamori","Bottled Tornado"],"card_choices":[{"not_picked":["Concentrate","Bane"],"picked":"Infinite Blades"},{"not_picked":["Acrobatics","Predator"],"picked":"Bouncing Flask"},{"not_picked":["Quick Slash","Choke"],"picked":"Backstab"},{"not_picked":["Accuracy","Bane"],"picked":"Prepared"},{"not_picked":["Backstab","Bullet Time"],"picked":"Sucker Punch"},{"not_picked":["Prepared","Accuracy"],"picked":"PiercingWail"},{"not_picked":["Acrobatics","Dagger Throw"],"picked":"Blur"},{"not_picked":["Finisher","Dagger Spray"],"picked":"Calculated Gamble"},{"not_picked":["Unload","Die Die Die"],"picked":"Corpse Explosion"},{"not_picked":["PiercingWail","Dagger Spray"],"picked":"Prepared"},{"not_picked":["Deadly Poison","Endless Agony"],"picked":"Dagger Spray"},{"not_picked":["Dagger Spray","Cloak And Dagger"],"picked":"Deadly Poison"}],"player_experience":260113,"potions_floor_usage":[16,16,16,22,25,28,33],"damage_taken":[{"damage":0,"enemies":"Small Slimes","floor":1,"turns":1},{"damage":0,"enemies":"Gremlin Nob","floor":6,"turns":1},{"damage":0,"enemies":"3 Sentries","floor":8,"turns":1},{"damage":0,"enemies":"Jaw Worm","floor":11,"turns":1},{"damage":0,"enemies":"Cultist","floor":12,"turns":3},{"damage":9,"enemies":"3 Sentries","floor":14,"turns":5},{"damage":2,"enemies":"Slime Boss","floor":16,"turns":4},{"damage":12,"enemies":"Shell Parasite","floor":18,"turns":5},{"damage":11,"enemies":"Spheric Guardian","floor":20,"turns":3},{"damage":2,"enemies":"Chosen and Byrds","floor":22,"turns":5},{"damage":15,"enemies":"3 Cultists","floor":24,"turns":5},{"damage":18,"enemies":"Snake Plant","floor":25,"turns":4},{"damage":7,"enemies":"Gremlin Leader","floor":28,"turns":6},{"damage":0,"enemies":"Centurion and Healer","floor":29,"turns":7},{"damage":86,"enemies":"Champ","floor":33,"turns":11}],"event_choices":[{"event_name":"Golden Idol","player_choice":"Take Damage","floor":2,"damage_taken":0},{"event_name":"The Lab","player_choice":"Got Potions","floor":3,"damage_taken":0},{"event_name":"Dead Adventurer","player_choice":"Searched \u00271\u0027 times","floor":14,"damage_taken":0},{"event_name":"Purifier","player_choice":"One Purge","floor":19,"damage_taken":0},{"event_name":"Beggar","player_choice":"Ignored","floor":31,"damage_taken":0}],"boss_relics":[{"not_picked":["Philosopher\u0027s Stone","Orrery"],"picked":"Eternal Feather"}],"potions_floor_spawned":[1,14,16,18,22,24],"seed_played":"3530090393668932540","killed_by":"Champ","ascension_level":8,"is_trial":false}