{"gold_per_floor":[113,113,38,48,66,66,93,112,112,112,123,148,148,161,161,258,308,327,32,48,48,48,48,75,0,0,0,0,33,45,19,19,19],"floor_reached":33,"playtime":1196,"items_purged":["Regret","Strike_R"],"score":352,"play_id":"13d6ea57-bc44-4495-919c-ec225bd11cf7","local_time":"20181109235640","is_ascension_mode":true,"campfire_choices":[{"data":"Iron Wave","floor":6,"key":"SMITH"},{"data":"Iron Wave","floor":10,"key":"SMITH"},{"data":"Inflame","floor":15,"key":"SMITH"},{"data":"Spot Weakness","floor":23,"key":"SMITH"},{"data":"Fiend Fire","floor":28,"key":"SMITH"},{"data":"Demon Form","floor":32,"key":"SMITH"}],"neow_cost":"NONE","seed_source_timestamp":112440815773521,"circlet_count":0,"master_deck":["Strike_R+1","Strike_R","Strike_R","Defend_R","Defend_R","Defend_R","Defend_R+1","Bash","Dropkick","Flame Barrier+1","Pommel Strike","Iron Wave+1","Iron Wave+1","Uppercut","Armaments","Double Tap","Inflame+1","Fiend Fire+1","Spot Weakness+1","Reaper","Anger","Anger","Demon Form+1","Iron Wave","Anger"],"relics":["Burning Blood","Regal Pillow","Bottled Lightning","Pen Nib","Ancient Tea Set","Bronze Scales","Tiny House","Sling","Sundial","War Paint","Red Skull","Gremlin Horn"],"potions_floor_usage":[7,8,24,24,24,24,24,33],"damage_taken":[{"damage":0,"enemies":"2 Louse","floor":1,"turns":3},{"damage":0,"enemies":"Jaw Worm","floor":4,"turns":3},{"damage":0,"enemies":"Cultist","floor":5,"turns":2},{"damage":17,"enemies":"Gremlin Nob","floor":7,"turns":4},{"damage":1,"enemies":"3 Louse","floor":8,"turns":2},{"damage":3,"enemies":"Looter","floor":11,"turns":3},{"damage":19,"enemies":"Lagavulin","floor":12,"turns":7},{"damage":8,"enemies":"Large Slime","floor":14,"turns":6},{"damage":55,"enemies":"Slime Boss","floor":16,"turns":7},{"damage":23,"enemies":"Shell Parasite","floor":18,"turns":7},{"damage":19,"enemies":"Chosen","floor":20,"turns":5},{"damage":20,"enemies":"Gremlin Leader","floor":24,"turns":5},{"damage":21,"enemies":"Book of Stabbing","floor":29,"turns":3},{"damage":25,"enemies":"3 Cultists","floor":30,"turns":5},{"damage":106,"enemies":"Automaton","floor":33,"turns":6}],"seed_played":"7320746140591739458","potions_obtained":[{"floor":1,"key":"Weak Potion"},{"floor":5,"key":"Explosive Potion"},{"floor":16,"key":"Dexterity Potion"},{"floor":17,"key":"EntropicBrew"},{"floor":20,"key":"Explosive Potion"},{"floor":29,"key":"FearPotion"}],"is_trial":false,"path_per_floor":["M","?","$","M","M","R","E","M","T","R","M","E","?","M","R","B",null,"M","$","M","?","$","R","E","?","T","?","R","E","M","$","R","B"],"character_chosen":"IRONCLAD","items_purchased":["Sling","Anger"],"campfire_rested":0,"item_purchase_floors":[19,31],"current_hp_per_floor":[80,80,80,80,80,80,69,74,74,74,77,64,64,62,62,13,85,68,68,62,62,62,62,66,66,66,66,66,51,59,59,59,0],"gold":19,"neow_bonus":"THREE_CARDS","is_prod":false,"is_daily":false,"chose_seed":false,"campfire_upgraded":6,"win_rate":0,"timestamp":1541836600,"path_taken":["M","?","$","M","M","R","E","M","T","R","M","E","?","M","R","BOSS","M","$","M","?","?","R","E","?","T","?","R","E","M","$","R","BOSS"],"build_version":"2018-11-08","purchased_purges":2,"victory":false,"max_hp_per_floor":[80,80,80,80,80,80,80,80,80,80,80,80,80,80,80,80,85,85,85,85,85,85,85,85,85,85,85,85,85,85,85,85,85],"card_choices":[{"not_picked":["Clash","Pommel Strike"],"picked":"Dropkick","floor":0},{"not_picked":["Twin Strike","Perfected Strike"],"picked":"Flame Barrier","floor":1},{"not_picked":["Wild Strike","Cleave"],"picked":"Pommel Strike","floor":4},{"not_picked":["Fire Breathing","Rampage"],"picked":"Iron Wave","floor":5},{"not_picked":["Metallicize","Flex"],"picked":"Iron Wave","floor":7},{"not_picked":["Bloodletting","Clothesline"],"picked":"Uppercut","floor":8},{"not_picked":["Cleave","Heavy Blade"],"picked":"Armaments","floor":11},{"not_picked":["Bloodletting","Pummel"],"picked":"Double Tap","floor":12},{"not_picked":["Pummel","Havoc"],"picked":"Inflame","floor":14},{"not_picked":["Double Tap","Impervious"],"picked":"Fiend Fire","floor":16},{"not_picked":["Perfected Strike","Headbutt"],"picked":"Spot Weakness","floor":17},{"not_picked":["Armaments","Sword Boomerang"],"picked":"Reaper","floor":18},{"not_picked":["Headbutt","Clothesline"],"picked":"Anger","floor":20},{"not_picked":["Thunderclap","Clothesline"],"picked":"Anger","floor":24},{"not_picked":["Rage","Infernal Blade+1"],"picked":"Demon Form","floor":29},{"not_picked":["Body Slam","Armaments"],"picked":"Iron Wave","floor":30}],"player_experience":381972,"relics_obtained":[{"floor":7,"key":"Bottled Lightning"},{"floor":9,"key":"Pen Nib"},{"floor":12,"key":"Ancient Tea Set"},{"floor":24,"key":"War Paint"},{"floor":26,"key":"Red Skull"},{"floor":29,"key":"Gremlin Horn"}],"event_choices":[{"damage_healed":0,"gold_gain":0,"player_choice":"Box","damage_taken":0,"relics_obtained":["Regal Pillow"],"max_hp_gain":0,"max_hp_loss":0,"event_name":"Big Fish","floor":2,"gold_loss":0,"cards_obtained":["Regret"]},{"damage_healed":0,"gold_gain":0,"player_choice":"Searched \u00271\u0027 times","damage_taken":0,"relics_obtained":["Bronze Scales"],"max_hp_gain":0,"max_hp_loss":0,"event_name":"Dead Adventurer","floor":13,"gold_loss":0},{"damage_healed":0,"gold_gain":0,"player_choice":"Gave Potion","damage_taken":0,"relics_obtained":["Sundial"],"max_hp_gain":0,"max_hp_loss":0,"event_name":"WeMeetAgain","floor":21,"gold_loss":0},{"cards_removed":["Strike_R"],"damage_healed":0,"gold_gain":0,"player_choice":"Gave Gold","damage_taken":0,"max_hp_gain":0,"max_hp_loss":0,"event_name":"Beggar","floor":25,"gold_loss":75}],"is_beta":false,"boss_relics":[{"not_picked":["White Beast Statue","Cursed Key"],"picked":"Tiny House"}],"items_purged_floors":[3,19],"is_endless":false,"potions_floor_spawned":[1,5,16,20,29],"killed_by":"Automaton","ascension_level":4}