{"gold_per_floor":[114,127,127,227,175,175,185,202,202,213,227,243,276,287,287,287],"floor_reached":16,"playtime":464,"items_purged":[],"score":106,"play_id":"7eb2f5d4-7fd3-4ff2-8deb-31d8c0e1febc","local_time":"20181210035056","is_ascension_mode":false,"campfire_choices":[{"data":"Iron Wave","floor":6,"key":"SMITH"},{"data":"Body Slam","floor":15,"key":"SMITH"}],"neow_cost":"NONE","seed_source_timestamp":883799699776572,"circlet_count":0,"master_deck":["Strike_R","Strike_R","Strike_R","Strike_R","Strike_R","Defend_R","Defend_R","Defend_R","Defend_R","Bash","Iron Wave+1","Iron Wave","Armaments","Entrench","Body Slam+1"],"relics":["Burning Blood","NeowsBlessing","PreservedInsect","Darkstone Periapt"],"potions_floor_usage":[13,13,13,16],"damage_taken":[{"damage":0,"enemies":"2 Louse","floor":1,"turns":1},{"damage":0,"enemies":"Cultist","floor":2,"turns":1},{"damage":0,"enemies":"Small Slimes","floor":7,"turns":1},{"damage":5,"enemies":"2 Fungi Beasts","floor":8,"turns":4},{"damage":6,"enemies":"3 Louse","floor":10,"turns":3},{"damage":7,"enemies":"Blue Slaver","floor":11,"turns":3},{"damage":0,"enemies":"Looter","floor":12,"turns":4},{"damage":14,"enemies":"Gremlin Nob","floor":13,"turns":3},{"damage":7,"enemies":"2 Fungi Beasts","floor":14,"turns":5},{"damage":72,"enemies":"Slime Boss","floor":16,"turns":10}],"seed_played":"-2641376335095570859","potions_obtained":[{"floor":1,"key":"Ancient Potion"},{"floor":7,"key":"Strength Potion"},{"floor":10,"key":"Explosive Potion"},{"floor":14,"key":"Fire Potion"}],"is_trial":false,"path_per_floor":["M","M","$","?","$","R","M","M","T","M","M","M","E","M","R","B"],"character_chosen":"IRONCLAD","items_purchased":["Iron Wave"],"campfire_rested":0,"item_purchase_floors":[5],"current_hp_per_floor":[80,80,80,80,80,80,80,80,80,80,79,80,72,71,71,0],"gold":287,"neow_bonus":"THREE_ENEMY_KILL","is_prod":false,"is_daily":false,"chose_seed":false,"campfire_upgraded":2,"win_rate":0,"timestamp":1544431856,"path_taken":["M","M","$","?","$","R","M","M","T","M","M","M","E","M","R","BOSS"],"build_version":"2018-12-06","purchased_purges":0,"victory":false,"max_hp_per_floor":[80,80,80,80,80,80,80,80,80,80,80,80,80,80,80,80],"card_choices":[{"not_picked":["Feel No Pain","Disarm","Battle Trance"],"picked":"SKIP","floor":1},{"not_picked":["Warcry","Whirlwind","Anger"],"picked":"SKIP","floor":2},{"not_picked":["Bloodletting","Perfected Strike"],"picked":"Iron Wave","floor":7},{"not_picked":["Clash","Anger","Flex"],"picked":"SKIP","floor":8},{"not_picked":["Twin Strike","Heavy Blade","Immolate"],"picked":"SKIP","floor":10},{"not_picked":["Perfected Strike","Heavy Blade"],"picked":"Armaments","floor":11},{"not_picked":["Heavy Blade","Twin Strike"],"picked":"Entrench","floor":12},{"not_picked":["Second Wind","Inflame","Warcry"],"picked":"SKIP","floor":13},{"not_picked":["Pommel Strike","Combust"],"picked":"Body Slam","floor":14}],"player_experience":230301,"relics_obtained":[{"floor":9,"key":"PreservedInsect"},{"floor":13,"key":"Darkstone Periapt"}],"event_choices":[{"damage_healed":0,"gold_gain":100,"player_choice":"Pray","damage_taken":0,"max_hp_gain":0,"max_hp_loss":0,"event_name":"Golden Shrine","floor":4,"gold_loss":0}],"is_beta":false,"boss_relics":[],"items_purged_floors":[],"is_endless":false,"potions_floor_spawned":[1,7,10,11,14],"killed_by":"Slime Boss","ascension_level":0}