{"path_per_floor":["M","?","M","?","M","R","E","M","T","R","E","?","M","T","R","B",null,"M","?","?","?","?","R","M","M","T","E","?","R","?","M","R"],"character_chosen":"IRONCLAD","items_purchased":[],"gold_per_floor":[116,116,126,201,220,220,252,272,272,272,300,475,493,493,493,592,592,610,610,610,610,610,610,630,647,647,682,682,682,682,702,702,702],"floor_reached":33,"campfire_rested":1,"playtime":2829,"current_hp_per_floor":[87,94,97,86,91,91,75,76,76,97,82,82,81,81,81,55,97,93,93,93,93,93,93,97,93,93,80,80,80,80,81,81,0],"items_purged":[],"gold":702,"score":298,"play_id":"ebb4522b-62ff-4169-826c-431ca8a2212b","local_time":"20180404154448","is_prod":false,"is_daily":false,"is_ascension_mode":false,"campfire_upgraded":5,"timestamp":1522820688,"path_taken":["M","?","?","?","M","R","E","M","T","R","E","?","M","?","R","BOSS","M","?","?","?","?","R","M","M","T","E","?","R","?","M","R","BOSS"],"build_version":"2018-03-29v2","purchased_purges":0,"victory":false,"master_deck":["Strike_R+1","Strike_R+1","Strike_R+1","Strike_R+1","Strike_R+1","Defend_R+1","Defend_R+1","Defend_R+1","Defend_R+1","Bash","Combust","Blood for Blood+1","Clothesline","Pommel Strike+1","Pommel Strike","Perfected Strike","Infernal Blade+1","Impervious+1","Pummel","Thunderclap","Cleave+1","Injury","Carnage+1","Normality","Disarm+1"],"max_hp_per_floor":[87,97,97,97,97,97,97,97,97,97,97,97,97,97,97,97,97,97,97,97,97,97,97,97,97,97,97,97,97,97,97,97,97],"relics":["Burning Blood","Strawberry","Pear","Vajra","Bag of Preparation","Juzu Bracelet","Red Skull","Cursed Key","Kunai","Happy Flower","Nloth\u0027s Gift"],"card_choices":[{"not_picked":["Wild Strike","Perfected Strike"],"picked":"Combust","floor":1},{"not_picked":["Intimidate","Combust"],"picked":"Blood for Blood","floor":3},{"not_picked":["Berserk","Inflame"],"picked":"Clothesline","floor":5},{"not_picked":["Dark Embrace","True Grit"],"picked":"Pommel Strike","floor":7},{"not_picked":["Headbutt","Combust"],"picked":"Pommel Strike","floor":8},{"not_picked":["True Grit","Fire Breathing"],"picked":"Perfected Strike","floor":11},{"not_picked":["Burning Pact","Flex"],"picked":"Infernal Blade","floor":13},{"not_picked":["Immolate","Dark Embrace"],"picked":"Impervious","floor":16},{"not_picked":["Clothesline","Sentinel"],"picked":"Pummel","floor":18},{"not_picked":["Sever Soul","Sword Boomerang"],"picked":"Thunderclap","floor":24},{"not_picked":["Havoc","Warcry"],"picked":"Cleave","floor":25},{"not_picked":["Warcry","Barricade"],"picked":"Carnage","floor":27},{"not_picked":["Havoc","Wild Strike"],"picked":"Disarm","floor":31}],"player_experience":66966,"potions_floor_usage":[16,16,27,27,27,31],"damage_taken":[{"damage":1,"enemies":"Jaw Worm","floor":1,"turns":3},{"damage":0,"enemies":"Small Slimes","floor":3,"turns":3},{"damage":1,"enemies":"Cultist","floor":5,"turns":4},{"damage":22,"enemies":"Gremlin Nob","floor":7,"turns":5},{"damage":5,"enemies":"Looter","floor":8,"turns":4},{"damage":21,"enemies":"3 Sentries","floor":11,"turns":4},{"damage":7,"enemies":"Exordium Wildlife","floor":13,"turns":3},{"damage":32,"enemies":"Hexaghost","floor":16,"turns":7},{"damage":10,"enemies":"Spheric Guardian","floor":18,"turns":4},{"damage":0,"enemies":"Chosen","floor":24,"turns":3},{"damage":10,"enemies":"Sentry and Sphere","floor":25,"turns":3},{"damage":19,"enemies":"Gremlin Leader","floor":27,"turns":4},{"damage":5,"enemies":"Snake Plant","floor":31,"turns":2},{"damage":81,"enemies":"Collector","floor":33,"turns":7}],"event_choices":[{"event_name":"Scrap Ooze","player_choice":"success","floor":2,"damage_taken":3},{"event_name":"World of Goop","player_choice":"Gather Gold","floor":4,"damage_taken":0},{"event_name":"Liars Game","player_choice":"agreed","floor":12,"damage_taken":0},{"event_name":"Drug Dealer","player_choice":"Ignored","floor":19,"damage_taken":0},{"event_name":"Back to Basics","player_choice":"Simplicity","floor":20,"damage_taken":0},{"event_name":"Wheel of Change","player_choice":"Card Removal","floor":21,"damage_taken":0},{"event_name":"The Lab","player_choice":"Got Potions","floor":22,"damage_taken":0},{"event_name":"Accursed Blacksmith","player_choice":"Rummage","floor":28,"damage_taken":0},{"event_name":"N\u0027loth","player_choice":"Traded a Bird Faced Urn","floor":30,"damage_taken":0}],"boss_relics":[{"not_picked":["Runic Pyramid","Velvet Choker"],"picked":"Cursed Key"}],"potions_floor_spawned":[1,11,13,18,25,27],"seed_played":"3494526965693072216","killed_by":"Collector","ascension_level":0,"is_trial":false}