{"gold_per_floor":[218,218,21,39,53,88,88,99,99,116,132,132,145,176,176,176],"floor_reached":16,"playtime":799,"items_purged":[],"score":228,"play_id":"4ba94b89-d727-40e6-81f4-20447bb4318f","local_time":"20190305171634","is_ascension_mode":true,"campfire_choices":[{"data":"Go for the Eyes","floor":7,"key":"SMITH"},{"data":"Blizzard","floor":12,"key":"SMITH"},{"data":"Genetic Algorithm","floor":15,"key":"SMITH"}],"neow_cost":"NONE","seed_source_timestamp":2358968145836400,"circlet_count":0,"master_deck":["AscendersBane","Strike_B","Strike_B","Strike_B","Strike_B","Defend_B","Defend_B","Defend_B","Defend_B","Zap+1","Dualcast","Go for the Eyes+1","Master of Strategy","Cold Snap","Self Repair","Blizzard+1","Undo","Coolheaded","Genetic Algorithm+1","Seek"],"relics":["Cracked Core","Matryoshka","Pen Nib","Singing Bowl","Centennial Puzzle"],"potions_floor_usage":[10,14,14,16],"damage_taken":[{"damage":0,"enemies":"Small Slimes","floor":1,"turns":4},{"damage":0,"enemies":"Cultist","floor":4,"turns":3},{"damage":0,"enemies":"Jaw Worm","floor":5,"turns":4},{"damage":45,"enemies":"3 Sentries","floor":6,"turns":11},{"damage":10,"enemies":"Looter","floor":8,"turns":4},{"damage":0,"enemies":"3 Louse","floor":10,"turns":3},{"damage":3,"enemies":"2 Fungi Beasts","floor":11,"turns":3},{"damage":0,"enemies":"Red Slaver","floor":13,"turns":4},{"damage":32,"enemies":"Gremlin Nob","floor":14,"turns":6},{"damage":33,"enemies":"Slime Boss","floor":16,"turns":11}],"seed_played":"-3609700982452358374","potions_obtained":[{"floor":5,"key":"EssenceOfSteel"},{"floor":6,"key":"Block Potion"},{"floor":13,"key":"Regen Potion"},{"floor":14,"key":"Weak Potion"}],"is_trial":false,"path_per_floor":["M","?","$","M","M","E","R","M","T","M","M","R","M","E","R","B"],"character_chosen":"DEFECT","items_purchased":["Master of Strategy"],"campfire_rested":0,"item_purchase_floors":[3],"current_hp_per_floor":[64,64,64,64,64,26,26,23,23,30,36,36,43,33,33,0],"gold":176,"neow_bonus":"HUNDRED_GOLD","is_prod":false,"is_daily":false,"chose_seed":false,"campfire_upgraded":3,"win_rate":0,"timestamp":1551834994,"path_taken":["M","?","$","M","M","E","R","M","T","M","?","R","M","E","R","BOSS"],"build_version":"2019-01-23","purchased_purges":0,"victory":false,"max_hp_per_floor":[71,71,71,71,71,71,71,71,71,71,73,73,73,73,73,73],"card_choices":[{"not_picked":["Leap","Redo"],"picked":"Go for the Eyes","floor":1},{"not_picked":["Conserve Battery","Stack"],"picked":"Cold Snap","floor":4},{"not_picked":["Leap","Machine Learning"],"picked":"Self Repair","floor":5},{"not_picked":["Turbo","Meteor Strike"],"picked":"Blizzard","floor":6},{"not_picked":["Melter","Reprogram"],"picked":"Undo","floor":8},{"not_picked":["Redo","Leap"],"picked":"Coolheaded","floor":10},{"not_picked":["Scrape","Beam Cell","Gash"],"picked":"Singing Bowl","floor":11},{"not_picked":["Turbo","Auto Shields"],"picked":"Genetic Algorithm","floor":13},{"not_picked":["Chaos","Leap"],"picked":"Seek","floor":14}],"player_experience":791999,"relics_obtained":[{"floor":6,"key":"Matryoshka"},{"floor":9,"key":"Pen Nib"},{"floor":9,"key":"Singing Bowl"},{"floor":14,"key":"Centennial Puzzle"}],"event_choices":[{"damage_healed":0,"gold_gain":0,"player_choice":"Upgraded","damage_taken":0,"max_hp_gain":0,"max_hp_loss":0,"event_name":"Upgrade Shrine","floor":2,"gold_loss":0,"cards_upgraded":["Zap"]}],"is_beta":false,"boss_relics":[],"items_purged_floors":[],"is_endless":false,"potions_floor_spawned":[5,6,13,14],"killed_by":"Slime Boss","ascension_level":20}