{"gold_per_floor":[17,17,17,35,55,55,89,100,100,116,126,126,137,137,137,215,215,235,134,49,59,59,92,92,118,118,118,118,132,163,181,181,181],"floor_reached":33,"playtime":1334,"items_purged":["Strike_G"],"score":647,"play_id":"d09b53b2-5aed-4289-8033-1f087f432797","local_time":"20181013203517","is_ascension_mode":true,"campfire_choices":[{"data":"Riddle With Holes","floor":6.0,"key":"SMITH"},{"data":"Caltrops","floor":12.0,"key":"SMITH"},{"data":"Finisher","floor":15.0,"key":"SMITH"},{"data":"Neutralize","floor":24.0,"key":"SMITH"},{"data":"Wraith Form v2","floor":28.0,"key":"SMITH"},{"data":"Glass Knife","floor":32.0,"key":"SMITH"}],"neow_cost":"NO_GOLD","seed_source_timestamp":0,"circlet_count":0,"master_deck":["Defend_G","Defend_G","Defend_G","Defend_G","Strike_G","Strike_G","Strike_G","Survivor","Neutralize+1","AscendersBane","Riddle With Holes+1","Backstab","Caltrops+1","Finisher+1","Slice","Acrobatics","Wraith Form v2+1","Backflip","PiercingWail","Cloak And Dagger+1","Deflect+1","Glass Knife+1","Leg Sweep","Backflip+1"],"special_seed":0,"relics":["Ring of the Snake","Bronze Scales","Meat on the Bone","Oddly Smooth Stone","Coffee Dripper","Vajra","Boot","Thread and Needle","Ornamental Fan","Strawberry"],"potions_floor_usage":[33],"damage_taken":[{"damage":5.0,"enemies":"Jaw Worm","floor":1.0,"turns":5.0},{"damage":1.0,"enemies":"Cultist","floor":4.0,"turns":4.0},{"damage":2.0,"enemies":"2 Louse","floor":5.0,"turns":3.0},{"damage":24.0,"enemies":"3 Sentries","floor":7.0,"turns":9.0},{"damage":2.0,"enemies":"Red Slaver","floor":8.0,"turns":3.0},{"damage":8.0,"enemies":"Large Slime","floor":10.0,"turns":5.0},{"damage":0.0,"enemies":"Gremlin Gang","floor":11.0,"turns":4.0},{"damage":0.0,"enemies":"2 Fungi Beasts","floor":13.0,"turns":2.0},{"damage":17.0,"enemies":"The Guardian","floor":16.0,"turns":8.0},{"damage":0.0,"enemies":"3 Byrds","floor":18.0,"turns":2.0},{"damage":0.0,"enemies":"Chosen","floor":21.0,"turns":3.0},{"damage":10.0,"enemies":"Book of Stabbing","floor":23.0,"turns":4.0},{"damage":13.0,"enemies":"Gremlin Leader","floor":25.0,"turns":7.0},{"damage":0.0,"enemies":"Centurion and Healer","floor":29.0,"turns":4.0},{"damage":0.0,"enemies":"Slavers","floor":30.0,"turns":5.0},{"damage":0.0,"enemies":"Snake Plant","floor":31.0,"turns":2.0},{"damage":62,"enemies":"Automaton","floor":33,"turns":12}],"seed_played":"-6469472528498757596","potions_obtained":[{"floor":1.0,"key":"Fire Potion"},{"floor":4.0,"key":"SpeedPotion"},{"floor":11.0,"key":"FearPotion"},{"floor":16.0,"key":"SneckoOil"},{"floor":21.0,"key":"GhostInAJar"},{"floor":25.0,"key":"FearPotion"},{"floor":30.0,"key":"Dexterity Potion"}],"is_trial":false,"path_per_floor":["M","?","$","M","M","R","E","M","T","M","M","R","M","?","R","B",null,"M","$","?","M","?","E","R","E","T","?","R","M","E","M","R"],"character_chosen":"THE_SILENT","items_purchased":["PiercingWail"],"campfire_rested":0,"item_purchase_floors":[19],"current_hp_per_floor":[54,54,54,53,51,51,27,37,37,41,41,41,41,41,41,36,59,59,59,59,59,59,49,49,36,36,49,49,49,56,56,56,0],"gold":181,"neow_bonus":"REMOVE_TWO","is_prod":false,"is_daily":false,"chose_seed":false,"campfire_upgraded":6,"win_rate":0,"timestamp":1539430517,"path_taken":["M","?","$","M","M","R","E","M","T","M","?","R","M","?","R","BOSS","M","$","?","M","?","E","R","E","T","?","R","M","E","M","R","BOSS"],"build_version":"2018-10-11","purchased_purges":1,"victory":false,"max_hp_per_floor":[66,66,66,66,66,66,66,66,66,66,66,66,66,66,66,66,66,66,66,66,66,66,66,66,66,66,66,66,66,73,73,73,73],"card_choices":[{"not_picked":["Infinite Blades","Reflex","Bane"],"picked":"SKIP","floor":1.0},{"not_picked":["Underhanded Strike","Prepared"],"picked":"Riddle With Holes","floor":4.0},{"not_picked":["Blade Dance","Endless Agony"],"picked":"Backstab","floor":5.0},{"not_picked":["Setup","Dodge and Roll"],"picked":"Caltrops","floor":7.0},{"not_picked":["Cloak And Dagger","Infinite Blades"],"picked":"Finisher","floor":8.0},{"not_picked":["Crippling Poison","Dodge and Roll"],"picked":"Slice","floor":10.0},{"not_picked":["Eviscerate","Bane"],"picked":"Acrobatics","floor":11.0},{"not_picked":["Dagger Throw","Catalyst","Slice"],"picked":"SKIP","floor":13.0},{"not_picked":["Storm of Steel","Doppelganger"],"picked":"Wraith Form v2","floor":16.0},{"not_picked":["Eviscerate","Dagger Throw"],"picked":"Backflip","floor":18.0},{"not_picked":["Backflip","Deflect"],"picked":"Cloak And Dagger","floor":21.0},{"not_picked":["Deadly Poison","Bane","Dodge and Roll"],"picked":"SKIP","floor":23.0},{"not_picked":["Finisher","Concentrate"],"picked":"Deflect+1","floor":25.0},{"not_picked":["Deadly Poison","Terror"],"picked":"Glass Knife","floor":29.0},{"not_picked":["Flying Knee","Distraction"],"picked":"Leg Sweep","floor":30.0},{"not_picked":["Bane","Blade Dance"],"picked":"Backflip+1","floor":31.0}],"player_experience":696884,"relics_obtained":[{"floor":7.0,"key":"Meat on the Bone"},{"floor":9.0,"key":"Oddly Smooth Stone"},{"floor":23.0,"key":"Boot"},{"floor":25.0,"key":"Thread and Needle"},{"floor":26.0,"key":"Ornamental Fan"},{"floor":30.0,"key":"Strawberry"}],"event_choices":[{"event_name":"WeMeetAgain","player_choice":"Potion","floor":2.0,"damage_taken":0.0},{"event_name":"The Lab","player_choice":"Got Potions","floor":14.0,"damage_taken":0.0},{"event_name":"Addict","player_choice":"Obtained Relic","floor":20.0,"damage_taken":0.0},{"event_name":"Accursed Blacksmith","player_choice":"Forge","floor":22.0,"damage_taken":0.0},{"event_name":"The Library","player_choice":"Heal","floor":27.0,"damage_taken":0.0}],"is_beta":false,"boss_relics":[{"not_picked":["Ring of the Serpent","White Beast Statue"],"picked":"Coffee Dripper"}],"items_purged_floors":[19],"is_endless":false,"potions_floor_spawned":[1,4,11,16,21,25,30],"killed_by":"Automaton","ascension_level":19}