{"gold_per_floor":[119,194,210,210,229,229,255,274,274,288,288,288,306,306,306,410,410,426,257,257,157,0,0,11,11,11,11,29,29,29,40,40,138,138,148,23,43,61,61,61,72,72],"floor_reached":42,"playtime":1581,"items_purged":["Strike_R","Defend_R","Strike_R"],"score":398,"play_id":"b0578a80-9b3e-4896-8a6a-d9affbe02815","local_time":"20190217113819","is_ascension_mode":false,"campfire_choices":[{"data":"Searing Blow","floor":6,"key":"SMITH"},{"data":"Searing Blow+1","floor":11,"key":"SMITH"},{"floor":15,"key":"REST"},{"data":"Rage","floor":23,"key":"SMITH"},{"data":"Searing Blow+2","floor":25,"key":"SMITH"},{"data":"Searing Blow+3","floor":29,"key":"SMITH"},{"data":"Searing Blow+4","floor":32,"key":"SMITH"},{"floor":40,"key":"REST"}],"neow_cost":"NONE","seed_source_timestamp":231726678831280,"circlet_count":0,"master_deck":["Strike_R","Strike_R","Defend_R","Defend_R","Defend_R","Bash","Anger","Whirlwind","Searing Blow+5","Clothesline","Rage+1","Pommel Strike","Fiend Fire","Flame Barrier","Purity","J.A.X.","Shrug It Off","Dual Wield","Sentinel","Feed","Inflame+1","Parasite","Thunderclap+1"],"relics":["Cursed Key"],"potions_floor_usage":[24,33,33,41,42,42],"damage_taken":[{"damage":1,"enemies":"Jaw Worm","floor":1,"turns":3},{"damage":2,"enemies":"Small Slimes","floor":3,"turns":3},{"damage":0,"enemies":"Cultist","floor":5,"turns":2},{"damage":14,"enemies":"Gremlin Nob","floor":7,"turns":3},{"damage":11,"enemies":"Exordium Wildlife","floor":8,"turns":3},{"damage":0,"enemies":"2 Fungi Beasts","floor":10,"turns":2},{"damage":11,"enemies":"Large Slime","floor":13,"turns":4},{"damage":41,"enemies":"Hexaghost","floor":16,"turns":10},{"damage":12,"enemies":"Shell Parasite","floor":18,"turns":5},{"damage":0,"enemies":"3 Byrds","floor":24,"turns":5},{"damage":0,"enemies":"Centurion and Healer","floor":28,"turns":5},{"damage":6,"enemies":"Chosen and Byrds","floor":31,"turns":5},{"damage":60,"enemies":"Collector","floor":33,"turns":10},{"damage":10,"enemies":"3 Shapes","floor":35,"turns":8},{"damage":10,"enemies":"Orb Walker","floor":37,"turns":3},{"damage":35,"enemies":"3 Darklings","floor":38,"turns":6},{"damage":24,"enemies":"Writhing Mass","floor":41,"turns":7},{"damage":51,"enemies":"Transient","floor":42,"turns":5}],"seed_played":"-3160897274796694458","potions_obtained":[{"floor":10,"key":"GamblersBrew"},{"floor":13,"key":"BloodPotion"},{"floor":16,"key":"SneckoOil"},{"floor":28,"key":"Block Potion"},{"floor":33,"key":"Ancient Potion"},{"floor":35,"key":"BloodPotion"}],"is_trial":false,"path_per_floor":["M","?","M","?","M","R","E","M","T","M","R","?","M","?","R","B",null,"M","$","?","$","?","R","M","R","T","?","M","R","?","M","R","B",null,"M","$","M","M","?","R","M","M"],"character_chosen":"IRONCLAD","items_purchased":["Purity"],"campfire_rested":2,"item_purchase_floors":[19],"current_hp_per_floor":[79,68,66,66,66,66,52,41,41,41,41,41,30,30,54,13,80,68,68,68,68,68,68,68,68,68,68,68,68,68,62,62,10,80,70,70,60,25,25,49,25,0],"gold":72,"neow_bonus":"BOSS_RELIC","is_prod":false,"is_daily":false,"chose_seed":false,"campfire_upgraded":6,"win_rate":0,"timestamp":1550421499,"path_taken":["M","?","M","?","M","R","E","M","T","?","R","?","M","?","R","BOSS","M","$","?","$","?","R","M","R","T","?","M","R","?","M","R","BOSS","M","$","?","M","?","R","M","M"],"build_version":"2019-01-23","purchased_purges":3,"victory":false,"max_hp_per_floor":[80,80,80,80,80,80,80,80,80,80,80,80,80,80,80,80,80,80,80,80,80,80,80,80,80,80,80,80,80,80,80,80,80,80,80,80,80,80,80,80,80,80],"card_choices":[{"not_picked":["Havoc","Clash"],"picked":"Anger","floor":1},{"not_picked":["Shockwave","Warcry"],"picked":"Whirlwind","floor":3},{"not_picked":["Heavy Blade","Twin Strike"],"picked":"Searing Blow","floor":5},{"not_picked":["Spot Weakness","Cleave"],"picked":"Clothesline","floor":7},{"not_picked":["Perfected Strike","Clash"],"picked":"Rage","floor":8},{"not_picked":["Heavy Blade","Burning Pact","Feel No Pain"],"picked":"SKIP","floor":10},{"not_picked":["Twin Strike","Dark Embrace"],"picked":"Pommel Strike","floor":13},{"not_picked":["Dark Embrace","Limit Break"],"picked":"Fiend Fire","floor":16},{"not_picked":["Clothesline","Corruption"],"picked":"Flame Barrier","floor":18},{"not_picked":["Wild Strike+1","Perfected Strike"],"picked":"Shrug It Off","floor":24},{"not_picked":["Cleave","Reckless Charge"],"picked":"Dual Wield","floor":28},{"not_picked":["Anger+1","Combust"],"picked":"Sentinel","floor":31},{"not_picked":["Brutality","Juggernaut"],"picked":"Feed","floor":33},{"not_picked":["Clothesline+1","Sword Boomerang+1"],"picked":"Inflame+1","floor":35},{"not_picked":["Blood for Blood","Pommel Strike+1","Sword Boomerang"],"picked":"SKIP","floor":37},{"not_picked":["Armaments","Evolve+1","Hemokinesis+1"],"picked":"SKIP","floor":38},{"not_picked":["Wild Strike+1","Clash"],"picked":"Thunderclap+1","floor":41}],"player_experience":198342,"relics_obtained":[],"event_choices":[{"damage_healed":0,"gold_gain":75,"player_choice":"Gather Gold","damage_taken":11,"max_hp_gain":0,"max_hp_loss":0,"event_name":"World of Goop","floor":2,"gold_loss":0},{"cards_removed":["Strike_R"],"damage_healed":0,"gold_gain":0,"player_choice":"Offered Basic","damage_taken":0,"max_hp_gain":0,"max_hp_loss":0,"event_name":"Bonfire Elementals","floor":4,"gold_loss":0},{"damage_healed":0,"gold_gain":0,"player_choice":"Fled","damage_taken":0,"max_hp_gain":0,"max_hp_loss":0,"event_name":"Scrap Ooze","floor":12,"gold_loss":0},{"damage_healed":0,"gold_gain":0,"player_choice":"Ignored","damage_taken":0,"max_hp_gain":0,"max_hp_loss":0,"event_name":"Golden Idol","floor":14,"gold_loss":0},{"damage_healed":0,"gold_gain":0,"player_choice":"Obtain J.A.X.","damage_taken":0,"max_hp_gain":0,"max_hp_loss":0,"event_name":"Drug Dealer","floor":20,"gold_loss":0,"cards_obtained":["J.A.X."]},{"damage_healed":0,"gold_gain":0,"player_choice":"Paid Fearfully","damage_taken":0,"max_hp_gain":0,"max_hp_loss":0,"event_name":"Masked Bandits","floor":22,"gold_loss":157},{"damage_healed":0,"gold_gain":0,"player_choice":"Ignored","damage_taken":0,"max_hp_gain":0,"max_hp_loss":0,"event_name":"Ghosts","floor":27,"gold_loss":0},{"damage_healed":0,"gold_gain":0,"player_choice":"Leave","damage_taken":0,"max_hp_gain":0,"max_hp_loss":0,"event_name":"FaceTrader","floor":30,"gold_loss":0},{"damage_healed":0,"gold_gain":0,"player_choice":"Ignored","damage_taken":0,"max_hp_gain":0,"max_hp_loss":0,"event_name":"WeMeetAgain","floor":39,"gold_loss":0}],"is_beta":false,"boss_relics":[{"not_picked":[]},{"not_picked":[]}],"items_purged_floors":[19,21,36],"is_endless":false,"potions_floor_spawned":[10,13,16,28,33,35],"killed_by":"Transient","ascension_level":0}