{"gold_per_floor":[113,123,142,154,169,169,204,204,250,279,279,354,354,373,373,466,466,486,505,505,505,505,505,505],"floor_reached":24,"playtime":748,"items_purged":[],"score":537,"play_id":"69d0f1c6-9258-4ad6-8ce3-6fa1232bc5f4","local_time":"20190303155606","is_ascension_mode":true,"campfire_choices":[{"data":"Chaos","floor":6.0,"key":"SMITH"},{"data":"Streamline","floor":11.0,"key":"SMITH"},{"data":"Zap","floor":15.0,"key":"SMITH"},{"data":"Ghostly","floor":23.0,"key":"SMITH"}],"neow_cost":"NONE","seed_source_timestamp":199614047125913,"circlet_count":0,"master_deck":["AscendersBane","Defend_B","Defend_B+1","Defend_B","Defend_B+1","Zap+1","Dualcast","Sweeping Beam","Streamline+1","Reinforced Body","Cold Snap","Chaos+1","Reboot","Steam","Glacier","Hyperbeam","Melter","Ball Lightning","Bite","Bite","Bite","Bite","Bite","Ghostly+1","Ghostly","Ghostly"],"special_seed":0,"relics":["Cracked Core","Shuriken","Symbiotic Virus","Happy Flower","War Paint","Golden Idol","Philosopher\u0027s Stone"],"potions_floor_usage":[],"damage_taken":[{"damage":9.0,"enemies":"Jaw Worm","floor":1.0,"turns":3.0},{"damage":4.0,"enemies":"Small Slimes","floor":2.0,"turns":3.0},{"damage":0.0,"enemies":"Cultist","floor":3.0,"turns":3.0},{"damage":2.0,"enemies":"Exordium Wildlife","floor":4.0,"turns":4.0},{"damage":0.0,"enemies":"Red Slaver","floor":5.0,"turns":4.0},{"damage":13.0,"enemies":"3 Sentries","floor":7.0,"turns":4.0},{"damage":2.0,"enemies":"Lagavulin","floor":10.0,"turns":5.0},{"damage":4.0,"enemies":"Large Slime","floor":14.0,"turns":4.0},{"damage":0.0,"enemies":"Slime Boss","floor":16.0,"turns":8.0},{"damage":6.0,"enemies":"Spheric Guardian","floor":18.0,"turns":3.0},{"damage":12.0,"enemies":"Shell Parasite","floor":19.0,"turns":5.0},{"damage":31,"enemies":"Slavers","floor":24,"turns":1}],"seed_played":"4693793812057878507","potions_obtained":[{"floor":2.0,"key":"GamblersBrew"},{"floor":5.0,"key":"Strength Potion"},{"floor":7.0,"key":"Dexterity Potion"},{"floor":10.0,"key":"AttackPotion"},{"floor":14.0,"key":"FocusPotion"},{"floor":19.0,"key":"EssenceOfSteel"}],"is_trial":false,"path_per_floor":["M","M","M","M","M","R","E","?","T","E","R","?","?","M","R","B",null,"M","M","?","?","?","R","E"],"character_chosen":"DEFECT","items_purchased":[],"campfire_rested":0,"item_purchase_floors":[],"current_hp_per_floor":[62,58,58,56,56,56,43,25,25,23,23,12,12,8,8,8,55,49,37,37,24,24,24,0],"gold":505,"neow_bonus":"TEN_PERCENT_HP_BONUS","is_prod":false,"is_daily":false,"chose_seed":false,"campfire_upgraded":4,"win_rate":0,"timestamp":1551646566,"path_taken":["M","M","M","M","M","R","E","?","T","E","R","?","?","M","R","BOSS","M","M","?","?","?","R","E"],"build_version":"2019-01-23","purchased_purges":0,"victory":false,"max_hp_per_floor":[78,78,78,78,78,78,78,78,78,78,78,78,71,71,71,71,71,71,71,49,24,24,24,24],"card_choices":[{"not_picked":["Rebound","Hologram"],"picked":"Sweeping Beam","floor":1.0},{"not_picked":["Meteor Strike","Double Energy"],"picked":"Streamline","floor":2.0},{"not_picked":["Steam Power","Coolheaded"],"picked":"Reinforced Body","floor":3.0},{"not_picked":["Hologram","Compile Driver"],"picked":"Cold Snap","floor":4.0},{"not_picked":["Beam Cell","Leap"],"picked":"Chaos","floor":5.0},{"not_picked":["Aggregate","Compile Driver"],"picked":"Reboot","floor":7.0},{"not_picked":["Static Discharge","Redo"],"picked":"Steam","floor":10.0},{"not_picked":["Coolheaded","Chaos"],"picked":"Glacier","floor":14.0},{"not_picked":["Machine Learning","Fission"],"picked":"Hyperbeam","floor":16.0},{"not_picked":["Hologram","Scrape"],"picked":"Melter","floor":18.0},{"not_picked":["Steam","Coolheaded"],"picked":"Ball Lightning","floor":19.0}],"player_experience":666410,"relics_obtained":[{"floor":7.0,"key":"Shuriken"},{"floor":9.0,"key":"Happy Flower"},{"floor":10.0,"key":"War Paint"}],"event_choices":[{"damage_healed":0.0,"max_hp_gain":0.0,"max_hp_loss":0.0,"gold_gain":0.0,"event_name":"Scrap Ooze","player_choice":"Success","floor":8.0,"gold_loss":0.0,"damage_taken":18.0,"relics_obtained":["Symbiotic Virus"]},{"damage_healed":0.0,"max_hp_gain":0.0,"max_hp_loss":0.0,"gold_gain":75.0,"event_name":"World of Goop","player_choice":"Gather Gold","floor":12.0,"gold_loss":0.0,"damage_taken":11.0},{"damage_healed":0.0,"max_hp_gain":0.0,"max_hp_loss":7.0,"gold_gain":0.0,"event_name":"Golden Idol","player_choice":"Lose Max HP","floor":13.0,"gold_loss":0.0,"damage_taken":0.0,"relics_obtained":["Golden Idol"]},{"damage_healed":0.0,"max_hp_gain":0.0,"max_hp_loss":22.0,"gold_gain":0.0,"event_name":"Vampires","player_choice":"Became a vampire","floor":20.0,"gold_loss":0.0,"damage_taken":0.0,"cards_obtained":["Bite","Bite","Bite","Bite","Bite"]},{"damage_healed":0.0,"max_hp_gain":0.0,"max_hp_loss":25.0,"gold_gain":0.0,"event_name":"Ghosts","player_choice":"Became a Ghost","floor":21.0,"gold_loss":0.0,"damage_taken":0.0,"cards_obtained":["Ghostly","Ghostly","Ghostly"]},{"damage_healed":0.0,"max_hp_gain":0.0,"max_hp_loss":0.0,"gold_gain":0.0,"event_name":"Cursed Tome","player_choice":"Ignored","floor":22.0,"gold_loss":0.0,"damage_taken":0.0}],"is_beta":false,"boss_relics":[{"not_picked":["Busted Crown","Eternal Feather"],"picked":"Philosopher\u0027s Stone"}],"items_purged_floors":[],"is_endless":false,"potions_floor_spawned":[2,5,7,10,14,19],"killed_by":"Slavers","ascension_level":20}