{"gold_per_floor":[213,230,230,305,35,35,76,76,76,94,129,129,153,194,194,322,322,335,40,40],"floor_reached":20,"playtime":717,"items_purged":["Strike_R","Bash"],"score":344,"play_id":"7cc5e18e-a446-4009-a5f7-4da4c567c546","local_time":"20190207202438","is_ascension_mode":true,"campfire_choices":[{"data":"Bludgeon","floor":6.0,"key":"SMITH"},{"data":"Seeing Red","floor":12.0,"key":"SMITH"},{"data":"Pommel Strike","floor":15.0,"key":"SMITH"}],"neow_cost":"NONE","seed_source_timestamp":80476229425956,"circlet_count":0,"master_deck":["AscendersBane","Strike_R","Strike_R","Strike_R","Strike_R","Defend_R","Defend_R","Defend_R","Defend_R","Clothesline","Rage","Pommel Strike+1","Bludgeon+1","Seeing Red+1","Shrug It Off","Flex","Demon Form","Pommel Strike","Rage","Brutality","Infernal Blade"],"special_seed":0,"relics":["Burning Blood","Golden Idol","Peace Pipe","SsserpentHead","Pantograph","Red Skull","Bottled Tornado","Cursed Key","Brimstone"],"potions_floor_usage":[],"damage_taken":[{"damage":6.0,"enemies":"Cultist","floor":1.0,"turns":4.0},{"damage":4.0,"enemies":"2 Louse","floor":2.0,"turns":4.0},{"damage":8.0,"enemies":"Gremlin Nob","floor":7.0,"turns":3.0},{"damage":0.0,"enemies":"Small Slimes","floor":10.0,"turns":3.0},{"damage":32.0,"enemies":"Lagavulin","floor":11.0,"turns":4.0},{"damage":20.0,"enemies":"3 Louse","floor":13.0,"turns":4.0},{"damage":0.0,"enemies":"Gremlin Nob","floor":14.0,"turns":2.0},{"damage":34.0,"enemies":"Hexaghost","floor":16.0,"turns":8.0},{"damage":2.0,"enemies":"Spheric Guardian","floor":18.0,"turns":3.0},{"damage":70,"enemies":"3 Byrds","floor":20,"turns":3}],"seed_played":"-7052674876252539243","potions_obtained":[{"floor":2.0,"key":"BloodPotion"},{"floor":16.0,"key":"Ancient Potion"}],"is_trial":false,"path_per_floor":["M","M","?","?","$","R","E","?","T","M","E","R","M","E","R","B",null,"M","$","M"],"character_chosen":"IRONCLAD","items_purchased":["Pommel Strike","Bludgeon","Seeing Red","Brimstone"],"campfire_rested":0,"item_purchase_floors":[5,5,5,19],"current_hp_per_floor":[72,74,74,63,63,63,61,61,61,67,48,48,34,40,40,37,65,69,69,0],"gold":40,"neow_bonus":"HUNDRED_GOLD","is_prod":false,"is_daily":false,"chose_seed":false,"campfire_upgraded":3,"win_rate":0,"timestamp":1549589078,"path_taken":["M","?","?","?","$","R","E","?","T","M","E","R","M","E","R","BOSS","M","$","M"],"build_version":"2019-01-23","purchased_purges":2,"victory":false,"max_hp_per_floor":[80,80,74,74,74,74,74,74,74,74,74,74,74,74,74,74,74,74,74,74],"card_choices":[{"not_picked":["Havoc","Heavy Blade"],"picked":"Clothesline","floor":1.0},{"not_picked":["Iron Wave","Perfected Strike"],"picked":"Rage","floor":2.0},{"not_picked":["Headbutt","Sword Boomerang"],"picked":"Shrug It Off","floor":7.0},{"not_picked":["True Grit","Heavy Blade"],"picked":"Flex","floor":10.0},{"not_picked":["Combust","Bludgeon"],"picked":"Demon Form","floor":11.0},{"not_picked":["Thunderclap","Evolve"],"picked":"Pommel Strike","floor":13.0},{"not_picked":["Flex","Body Slam"],"picked":"Rage","floor":14.0},{"not_picked":["Impervious","Exhume"],"picked":"Brutality","floor":16.0},{"not_picked":["Heavy Blade","Wild Strike"],"picked":"Infernal Blade","floor":18}],"player_experience":378216,"relics_obtained":[{"floor":7.0,"key":"Peace Pipe"},{"floor":9.0,"key":"Pantograph"},{"floor":11.0,"key":"Red Skull"},{"floor":14.0,"key":"Bottled Tornado"}],"event_choices":[{"damage_healed":0.0,"max_hp_gain":0.0,"max_hp_loss":6.0,"gold_gain":0.0,"event_name":"Golden Idol","player_choice":"Lose Max HP","floor":3.0,"gold_loss":0.0,"damage_taken":0.0,"relics_obtained":["Golden Idol"]},{"damage_healed":0.0,"max_hp_gain":0.0,"max_hp_loss":0.0,"gold_gain":75.0,"event_name":"World of Goop","player_choice":"Gather Gold","floor":4.0,"gold_loss":0.0,"damage_taken":11.0},{"damage_healed":0.0,"max_hp_gain":0.0,"max_hp_loss":0.0,"gold_gain":0.0,"event_name":"FaceTrader","player_choice":"Trade","floor":8.0,"gold_loss":0.0,"damage_taken":0.0,"relics_obtained":["SsserpentHead"]}],"is_beta":false,"boss_relics":[{"not_picked":["Runic Pyramid","Runic Cube"],"picked":"Cursed Key"}],"items_purged_floors":[5,19],"is_endless":false,"potions_floor_spawned":[2,16],"killed_by":"3 Byrds","ascension_level":12}