{"gold_per_floor":[112,122,136,151,151,181,34,51,51,101,101],"floor_reached":11,"playtime":1070,"items_purged":[],"score":116,"play_id":"c73bda32-8ad9-47c6-ba85-13f9f06694f5","local_time":"20190205031212","is_ascension_mode":true,"campfire_choices":[],"neow_cost":"PERCENT_DAMAGE","seed_source_timestamp":190899065010942,"circlet_count":0,"master_deck":["AscendersBane","Strike_R","Strike_R","Strike_R","Defend_R","Defend_R","Defend_R","Bash","Flex","Shockwave","Seeing Red","Armaments","Corruption","Disarm"],"special_seed":0,"relics":["Burning Blood","SsserpentHead","Oddly Smooth Stone","Strange Spoon"],"potions_floor_usage":[11,11],"damage_taken":[{"damage":1.0,"enemies":"Cultist","floor":1.0,"turns":3.0},{"damage":7.0,"enemies":"2 Louse","floor":2.0,"turns":3.0},{"damage":8.0,"enemies":"Small Slimes","floor":3.0,"turns":4.0},{"damage":22.0,"enemies":"Exordium Wildlife","floor":4.0,"turns":6.0},{"damage":33.0,"enemies":"Lagavulin","floor":6.0,"turns":8.0},{"damage":0.0,"enemies":"Large Slime","floor":8.0,"turns":7.0},{"damage":17,"enemies":"Gremlin Nob","floor":11,"turns":3}],"seed_played":"-3993054872778546281","potions_obtained":[{"floor":1.0,"key":"Block Potion"},{"floor":4.0,"key":"Strength Potion"},{"floor":6.0,"key":"SpeedPotion"},{"floor":8.0,"key":"AttackPotion"}],"is_trial":false,"path_per_floor":["M","M","M","M","?","E","$","M","T","?","E"],"character_chosen":"IRONCLAD","items_purchased":["Strange Spoon"],"campfire_rested":0,"item_purchase_floors":[7],"current_hp_per_floor":[56,55,53,37,37,10,10,16,16,16,0],"gold":101,"neow_bonus":"REMOVE_TWO","is_prod":false,"is_daily":false,"chose_seed":false,"campfire_upgraded":0,"win_rate":0,"timestamp":1549354332,"path_taken":["M","M","?","M","?","E","?","M","T","?","E"],"build_version":"2019-01-23","purchased_purges":0,"victory":false,"max_hp_per_floor":[80,80,80,80,80,80,80,80,80,80,80],"card_choices":[{"not_picked":["Reckless Charge","Clothesline"],"picked":"Flex","floor":1.0},{"not_picked":["Havoc","Clothesline"],"picked":"Shockwave","floor":2.0},{"not_picked":["Wild Strike","Carnage"],"picked":"Seeing Red","floor":3.0},{"not_picked":["Burning Pact","Wild Strike"],"picked":"Armaments","floor":4.0},{"not_picked":["Exhume","Demon Form"],"picked":"Corruption","floor":6.0},{"not_picked":["Wild Strike","Shrug It Off"],"picked":"Disarm","floor":8.0}],"player_experience":353774,"relics_obtained":[{"floor":6.0,"key":"Oddly Smooth Stone"}],"event_choices":[{"damage_healed":0.0,"max_hp_gain":0.0,"max_hp_loss":0.0,"gold_gain":0.0,"event_name":"FaceTrader","player_choice":"Trade","floor":5.0,"gold_loss":0.0,"damage_taken":0.0,"relics_obtained":["SsserpentHead"]},{"cards_removed":["Strike_R"],"damage_healed":0.0,"max_hp_gain":0.0,"max_hp_loss":0.0,"gold_gain":0.0,"event_name":"Living Wall","player_choice":"Forget","floor":10.0,"gold_loss":0.0,"damage_taken":0.0}],"is_beta":false,"boss_relics":[],"items_purged_floors":[],"is_endless":false,"potions_floor_spawned":[1,4,6,8],"killed_by":"Gremlin Nob","ascension_level":11}