{"gold_per_floor":[114,38,52,69,69,69,99,99,126,155,155,189,207,207],"floor_reached":14,"playtime":521,"items_purged":[],"score":216,"play_id":"10523296-ecc6-4c47-b357-31c0cd60fcc2","local_time":"20190304022502","is_ascension_mode":true,"campfire_choices":[{"data":"Zap","floor":6,"key":"SMITH"},{"floor":8,"key":"REST"},{"floor":11,"key":"REST"}],"neow_cost":"PERCENT_DAMAGE","seed_source_timestamp":2219359151254499,"circlet_count":0,"master_deck":["AscendersBane","Strike_B","Strike_B","Strike_B","Strike_B","Defend_B","Defend_B","Defend_B","Defend_B","Zap+1","Dualcast","Violence","Mind Blast+1","Go for the Eyes","Doom and Gloom","Static Discharge","Rip and Tear","Glacier","Defragment","Consume"],"relics":["Cracked Core","Juzu Bracelet","Oddly Smooth Stone","Anchor","Singing Bowl"],"potions_floor_usage":[7,7,14],"damage_taken":[{"damage":1,"enemies":"Cultist","floor":1,"turns":4},{"damage":0,"enemies":"2 Louse","floor":3,"turns":2},{"damage":10,"enemies":"Small Slimes","floor":4,"turns":4},{"damage":13,"enemies":"3 Sentries","floor":7,"turns":5},{"damage":17,"enemies":"Lagavulin","floor":10,"turns":5},{"damage":2,"enemies":"3 Sentries","floor":12,"turns":7},{"damage":0,"enemies":"3 Louse","floor":13,"turns":2},{"damage":48,"enemies":"Gremlin Nob","floor":14,"turns":5}],"seed_played":"2509468929682285745","potions_obtained":[{"floor":1,"key":"Dexterity Potion"},{"floor":3,"key":"Fire Potion"},{"floor":12,"key":"Dexterity Potion"}],"is_trial":false,"path_per_floor":["M","$","M","M","?","R","E","R","T","E","R","E","M","E"],"character_chosen":"DEFECT","items_purchased":["Doom and Gloom"],"campfire_rested":2,"item_purchase_floors":[2],"current_hp_per_floor":[45,45,45,35,35,35,22,43,43,26,47,45,45,0],"gold":207,"neow_bonus":"RANDOM_COLORLESS_2","is_prod":false,"is_daily":false,"chose_seed":false,"campfire_upgraded":1,"win_rate":0,"timestamp":1551695102,"path_taken":["M","?","M","M","?","R","E","R","T","E","R","E","M","E"],"build_version":"2019-01-23","purchased_purges":0,"victory":false,"max_hp_per_floor":[71,71,71,71,71,71,71,71,71,71,71,71,71,71],"card_choices":[{"not_picked":["Static Discharge","Redo"],"picked":"Go for the Eyes","floor":1},{"not_picked":["Turbo","Go for the Eyes"],"picked":"Static Discharge","floor":3},{"not_picked":["Barrage","Undo"],"picked":"Rip and Tear","floor":4},{"not_picked":["Go for the Eyes","Rebound","Amplify"],"picked":"SKIP","floor":7},{"not_picked":["Leap","Rebound"],"picked":"Glacier","floor":10},{"not_picked":["Compile Driver","Leap"],"picked":"Defragment","floor":12},{"not_picked":["Coolheaded","Auto Shields"],"picked":"Consume","floor":13}],"player_experience":779908,"relics_obtained":[{"floor":7,"key":"Juzu Bracelet"},{"floor":9,"key":"Oddly Smooth Stone"},{"floor":10,"key":"Anchor"},{"floor":12,"key":"Singing Bowl"}],"event_choices":[{"damage_healed":0,"gold_gain":0,"player_choice":"Grow","damage_taken":0,"max_hp_gain":0,"max_hp_loss":0,"event_name":"Living Wall","floor":5,"gold_loss":0,"cards_upgraded":["Mind Blast"]}],"is_beta":false,"boss_relics":[],"items_purged_floors":[],"is_endless":false,"potions_floor_spawned":[1,3,12],"killed_by":"Gremlin Nob","ascension_level":20}