{"gold_per_floor":[110,110,125,136,136,136,147,56,56,67,82,82,34,34,34,135,135,152,164,179,199,215,215],"floor_reached":23,"playtime":2170,"items_purged":[],"score":187,"play_id":"701a6c01-b26b-429b-aea9-1fb7dc168939","local_time":"20190304171625","is_ascension_mode":false,"campfire_choices":[{"data":"Carnage","floor":6,"key":"SMITH"},{"data":"Flex","floor":12,"key":"SMITH"},{"floor":15,"key":"REST"}],"neow_cost":"","seed_source_timestamp":1333785955157,"circlet_count":0,"master_deck":["Strike_R","Strike_R","Strike_R","Strike_R","Strike_R","Defend_R","Defend_R","Defend_R","Defend_R","Bash","Warcry","Carnage+1","Headbutt","Clothesline+1","Flex+1","Corruption","Cleave+1","Sever Soul+1","Bludgeon+1","Clumsy","Injury","Writhe","Thunderclap+1","Anger+1","Iron Wave+1","Shockwave+1","Perfected Strike+1"],"relics":["Burning Blood","Ornamental Fan","Molten Egg 2","Calling Bell","Orichalcum","Paper Frog","Mango"],"potions_floor_usage":[3,7,16,16,16,23],"damage_taken":[{"damage":9,"enemies":"2 Louse","floor":1,"turns":4},{"damage":5,"enemies":"Cultist","floor":3,"turns":4},{"damage":6,"enemies":"Jaw Worm","floor":4,"turns":2},{"damage":13,"enemies":"Large Slime","floor":7,"turns":6},{"damage":13,"enemies":"3 Louse","floor":10,"turns":5},{"damage":13,"enemies":"Looter","floor":11,"turns":3},{"damage":67,"enemies":"The Guardian","floor":16,"turns":8},{"damage":33,"enemies":"3 Byrds","floor":18,"turns":6},{"damage":4,"enemies":"Spheric Guardian","floor":19,"turns":3},{"damage":30,"enemies":"Snake Plant","floor":20,"turns":3},{"damage":15,"enemies":"Snecko","floor":21,"turns":4},{"damage":15,"enemies":"3 Cultists","floor":22,"turns":5},{"damage":32,"enemies":"Slavers","floor":23,"turns":2}],"seed_played":"6478342907887720681","potions_obtained":[{"floor":1,"key":"EssenceOfSteel"},{"floor":2,"key":"SkillPotion"},{"floor":2,"key":"SneckoOil"},{"floor":2,"key":"Dexterity Potion"},{"floor":10,"key":"Energy Potion"},{"floor":11,"key":"Fire Potion"},{"floor":16,"key":"SteroidPotion"},{"floor":18,"key":"Ancient Potion"},{"floor":19,"key":"AttackPotion"}],"is_trial":false,"path_per_floor":["?","M","?","?","?"],"character_chosen":"IRONCLAD","items_purchased":["Flex","Corruption"],"campfire_rested":1,"item_purchase_floors":[8,8],"current_hp_per_floor":[77,77,78,78,71,71,64,64,64,57,50,50,50,50,74,13,94,67,69,45,36,27,0],"gold":215,"neow_bonus":"","is_prod":false,"is_daily":false,"chose_seed":false,"campfire_upgraded":2,"win_rate":0.0,"timestamp":1551716185,"path_taken":["M","?","M","?","?","R","M","$","T","M","M","R","?","?","R","BOSS","M","M","M","M","M","E"],"build_version":"2019-01-23","purchased_purges":0,"victory":false,"max_hp_per_floor":[80,80,80,80,80,80,80,80,80,80,80,80,80,80,80,80,94,94,94,94,94,94,94],"card_choices":[{"not_picked":["Bloodletting","Iron Wave"],"picked":"Warcry","floor":1},{"not_picked":["Thunderclap","True Grit"],"picked":"Carnage","floor":3},{"not_picked":["Combust","Ghostly Armor"],"picked":"Headbutt","floor":4},{"not_picked":["Headbutt","Whirlwind"],"picked":"Clothesline","floor":7},{"not_picked":["Perfected Strike+1","Twin Strike+1"],"picked":"Cleave+1","floor":10},{"not_picked":["Entrench","Infernal Blade"],"picked":"Sever Soul+1","floor":11},{"not_picked":["Feed+1","Reaper+1"],"picked":"Bludgeon+1","floor":16},{"not_picked":["Whirlwind+1","Body Slam+1"],"picked":"Thunderclap+1","floor":18},{"not_picked":["Iron Wave+1","Shrug It Off"],"picked":"Anger+1","floor":19},{"not_picked":["Warcry","Feel No Pain"],"picked":"Iron Wave+1","floor":20},{"not_picked":["Blood for Blood+1","Armaments"],"picked":"Shockwave+1","floor":21},{"not_picked":["Pommel Strike+1","Whirlwind+1"],"picked":"Perfected Strike+1","floor":22}],"player_experience":0,"relics_obtained":[{"floor":9,"key":"Molten Egg 2"},{"floor":17,"key":"Orichalcum"},{"floor":17,"key":"Paper Frog"},{"floor":17,"key":"Mango"}],"event_choices":[{"damage_healed":0,"gold_gain":0,"player_choice":"Got Potions","damage_taken":0,"max_hp_gain":0,"max_hp_loss":0,"event_name":"Lab","floor":2,"gold_loss":0},{"damage_healed":0,"gold_gain":0,"player_choice":"Success","damage_taken":7,"relics_obtained":["Ornamental Fan"],"max_hp_gain":0,"max_hp_loss":0,"event_name":"Scrap Ooze","floor":5,"gold_loss":0},{"damage_healed":0,"gold_gain":0,"player_choice":"Left Gold","damage_taken":0,"max_hp_gain":0,"max_hp_loss":0,"event_name":"World of Goop","floor":13,"gold_loss":48},{"damage_healed":0,"gold_gain":0,"player_choice":"Grow","damage_taken":0,"max_hp_gain":0,"max_hp_loss":0,"event_name":"Living Wall","floor":14,"gold_loss":0,"cards_upgraded":["Clothesline"]}],"is_beta":false,"boss_relics":[{"not_picked":["Orrery","Cursed Key"],"picked":"Calling Bell"}],"items_purged_floors":[],"is_endless":false,"potions_floor_spawned":[1,10,11,16,18,19],"killed_by":"Slavers","ascension_level":0}