{"gold_per_floor":[109,109,34,54,129,129,129,146,146,146,46,75,89,114,114,212,212,229,229,144,160,160,160,188,36,36,36,64,77,30,55,55,160,160,170,220,235,35,135,135,108,122,146,146,146,162,162,180,180,180,180,180,13,42,42],"floor_reached":55,"playtime":13929,"items_purged":["Strike_B","Defend_B","Defend_B","Defend_B"],"score":926,"play_id":"382d2629-def0-4960-9790-79b704656bb5","local_time":"20181108033043","is_ascension_mode":true,"campfire_choices":[{"data":"Zap","floor":6,"key":"SMITH"},{"floor":10,"key":"REST"},{"floor":15,"key":"REST"},{"data":"Coolheaded","floor":23,"key":"SMITH"},{"data":"Coolheaded","floor":27,"key":"SMITH"},{"floor":32,"key":"REST"},{"floor":40,"key":"REST"},{"floor":45,"key":"RECALL"},{"floor":49,"key":"REST"},{"data":"Hologram","floor":52,"key":"SMITH"}],"neow_cost":"CURSE","seed_source_timestamp":2387308704943328,"circlet_count":0,"master_deck":["Strike_B","Strike_B","Strike_B+1","Defend_B","Zap+1","Dualcast","Coolheaded+1","Go for the Eyes","Coolheaded+1","BootSequence","Blizzard","Reboot","Seek","Conserve Battery+1","Electrodynamics","Coolheaded+1","Rebound+1","Hello World+1","Cold Snap","Undo","Fusion+1","Machine Learning","Redo+1","Turbo+1","Double Energy+1","Turbo","Beam Cell+1","Glacier+1","Hologram+1","Go for the Eyes+1","Reboot","Writhe","Coolheaded+1","Cold Snap+1","Recycle","Flash of Steel","Loop+1"],"relics":["Cracked Core","Nunchaku","Gremlin Horn","Darkstone Periapt","Bag of Marbles","Nuclear Battery","Shuriken","Strawberry","Mango","Dream Catcher","Bronze Scales","Philosopher\u0027s Stone","Ice Cream","Pocketwatch","StoneCalendar"],"potions_floor_usage":[14,14,36,46,48,55,55],"damage_taken":[{"damage":9,"enemies":"Jaw Worm","floor":1,"turns":4},{"damage":0,"enemies":"Small Slimes","floor":4,"turns":3},{"damage":0,"enemies":"Cultist","floor":8,"turns":3},{"damage":40,"enemies":"Gremlin Nob","floor":12,"turns":5},{"damage":6,"enemies":"Blue Slaver","floor":13,"turns":3},{"damage":4,"enemies":"3 Sentries","floor":14,"turns":4},{"damage":33,"enemies":"Slime Boss","floor":16,"turns":11},{"damage":7,"enemies":"2 Thieves","floor":18,"turns":4},{"damage":3,"enemies":"3 Byrds","floor":21,"turns":4},{"damage":1,"enemies":"Gremlin Leader","floor":24,"turns":7},{"damage":21,"enemies":"Slavers","floor":28,"turns":4},{"damage":3,"enemies":"Shelled Parasite and Fungi","floor":29,"turns":6},{"damage":1,"enemies":"Gremlin Leader","floor":31,"turns":5},{"damage":39,"enemies":"Automaton","floor":33,"turns":9},{"damage":0,"enemies":"3 Darklings","floor":35,"turns":3},{"damage":16,"enemies":"2 Orb Walkers","floor":36,"turns":5},{"damage":18,"enemies":"3 Shapes","floor":37,"turns":4},{"damage":20,"enemies":"Mind Bloom Boss Battle","floor":39,"turns":8},{"damage":11,"enemies":"Writhing Mass","floor":42,"turns":6},{"damage":18,"enemies":"Spire Growth","floor":46,"turns":5},{"damage":0,"enemies":"Transient","floor":48,"turns":5},{"damage":54,"enemies":"Donu and Deca","floor":50,"turns":9},{"damage":38,"enemies":"Shield and Spear","floor":54,"turns":8},{"damage":75,"enemies":"The Heart","floor":55,"turns":5}],"seed_played":"-1914212176744975657","potions_obtained":[{"floor":8,"key":"SteroidPotion"},{"floor":13,"key":"Energy Potion"},{"floor":16,"key":"GamblersBrew"},{"floor":18,"key":"Poison Potion"},{"floor":21,"key":"FearPotion"},{"floor":24,"key":"SpeedPotion"},{"floor":33,"key":"Swift Potion"},{"floor":37,"key":"SneckoOil"},{"floor":39,"key":"SkillPotion"},{"floor":42,"key":"Block Potion"},{"floor":46,"key":"FairyPotion"},{"floor":54,"key":"Weak Potion"}],"is_trial":false,"path_per_floor":["M","?","$","M","?","R","?","M","T","R","$","E","M","E","R","B",null,"M","?","?","M","?","R","E","$","T","R","E","M","$","E","R","B",null,"M","?","M","$","?","R","$","M","T","$","R","M","?","M","R","B",null,"R","$","E","B"],"character_chosen":"DEFECT","items_purchased":["Coolheaded","Cold Snap","Turbo","Hologram","Recycle","Flash of Steel"],"campfire_rested":5,"item_purchase_floors":[25,30,38,41,53,53],"current_hp_per_floor":[66,66,66,66,55,55,40,40,40,62,62,22,16,12,34,1,75,68,68,68,65,65,65,71,71,85,85,64,61,61,60,88,49,96,96,80,62,62,42,70,70,59,59,59,59,41,71,71,101,47,102,102,102,64,0],"gold":42,"neow_bonus":"ONE_RARE_RELIC","is_prod":false,"is_daily":false,"chose_seed":false,"campfire_upgraded":4,"win_rate":0,"timestamp":1541644243,"path_taken":["M","?","$","M","?","R","?","M","T","R","?","E","?","E","R","BOSS","M","?","?","M","?","R","E","$","T","R","E","M","$","E","R","BOSS","M","?","M","$","?","R","?","?","T","$","R","M","?","M","R","BOSS","R","$","E","BOSS"],"build_version":"2018-11-06","purchased_purges":4,"victory":false,"max_hp_per_floor":[75,75,75,75,75,75,75,75,75,75,75,75,75,75,75,75,75,75,75,75,75,75,75,82,82,96,96,96,96,96,96,96,96,96,96,96,96,96,96,96,96,96,96,96,96,96,102,102,102,102,102,102,102,102,102],"card_choices":[{"not_picked":["Stack","Gash"],"picked":"Coolheaded","floor":1},{"not_picked":["Redo","Leap"],"picked":"Go for the Eyes","floor":4},{"not_picked":["Force Field","Heatsinks"],"picked":"Coolheaded","floor":8},{"not_picked":["Force Field","Stack"],"picked":"BootSequence","floor":12},{"not_picked":["Leap","Hello World"],"picked":"Blizzard","floor":13},{"not_picked":["Conserve Battery","Ball Lightning"],"picked":"Reboot","floor":14},{"not_picked":["Echo Form","Biased Cognition"],"picked":"Seek","floor":16},{"not_picked":["Chaos","BootSequence","Scrape"],"picked":"SKIP","floor":18},{"not_picked":["Loop","Gash+1"],"picked":"Conserve Battery+1","floor":21},{"not_picked":["Hologram","White Noise+1"],"picked":"Electrodynamics","floor":24},{"not_picked":["Consume","Force Field+1"],"picked":"Rebound+1","floor":28},{"not_picked":["Hologram","Compile Driver"],"picked":"Hello World+1","floor":29},{"not_picked":["Reprogram","Barrage"],"picked":"Undo","floor":31},{"not_picked":["Steam+1","Streamline"],"picked":"Fusion+1","floor":32},{"not_picked":["Biased Cognition","Multi-Cast"],"picked":"Machine Learning","floor":33},{"not_picked":["Barrage","Skim"],"picked":"Redo+1","floor":35},{"not_picked":["Cold Snap+1","Leap+1"],"picked":"Turbo+1","floor":36},{"not_picked":["Stack+1","Storm+1"],"picked":"Double Energy+1","floor":37},{"not_picked":["FTL","Stack+1"],"picked":"Beam Cell+1","floor":39},{"not_picked":["Steam+1","Reprogram+1"],"picked":"Glacier+1","floor":40},{"not_picked":["Compile Driver+1","Gash"],"picked":"Go for the Eyes+1","floor":42},{"not_picked":["Go for the Eyes","Sunder"],"picked":"Reboot","floor":46},{"not_picked":["Sweeping Beam+1","Turbo+1"],"picked":"Coolheaded+1","floor":48},{"not_picked":["Reinforced Body","Gash+1"],"picked":"Cold Snap+1","floor":49},{"not_picked":["Stack","Steam+1"],"picked":"Loop+1","floor":54}],"player_experience":282702,"relics_obtained":[{"floor":9,"key":"Gremlin Horn"},{"floor":12,"key":"Darkstone Periapt"},{"floor":14,"key":"Bag of Marbles"},{"floor":24,"key":"Strawberry"},{"floor":26,"key":"Mango"},{"floor":28,"key":"Dream Catcher"},{"floor":31,"key":"Bronze Scales"},{"floor":36,"key":"Ice Cream"},{"floor":39,"key":"Pocketwatch"},{"floor":54,"key":"StoneCalendar"}],"event_choices":[{"cards_removed":["Doubt"],"damage_healed":0,"gold_gain":0,"player_choice":"Forget","damage_taken":0,"max_hp_gain":0,"max_hp_loss":0,"event_name":"Living Wall","floor":2,"gold_loss":0},{"damage_healed":0,"gold_gain":75,"player_choice":"Gather Gold","damage_taken":11,"max_hp_gain":0,"max_hp_loss":0,"event_name":"World of Goop","floor":5,"gold_loss":0},{"damage_healed":0,"gold_gain":0,"player_choice":"Entered Light","damage_taken":15,"max_hp_gain":0,"max_hp_loss":0,"event_name":"Shining Light","floor":7,"gold_loss":0,"cards_upgraded":["Coolheaded","Strike_B"]},{"damage_healed":0,"gold_gain":0,"player_choice":"Ignored","damage_taken":0,"max_hp_gain":0,"max_hp_loss":0,"event_name":"Vampires","floor":19,"gold_loss":0},{"damage_healed":0,"gold_gain":0,"player_choice":"Obtained Relic","damage_taken":0,"relics_obtained":["Shuriken"],"max_hp_gain":0,"max_hp_loss":0,"event_name":"Addict","floor":20,"gold_loss":85},{"damage_healed":0,"gold_gain":0,"player_choice":"Ignored","damage_taken":0,"max_hp_gain":0,"max_hp_loss":0,"event_name":"Ghosts","floor":22,"gold_loss":0},{"damage_healed":0,"gold_gain":0,"player_choice":"Fight","damage_taken":0,"max_hp_gain":0,"max_hp_loss":0,"event_name":"Mysterious Sphere","floor":36,"gold_loss":0},{"damage_healed":0,"gold_gain":0,"player_choice":"Fight","damage_taken":0,"max_hp_gain":0,"max_hp_loss":0,"event_name":"MindBloom","floor":39,"gold_loss":0},{"damage_healed":24,"gold_gain":0,"player_choice":"Writhe","damage_taken":0,"max_hp_gain":0,"max_hp_loss":0,"event_name":"Winding Halls","floor":47,"gold_loss":0,"cards_obtained":["Writhe"]}],"is_beta":true,"boss_relics":[{"not_picked":["Runic Dome","Lizard Tail"],"picked":"Nuclear Battery"},{"not_picked":["Empty Cage","Runic Pyramid"],"picked":"Philosopher\u0027s Stone"}],"items_purged_floors":[3,11,25,38],"is_endless":false,"potions_floor_spawned":[8,13,16,18,21,24,31,33,37,39,42,46,54],"killed_by":"The Heart","ascension_level":4}