{"gold_per_floor":[113,128,7,7,31,75,75,116,140,27,70,86,86,109,109,235,235,253,45,45,64,64,64,98,122,122,122],"floor_reached":27,"playtime":3797,"items_purged":["Strike_G","Strike_G"],"score":276,"play_id":"da17f23b-9f7b-46ac-9aa5-1fa6cae1f466","local_time":"20190308125915","is_ascension_mode":true,"campfire_choices":[{"floor":7,"key":"REST"},{"floor":13,"key":"REST"},{"floor":15,"key":"REST"},{"floor":23,"key":"REST"}],"neow_cost":"NONE","seed_source_timestamp":594859108726236,"circlet_count":0,"master_deck":["Defend_G","Defend_G","Defend_G","Defend_G","Strike_G","Survivor","Neutralize","Acrobatics","Quick Slash","Underhanded Strike","Dagger Throw","Corpse Explosion","Outmaneuver","Well Laid Plans","Crippling Poison","Poisoned Stab","Underhanded Strike","Phantasmal Killer","Venomology+1","Flying Knee+1","Endless Agony+1","Eviscerate","Footwork","All Out Attack"],"relics":["Ring of the Snake","NeowsBlessing","Golden Idol","Potion Belt","Orichalcum","Pen Nib","Astrolabe","Tingsha","Bottled Lightning","Vajra"],"potions_floor_usage":[6,14,16,16,24,24,24,25,27],"damage_taken":[{"damage":0,"enemies":"Cultist","floor":1,"turns":1},{"damage":0,"enemies":"2 Louse","floor":2,"turns":1},{"damage":0,"enemies":"Small Slimes","floor":5,"turns":1},{"damage":53,"enemies":"3 Sentries","floor":6,"turns":16},{"damage":23,"enemies":"Gremlin Nob","floor":8,"turns":5},{"damage":8,"enemies":"3 Sentries","floor":11,"turns":3},{"damage":4,"enemies":"Blue Slaver","floor":12,"turns":3},{"damage":0,"enemies":"2 Fungi Beasts","floor":14,"turns":2},{"damage":41,"enemies":"The Guardian","floor":16,"turns":9},{"damage":26,"enemies":"Shell Parasite","floor":18,"turns":6},{"damage":21,"enemies":"Spheric Guardian","floor":21,"turns":5},{"damage":21,"enemies":"Book of Stabbing","floor":24,"turns":5},{"damage":0,"enemies":"Cultist and Chosen","floor":25,"turns":4},{"damage":30,"enemies":"Snake Plant","floor":27,"turns":5}],"seed_played":"4891911454912671176","potions_obtained":[{"floor":5,"key":"Regen Potion"},{"floor":8,"key":"SteroidPotion"},{"floor":11,"key":"LiquidBronze"},{"floor":12,"key":"Explosive Potion"},{"floor":21,"key":"Dexterity Potion"},{"floor":24,"key":"Explosive Potion"}],"is_trial":false,"path_per_floor":["M","M","$","?","M","E","R","E","T","$","E","M","R","M","R","B",null,"M","$","?","M","?","R","E","M","T","M"],"character_chosen":"THE_SILENT","items_purchased":["Underhanded Strike","Well Laid Plans","Crippling Poison","Eviscerate","Footwork"],"campfire_rested":4,"item_purchase_floors":[3,10,10,19,19],"current_hp_per_floor":[70,70,70,53,53,15,36,13,13,13,5,1,22,22,43,2,70,44,44,44,23,23,44,23,23,23,0],"gold":122,"neow_bonus":"THREE_ENEMY_KILL","is_prod":false,"is_daily":false,"chose_seed":false,"campfire_upgraded":0,"win_rate":0,"timestamp":1552060755,"path_taken":["M","M","?","?","M","E","R","E","T","$","E","M","R","M","R","BOSS","M","$","?","M","?","R","E","M","T","M"],"build_version":"2019-01-23","purchased_purges":2,"victory":false,"max_hp_per_floor":[70,70,70,70,70,70,70,70,70,70,70,70,70,70,70,70,70,70,70,70,70,70,70,70,70,70,70],"card_choices":[{"not_picked":["Bane","Predator"],"picked":"Acrobatics","floor":1},{"not_picked":["Dodge and Roll","Prepared"],"picked":"Quick Slash","floor":2},{"not_picked":["Expertise","Calculated Gamble"],"picked":"Dagger Throw","floor":5},{"not_picked":["Dash","Quick Slash"],"picked":"Corpse Explosion","floor":6},{"not_picked":["Masterful Stab","Backstab"],"picked":"Outmaneuver","floor":8},{"not_picked":["Deadly Poison","PiercingWail"],"picked":"Poisoned Stab","floor":11},{"not_picked":["Quick Slash","Masterful Stab","Backflip"],"picked":"SKIP","floor":12},{"not_picked":["Dodge and Roll","Outmaneuver"],"picked":"Underhanded Strike","floor":14},{"not_picked":["Grand Finale","Storm of Steel"],"picked":"Phantasmal Killer","floor":16},{"not_picked":["Acrobatics","Sucker Punch+1","Terror"],"picked":"SKIP","floor":18},{"not_picked":["Reflex","Slice"],"picked":"All Out Attack","floor":21},{"not_picked":["Slice","Flying Knee","Cloak And Dagger"],"picked":"SKIP","floor":24},{"not_picked":["Dagger Throw","Flying Knee","Cloak And Dagger"],"picked":"SKIP","floor":25}],"player_experience":165749,"relics_obtained":[{"floor":6,"key":"Potion Belt"},{"floor":8,"key":"Orichalcum"},{"floor":11,"key":"Pen Nib"},{"floor":24,"key":"Bottled Lightning"},{"floor":26,"key":"Vajra"}],"event_choices":[{"damage_healed":0,"gold_gain":0,"player_choice":"Take Damage","damage_taken":17,"relics_obtained":["Golden Idol"],"max_hp_gain":0,"max_hp_loss":0,"event_name":"Golden Idol","floor":4,"gold_loss":0},{"damage_healed":0,"gold_gain":0,"player_choice":"Ignored","damage_taken":0,"max_hp_gain":0,"max_hp_loss":0,"event_name":"Ghosts","floor":20,"gold_loss":0},{"damage_healed":0,"gold_gain":0,"player_choice":"Opened","damage_taken":0,"relics_obtained":["Tingsha"],"max_hp_gain":0,"max_hp_loss":0,"event_name":"The Mausoleum","floor":22,"gold_loss":0}],"is_beta":false,"boss_relics":[{"not_picked":["Fusion Hammer","White Beast Statue"],"picked":"Astrolabe"}],"items_purged_floors":[3,19],"is_endless":false,"potions_floor_spawned":[5,8,11,12,21,24],"killed_by":"Snake Plant","ascension_level":2}