{"gold_per_floor":[111,111,286,300,45,80,91,101,154,154,187,262,90,108,108,211,211,228,303,43,58,70,36,36,50,95,112,37,51,51,62,62,164,164,180,9,9,24,24,52,65,24,24,38,49,49,60,60,60,60],"floor_reached":50,"playtime":3944,"items_purged":["Doubt","Strike_B","Strike_B"],"score":608,"play_id":"b76c846a-0dd0-42d5-852f-d7e54cc7d275","local_time":"20181106221751","is_ascension_mode":true,"campfire_choices":[{"floor":10,"key":"REST"},{"floor":15,"key":"REST"},{"floor":24,"key":"REST"},{"floor":30,"key":"REST"},{"floor":32,"key":"REST"},{"floor":49,"key":"RECALL"}],"neow_cost":"NONE","seed_source_timestamp":2292842304468029,"circlet_count":0,"master_deck":["Strike_B+1","Defend_B+1","Defend_B+1","Defend_B+1","Defend_B+1","Zap+1","Dualcast+1","Recycle+1","Cold Snap+1","Streamline+1","Sweeping Beam+1","Tempest+1","Streamline+1","Cold Snap+1","Lockon+1","Scrape+1","Electrodynamics+1","Beam Cell+1","Reboot+1","Reinforced Body+1","Go for the Eyes+1","Redo+1","Multi-Cast+1","Steam+1","Melter+1","Flash of Steel+1","Beam Cell+1","Zap+1","Self Repair","Redo+1"],"relics":["Cracked Core","Pantograph","DataDisk","Anchor","Vajra","Matryoshka","Busted Crown","Omamori","Runic Pyramid","Mark of the Bloom","Letter Opener","Smiling Mask","Calipers"],"potions_floor_usage":[6,16,31,31,33,35,44,50,50],"damage_taken":[{"damage":1,"enemies":"2 Louse","floor":1,"turns":2},{"damage":4,"enemies":"Jaw Worm","floor":4,"turns":4},{"damage":11,"enemies":"3 Sentries","floor":6,"turns":5},{"damage":0,"enemies":"Cultist","floor":7,"turns":2},{"damage":3,"enemies":"Blue Slaver","floor":8,"turns":3},{"damage":16,"enemies":"Gremlin Nob","floor":11,"turns":3},{"damage":0,"enemies":"3 Louse","floor":14,"turns":2},{"damage":19,"enemies":"The Guardian","floor":16,"turns":8},{"damage":12,"enemies":"2 Thieves","floor":18,"turns":3},{"damage":11,"enemies":"Shell Parasite","floor":21,"turns":3},{"damage":27,"enemies":"Snake Plant","floor":22,"turns":4},{"damage":7,"enemies":"Centurion and Healer","floor":25,"turns":4},{"damage":10,"enemies":"Snecko","floor":27,"turns":4},{"damage":13,"enemies":"Sentry and Sphere","floor":29,"turns":4},{"damage":10,"enemies":"Snake Plant","floor":31,"turns":3},{"damage":65,"enemies":"Champ","floor":33,"turns":9},{"damage":11,"enemies":"3 Darklings","floor":35,"turns":3},{"damage":12,"enemies":"3 Shapes","floor":38,"turns":3},{"damage":26,"enemies":"Nemesis","floor":40,"turns":5},{"damage":0,"enemies":"Transient","floor":41,"turns":5},{"damage":0,"enemies":"4 Shapes","floor":44,"turns":2},{"damage":0,"enemies":"Maw","floor":45,"turns":5},{"damage":0,"enemies":"Jaw Worm Horde","floor":47,"turns":3},{"damage":26,"enemies":"Awakened One","floor":50,"turns":4}],"seed_played":"2045160041985771633","potions_obtained":[{"floor":1,"key":"Explosive Potion"},{"floor":7,"key":"AttackPotion"},{"floor":16,"key":"SteroidPotion"},{"floor":22,"key":"EssenceOfSteel"},{"floor":25,"key":"GamblersBrew"},{"floor":29,"key":"EssenceOfSteel"},{"floor":33,"key":"SkillPotion"},{"floor":35,"key":"Poison Potion"},{"floor":41,"key":"Regen Potion"},{"floor":44,"key":"Energy Potion"}],"is_trial":false,"path_per_floor":["M","?","?","M","$","E","M","M","T","R","E","?","$","M","R","B",null,"M","?","$","M","M","$","R","M","T","M","?","M","R","M","R","B",null,"M","$","?","M","?","E","M","$","T","M","M","?","M","?","R","B"],"character_chosen":"DEFECT","items_purchased":["Streamline","DataDisk","Lockon","Reboot","Reinforced Body","Melter","Flash of Steel","Self Repair"],"campfire_rested":5,"item_purchase_floors":[5,5,13,20,23,36,36,42],"current_hp_per_floor":[74,49,49,45,45,34,34,31,31,53,37,26,26,26,48,54,75,63,56,56,45,18,18,40,33,33,23,23,10,32,22,44,4,75,64,64,64,52,52,26,26,26,26,26,26,26,26,26,26,0],"gold":60,"neow_bonus":"UPGRADE_CARD","is_prod":false,"is_daily":false,"chose_seed":false,"campfire_upgraded":0,"win_rate":0,"timestamp":1541539071,"path_taken":["M","?","?","M","?","E","M","M","T","R","E","?","$","M","R","BOSS","M","?","$","?","M","$","R","M","T","M","?","M","R","M","R","BOSS","M","$","?","?","?","E","M","?","T","M","?","?","M","?","R","BOSS"],"build_version":"2018-11-05","purchased_purges":3,"victory":false,"max_hp_per_floor":[75,75,75,75,75,75,75,75,75,75,75,75,75,75,75,75,75,75,75,75,75,75,75,75,75,75,75,75,75,75,75,75,75,75,75,75,75,75,75,75,75,75,75,75,75,75,75,75,75,75],"card_choices":[{"not_picked":["Heatsinks","Beam Cell"],"picked":"Recycle","floor":1},{"not_picked":["Skim","Undo"],"picked":"Cold Snap","floor":4},{"not_picked":["Skim","Turbo"],"picked":"Sweeping Beam","floor":6},{"not_picked":["Turbo","Sweeping Beam"],"picked":"Tempest","floor":7},{"not_picked":["Redo","Ball Lightning"],"picked":"Streamline","floor":8},{"not_picked":["Compile Driver","Hologram"],"picked":"Cold Snap","floor":11},{"not_picked":["Biased Cognition","Blizzard"],"picked":"Scrape","floor":14},{"not_picked":["Buffer","Seek"],"picked":"Electrodynamics","floor":16},{"not_picked":[],"picked":"Beam Cell+1","floor":18},{"not_picked":["Compile Driver"],"picked":"SKIP","floor":21},{"not_picked":["Barrage"],"picked":"SKIP","floor":22},{"not_picked":[],"picked":"Go for the Eyes","floor":25},{"not_picked":[],"picked":"Redo+1","floor":27},{"not_picked":["Aggregate"],"picked":"SKIP","floor":29},{"not_picked":["Compile Driver"],"picked":"SKIP","floor":31},{"not_picked":[],"picked":"Multi-Cast","floor":33},{"not_picked":[],"picked":"Steam","floor":35},{"not_picked":["Compile Driver"],"picked":"SKIP","floor":38},{"not_picked":["Leap"],"picked":"SKIP","floor":40},{"not_picked":["Barrage+1"],"picked":"SKIP","floor":41},{"not_picked":["Stack"],"picked":"SKIP","floor":44},{"not_picked":["Conserve Battery"],"picked":"SKIP","floor":45},{"not_picked":[],"picked":"Redo+1","floor":47}],"player_experience":259564,"relics_obtained":[{"floor":6,"key":"Anchor"},{"floor":9,"key":"Vajra"},{"floor":11,"key":"Matryoshka"},{"floor":26,"key":"Omamori"},{"floor":40,"key":"Letter Opener"},{"floor":43,"key":"Smiling Mask"},{"floor":43,"key":"Calipers"}],"event_choices":[{"damage_healed":0,"gold_gain":0,"player_choice":"Success","damage_taken":25,"relics_obtained":["Pantograph"],"max_hp_gain":0,"max_hp_loss":0,"event_name":"Scrap Ooze","floor":2,"gold_loss":0},{"damage_healed":0,"gold_gain":175,"player_choice":"AGREE","damage_taken":0,"max_hp_gain":0,"max_hp_loss":0,"event_name":"Liars Game","floor":3,"gold_loss":0,"cards_obtained":["Doubt"]},{"damage_healed":0,"gold_gain":75,"player_choice":"Gather Gold","damage_taken":11,"max_hp_gain":0,"max_hp_loss":0,"event_name":"World of Goop","floor":12,"gold_loss":0},{"damage_healed":0,"gold_gain":75,"player_choice":"Touch","damage_taken":7,"max_hp_gain":0,"max_hp_loss":0,"event_name":"FaceTrader","floor":19,"gold_loss":0},{"cards_removed":["Strike_B"],"damage_healed":0,"gold_gain":0,"player_choice":"Gave Gold","damage_taken":0,"max_hp_gain":0,"max_hp_loss":0,"event_name":"Beggar","floor":28,"gold_loss":75},{"damage_healed":0,"gold_gain":0,"player_choice":"2 cards matched","damage_taken":0,"max_hp_gain":0,"max_hp_loss":0,"event_name":"Match and Keep!","floor":37,"gold_loss":0,"cards_obtained":["Beam Cell","Zap"]},{"damage_healed":0,"gold_gain":0,"player_choice":"Upgrade","damage_taken":0,"relics_obtained":["Mark of the Bloom"],"max_hp_gain":0,"max_hp_loss":0,"event_name":"MindBloom","floor":39,"gold_loss":0,"cards_upgraded":["Strike_B","Defend_B","Defend_B","Defend_B","Defend_B","Dualcast","Recycle","Cold Snap","Streamline","Sweeping Beam","Tempest","Streamline","Cold Snap","Lockon","Scrape","Electrodynamics","Reboot","Reinforced Body","Go for the Eyes","Multi-Cast","Steam","Melter","Flash of Steel","Beam Cell","Zap"]},{"damage_healed":0,"gold_gain":0,"player_choice":"Ignored","damage_taken":0,"max_hp_gain":0,"max_hp_loss":0,"event_name":"The Moai Head","floor":46,"gold_loss":0},{"damage_healed":0,"gold_gain":0,"player_choice":"Ignored","damage_taken":0,"max_hp_gain":0,"max_hp_loss":0,"event_name":"SecretPortal","floor":48,"gold_loss":0}],"is_beta":true,"boss_relics":[{"not_picked":["FrozenCore","Inserter"],"picked":"Busted Crown"},{"not_picked":["Pandora\u0027s Box","Astrolabe"],"picked":"Runic Pyramid"}],"items_purged_floors":[5,13,20],"is_endless":false,"potions_floor_spawned":[1,7,16,22,25,29,33,35,41,44],"killed_by":"Awakened One","ascension_level":4}