{"gold_per_floor":[111,130,145,35,53,53,80,80,80,100,80,32,32,32,32,127,127],"floor_reached":17,"playtime":673,"items_purged":["Strike_B"],"score":155,"play_id":"65c3ddb8-45eb-4e10-bbb9-6e31b01d9ddd","local_time":"20190205232713","is_ascension_mode":false,"campfire_choices":[{"data":"Defragment","floor":6,"key":"SMITH"},{"floor":8,"key":"REST"},{"floor":13,"key":"REST"},{"data":"Hello World","floor":15,"key":"SMITH"}],"neow_cost":"NONE","seed_source_timestamp":4442196256706130,"circlet_count":0,"master_deck":["Strike_B","Strike_B","Strike_B","Defend_B","Defend_B","Defend_B","Defend_B","Zap","Dualcast","Sweeping Beam","Gash","Hologram","Leap","Defragment+1","Capacitor","Hello World+1","BootSequence","Coolheaded","Electrodynamics"],"relics":["Cracked Core","Ancient Tea Set","Juzu Bracelet"],"potions_floor_usage":[],"damage_taken":[{"damage":2,"enemies":"2 Louse","floor":1,"turns":3},{"damage":6,"enemies":"Jaw Worm","floor":2,"turns":4},{"damage":1,"enemies":"Cultist","floor":3,"turns":4},{"damage":7,"enemies":"Exordium Thugs","floor":5,"turns":5},{"damage":36,"enemies":"3 Sentries","floor":7,"turns":9},{"damage":8,"enemies":"Red Slaver","floor":10,"turns":4},{"damage":27,"enemies":"Hexaghost","floor":16,"turns":11}],"seed_played":"5505417763015820425","potions_obtained":[{"floor":1,"key":"Strength Potion"},{"floor":16,"key":"EssenceOfSteel"}],"is_trial":false,"path_per_floor":["M","M","M","$","M","R","E","R","T","M","?","$","R","$","R","B",null],"character_chosen":"DEFECT","items_purchased":["Defragment","Coolheaded"],"campfire_rested":2,"item_purchase_floors":[4,12],"current_hp_per_floor":[73,67,66,66,59,59,23,45,45,37,37,37,59,59,59,32,32],"gold":127,"neow_bonus":"THREE_CARDS","is_prod":false,"is_daily":false,"chose_seed":false,"campfire_upgraded":2,"win_rate":0,"timestamp":1549427233,"path_taken":["M","M","M","$","M","R","E","R","T","M","?","$","R","$","R","BOSS"],"build_version":"2019-01-23","purchased_purges":1,"victory":false,"max_hp_per_floor":[75,75,75,75,75,75,75,75,75,75,75,75,75,75,75,75,75],"card_choices":[{"not_picked":["FTL","Compile Driver"],"picked":"Sweeping Beam","floor":0},{"not_picked":["Skim","Cold Snap"],"picked":"Gash","floor":1},{"not_picked":["Melter","Redo"],"picked":"Hologram","floor":2},{"not_picked":["Sweeping Beam","Go for the Eyes"],"picked":"Leap","floor":3},{"not_picked":["Compile Driver","Fusion"],"picked":"Capacitor","floor":5},{"not_picked":["Consume","Undo"],"picked":"Hello World","floor":7},{"not_picked":["Force Field","Compile Driver"],"picked":"BootSequence","floor":10},{"not_picked":["All For One","Rainbow"],"picked":"Electrodynamics","floor":16}],"player_experience":64593,"relics_obtained":[{"floor":7,"key":"Ancient Tea Set"},{"floor":9,"key":"Juzu Bracelet"}],"event_choices":[{"damage_healed":0,"gold_gain":0,"player_choice":"Left Gold","damage_taken":0,"max_hp_gain":0,"max_hp_loss":0,"event_name":"World of Goop","floor":11,"gold_loss":20}],"is_beta":false,"boss_relics":[],"items_purged_floors":[4],"is_endless":false,"potions_floor_spawned":[1,16],"ascension_level":0}