{"gold_per_floor":[113,124,43,193,203,203,213,223,305,305,43,62,96,46,46,122,122,137,137,56,73,5,5,31,31,56,70,70,9,9,27,27,104,104,122,26,26,41,51,51,64,164,164,164,164,184,196,20,20,20],"floor_reached":50,"playtime":1586,"items_purged":["Doubt","Strike_B","Strike_B","Zap"],"score":974,"play_id":"7724201a-14ff-4b5b-95ad-8d984386f3fa","local_time":"20190121223631","is_ascension_mode":true,"campfire_choices":[{"data":"Sunder","floor":6,"key":"SMITH"},{"floor":10,"key":"REST"},{"data":"Storm","floor":15,"key":"SMITH"},{"floor":23,"key":"REST"},{"floor":25,"key":"REST"},{"data":"Buffer","floor":30,"key":"SMITH"},{"data":"Amplify","floor":32,"key":"SMITH"},{"floor":40,"key":"REST"},{"floor":44,"key":"REST"},{"floor":49,"key":"REST"}],"neow_cost":"NONE","seed_source_timestamp":1105194099429455,"circlet_count":0,"master_deck":["AscendersBane","Strike_B+1","Strike_B+1","Defend_B+1","Defend_B+1","Defend_B+1","Defend_B+1","Dualcast","Storm+1","Sunder+1","Defragment","Buffer+1","Coolheaded","Loop","Loop","Defragment","Amplify+1","Creative AI","Heatsinks","Capacitor","Buffer","Self Repair","Buffer","Conserve Battery","Capacitor","Defragment","Turbo","Capacitor+1","Self Repair+1"],"relics":["Cracked Core","Smiling Mask","The Courier","Calipers","Sozu","Oddly Smooth Stone","Lantern","Lizard Tail","Turnip","Frozen Egg 2"],"potions_floor_usage":[13,16,33,38],"damage_taken":[{"damage":14,"enemies":"2 Louse","floor":1,"turns":3},{"damage":2,"enemies":"Jaw Worm","floor":2,"turns":3},{"damage":1,"enemies":"Cultist","floor":5,"turns":3},{"damage":12,"enemies":"Looter","floor":7,"turns":3},{"damage":13,"enemies":"Blue Slaver","floor":8,"turns":2},{"damage":12,"enemies":"3 Louse","floor":12,"turns":2},{"damage":0,"enemies":"Gremlin Nob","floor":13,"turns":3},{"damage":15,"enemies":"Hexaghost","floor":16,"turns":6},{"damage":28,"enemies":"2 Thieves","floor":18,"turns":3},{"damage":12,"enemies":"Chosen","floor":21,"turns":3},{"damage":16,"enemies":"Book of Stabbing","floor":24,"turns":4},{"damage":0,"enemies":"Snecko","floor":27,"turns":5},{"damage":8,"enemies":"Snake Plant","floor":31,"turns":4},{"damage":5,"enemies":"Automaton","floor":33,"turns":9},{"damage":93,"enemies":"3 Darklings","floor":35,"turns":5},{"damage":2,"enemies":"3 Shapes","floor":38,"turns":4},{"damage":0,"enemies":"Maw","floor":39,"turns":6},{"damage":37,"enemies":"Jaw Worm Horde","floor":41,"turns":4},{"damage":0,"enemies":"Mind Bloom Boss Battle","floor":42,"turns":6},{"damage":0,"enemies":"4 Shapes","floor":46,"turns":5},{"damage":37,"enemies":"Spire Growth","floor":47,"turns":6},{"damage":75,"enemies":"Awakened One","floor":50,"turns":3}],"seed_played":"1279505324041313971","potions_obtained":[{"floor":1,"key":"Swift Potion"},{"floor":12,"key":"Block Potion"},{"floor":13,"key":"Poison Potion"},{"floor":16,"key":"GamblersBrew"}],"is_trial":false,"path_per_floor":["?","?","M","?","?","?","?"],"character_chosen":"DEFECT","items_purchased":["Defragment","Coolheaded","Loop","Loop","Defragment","Heatsinks","Capacitor","Self Repair","Capacitor","Defragment","Capacitor+1","Self Repair+1"],"campfire_rested":6,"item_purchase_floors":[3,11,11,11,11,20,22,29,36,36,48,48],"current_hp_per_floor":[50,48,48,48,47,47,35,22,22,43,43,31,31,31,31,16,57,29,34,34,22,22,43,27,48,48,48,48,48,48,54,54,56,67,20,20,20,25,39,60,30,37,37,58,58,65,35,35,56,0],"gold":20,"neow_bonus":"RANDOM_COMMON_RELIC","is_prod":false,"is_daily":false,"chose_seed":false,"campfire_upgraded":4,"win_rate":0,"timestamp":1548128191,"path_taken":["M","M","$","?","M","R","M","M","T","R","$","M","E","$","R","BOSS","M","?","$","?","$","R","E","R","T","M","?","$","R","M","R","BOSS","M","$","?","M","M","R","M","?","T","R","?","M","M","$","R","BOSS"],"build_version":"2019-01-20","purchased_purges":4,"victory":false,"max_hp_per_floor":[71,71,71,71,71,71,71,71,71,71,71,71,71,71,71,71,71,71,71,71,71,71,71,71,71,71,71,71,71,71,71,71,71,71,71,71,71,71,71,71,71,71,71,71,71,71,71,71,71,71],"card_choices":[{"not_picked":["Hologram","Cold Snap"],"picked":"Storm","floor":1},{"not_picked":["Turbo","Gash"],"picked":"Sunder","floor":2},{"not_picked":["Beam Cell","Barrage","Reprogram"],"picked":"SKIP","floor":5},{"not_picked":["Barrage","Steam Power","Reprogram"],"picked":"SKIP","floor":7},{"not_picked":["Static Discharge","Cold Snap"],"picked":"Buffer","floor":8},{"not_picked":["Beam Cell","Streamline","Redo"],"picked":"SKIP","floor":12},{"not_picked":["Conserve Battery","Compile Driver"],"picked":"Amplify","floor":13},{"not_picked":["Meteor Strike","Rainbow"],"picked":"Creative AI","floor":16},{"not_picked":["Rebound","Ball Lightning+1"],"picked":"Coolheaded","floor":18},{"not_picked":["Scrape","Compile Driver","Redo"],"picked":"SKIP","floor":21},{"not_picked":["Recycle","Compile Driver"],"picked":"Buffer","floor":24},{"not_picked":["Chill","Aggregate","Sweeping Beam"],"picked":"SKIP","floor":27},{"not_picked":["Go for the Eyes","Leap","Heatsinks"],"picked":"SKIP","floor":31},{"not_picked":["Rainbow","Multi-Cast"],"picked":"Buffer","floor":33},{"not_picked":["Genetic Algorithm+1","Compile Driver"],"picked":"Conserve Battery","floor":35},{"not_picked":["Aggregate","FTL","Go for the Eyes"],"picked":"SKIP","floor":38},{"not_picked":["Redo","Recycle"],"picked":"Turbo","floor":39},{"not_picked":["Cold Snap","Rip and Tear","Doom and Gloom"],"picked":"SKIP","floor":41},{"not_picked":["Gash","Stack","Go for the Eyes"],"picked":"SKIP","floor":46},{"not_picked":["Coolheaded","Steam","Ball Lightning"],"picked":"SKIP","floor":47}],"player_experience":486623,"relics_obtained":[{"floor":9,"key":"The Courier"},{"floor":13,"key":"Calipers"},{"floor":24,"key":"Oddly Smooth Stone"},{"floor":26,"key":"Lantern"},{"floor":42,"key":"Turnip"},{"floor":43,"key":"Frozen Egg 2"}],"event_choices":[{"damage_healed":0,"gold_gain":150,"player_choice":"AGREE","damage_taken":0,"max_hp_gain":0,"max_hp_loss":0,"event_name":"Liars Game","floor":4,"gold_loss":0,"cards_obtained":["Doubt"]},{"cards_removed":["Coolheaded"],"damage_healed":5,"gold_gain":0,"player_choice":"Offered Common","damage_taken":0,"max_hp_gain":0,"max_hp_loss":0,"event_name":"Bonfire Elementals","floor":19,"gold_loss":0},{"cards_removed":["Coolheaded"],"damage_healed":5,"gold_gain":0,"player_choice":"Offered Special","damage_taken":0,"max_hp_gain":0,"max_hp_loss":0,"event_name":"Bonfire Elementals","floor":19,"gold_loss":0},{"damage_healed":0,"gold_gain":0,"player_choice":"Simplicity","damage_taken":0,"max_hp_gain":0,"max_hp_loss":0,"event_name":"Back to Basics","floor":28,"gold_loss":0,"cards_upgraded":["Strike_B","Strike_B","Defend_B","Defend_B","Defend_B","Defend_B"]},{"damage_healed":0,"gold_gain":0,"player_choice":"Ignored","damage_taken":0,"max_hp_gain":0,"max_hp_loss":0,"event_name":"Mysterious Sphere","floor":37,"gold_loss":0},{"damage_healed":0,"gold_gain":0,"player_choice":"Fight","damage_taken":0,"max_hp_gain":0,"max_hp_loss":0,"event_name":"MindBloom","floor":42,"gold_loss":0},{"damage_healed":0,"gold_gain":0,"player_choice":"Ignored","damage_taken":0,"max_hp_gain":0,"max_hp_loss":0,"event_name":"Tomb of Lord Red Mask","floor":45,"gold_loss":0}],"is_beta":true,"boss_relics":[{"not_picked":["Black Star","Snecko Eye"],"picked":"Sozu"},{"not_picked":["Orrery","FrozenCore"],"picked":"Lizard Tail"}],"items_purged_floors":[11,14,20,48],"is_endless":false,"potions_floor_spawned":[1,12,13,16,18,24,27,35,41,42],"killed_by":"Awakened One","ascension_level":20}