{"gold_per_floor":[369,63,119,175,25,53,53,101,125,159,159,191,242,301,301,462,462,476,508,118,148,204,204,204,254,254,254,274,304,304,318,318,318],"floor_reached":33,"playtime":2169,"items_purged":["Strike_R","Strike_R","Defend_R"],"score":411,"play_id":"38da0dde-6027-495b-b370-e55fb04d615c","local_time":"20190129152247","is_ascension_mode":true,"campfire_choices":[{"data":"True Grit","floor":11.0,"key":"SMITH"},{"data":"Armaments","floor":15.0,"key":"SMITH"},{"data":"Pommel Strike","floor":23.0,"key":"SMITH"},{"data":"Shrug It Off","floor":27.0,"key":"SMITH"},{"data":"Fiend Fire","floor":32,"key":"SMITH"}],"neow_cost":"TEN_PERCENT_HP_LOSS","seed_source_timestamp":470178522391959,"circlet_count":0,"master_deck":["Strike_R","Strike_R","Strike_R","Defend_R","Defend_R","Defend_R","Bash","Perfected Strike","Shrug It Off+1","HandOfGreed","Wild Strike","True Grit+1","Perfected Strike","Thunderclap","Offering","Wild Strike","Armaments+1","Fiend Fire+1","Pommel Strike+1","Dual Wield+1","Iron Wave+1","Perfected Strike","Twin Strike"],"special_seed":0,"relics":["Burning Blood","Bag of Marbles","Blood Vial","Vajra","The Courier","Eternal Feather","Happy Flower","Juzu Bracelet","MutagenicStrength","Regal Pillow","Dodecahedron","Art of War","NlothsMask"],"potions_floor_usage":[29],"damage_taken":[{"damage":6.0,"enemies":"Cultist","floor":1.0,"turns":4.0},{"damage":6.0,"enemies":"Small Slimes","floor":3.0,"turns":3.0},{"damage":7.0,"enemies":"2 Louse","floor":4.0,"turns":4.0},{"damage":8.0,"enemies":"Gremlin Nob","floor":6.0,"turns":3.0},{"damage":15.0,"enemies":"Lagavulin","floor":8.0,"turns":5.0},{"damage":4.0,"enemies":"Looter","floor":10.0,"turns":4.0},{"damage":8.0,"enemies":"Exordium Thugs","floor":12.0,"turns":7.0},{"damage":7.0,"enemies":"3 Sentries","floor":13.0,"turns":9.0},{"damage":4.0,"enemies":"Large Slime","floor":14.0,"turns":4.0},{"damage":74.0,"enemies":"Slime Boss","floor":16.0,"turns":13.0},{"damage":21.0,"enemies":"Shell Parasite","floor":18.0,"turns":7.0},{"damage":14.0,"enemies":"2 Thieves","floor":19.0,"turns":3.0},{"damage":12.0,"enemies":"Snake Plant","floor":21.0,"turns":1.0},{"damage":18.0,"enemies":"Centurion and Healer","floor":22.0,"turns":8.0},{"damage":26.0,"enemies":"Slavers","floor":25.0,"turns":7.0},{"damage":12.0,"enemies":"Cultist and Chosen","floor":28.0,"turns":6.0},{"damage":8,"enemies":"Book of Stabbing","floor":29,"turns":2},{"damage":6,"enemies":"Snake Plant","floor":31,"turns":1},{"damage":72,"enemies":"Automaton","floor":33,"turns":6}],"seed_played":"2154336341421225054","potions_obtained":[{"floor":1.0,"key":"EntropicBrew"},{"floor":6.0,"key":"Block Potion"},{"floor":8.0,"key":"EssenceOfSteel"},{"floor":14.0,"key":"Fire Potion"},{"floor":18.0,"key":"SkillPotion"},{"floor":28.0,"key":"SkillPotion"}],"is_trial":false,"path_per_floor":["M","$","M","M","$","E","?","E","T","M","R","M","E","M","R","B",null,"M","M","$","M","M","R","?","E","T","R","M","E","?","M","R","B"],"character_chosen":"IRONCLAD","items_purchased":["Shrug It Off","HandOfGreed","Perfected Strike","Happy Flower","Pommel Strike","Juzu Bracelet"],"campfire_rested":0,"item_purchase_floors":[2,2,5,20,20,20],"current_hp_per_floor":[72,72,72,71,71,69,69,62,62,66,66,66,67,71,71,11,57,44,38,38,34,24,36,36,18,18,30,26,26,26,28,40,0],"gold":318,"neow_bonus":"TWO_FIFTY_GOLD","is_prod":false,"is_daily":false,"chose_seed":false,"campfire_upgraded":5,"win_rate":0,"timestamp":1548793367,"path_taken":["M","$","M","M","?","E","?","E","T","?","R","M","E","M","R","BOSS","M","M","$","M","M","R","?","E","T","R","M","E","?","M","R","BOSS"],"build_version":"2019-01-23","purchased_purges":3,"victory":false,"max_hp_per_floor":[72,72,72,72,72,72,72,72,72,72,72,72,72,72,72,72,72,72,72,72,72,72,72,72,72,72,72,72,72,72,72,72,72],"card_choices":[{"not_picked":["Whirlwind","Body Slam"],"picked":"Perfected Strike","floor":1.0},{"not_picked":["Flex","Heavy Blade"],"picked":"Wild Strike","floor":3.0},{"not_picked":["Warcry","Havoc"],"picked":"True Grit","floor":4.0},{"not_picked":["Sever Soul","Flame Barrier"],"picked":"Thunderclap","floor":6.0},{"not_picked":["Warcry","Inflame","Headbutt"],"picked":"SKIP","floor":8.0},{"not_picked":["Sword Boomerang","Anger","Inflame"],"picked":"SKIP","floor":10.0},{"not_picked":["Pummel","Cleave"],"picked":"Offering","floor":12.0},{"not_picked":["Anger","Clash"],"picked":"Wild Strike","floor":13.0},{"not_picked":["Havoc","Clothesline"],"picked":"Armaments","floor":14.0},{"not_picked":["Juggernaut","Dark Embrace"],"picked":"Fiend Fire","floor":16.0},{"not_picked":["Feel No Pain","Thunderclap","Headbutt"],"picked":"SKIP","floor":18.0},{"not_picked":["Infernal Blade","Headbutt+1","Havoc"],"picked":"SKIP","floor":19.0},{"not_picked":["Intimidate","Infernal Blade"],"picked":"Dual Wield+1","floor":21.0},{"not_picked":["Clash","Feed"],"picked":"Iron Wave+1","floor":22.0},{"not_picked":["Whirlwind+1","Carnage","Pummel"],"picked":"SKIP","floor":25.0},{"not_picked":["Rupture","Clothesline","Body Slam+1"],"picked":"SKIP","floor":28.0},{"not_picked":["Havoc","Entrench"],"picked":"Perfected Strike","floor":29},{"not_picked":["Searing Blow+1","Wild Strike"],"picked":"Twin Strike","floor":31}],"player_experience":225570,"relics_obtained":[{"floor":6.0,"key":"Bag of Marbles"},{"floor":8.0,"key":"Vajra"},{"floor":13.0,"key":"The Courier"},{"floor":25.0,"key":"Regal Pillow"},{"floor":26.0,"key":"Dodecahedron"},{"floor":29,"key":"Art of War"}],"event_choices":[{"damage_healed":0.0,"max_hp_gain":0.0,"max_hp_loss":0.0,"gold_gain":0.0,"event_name":"WeMeetAgain","player_choice":"Gave Potion","floor":7.0,"gold_loss":0.0,"damage_taken":0.0,"relics_obtained":["Blood Vial"]},{"damage_healed":0.0,"max_hp_gain":0.0,"max_hp_loss":0.0,"gold_gain":0.0,"event_name":"Drug Dealer","player_choice":"Inject Mutagens","floor":24.0,"gold_loss":0.0,"damage_taken":0.0,"relics_obtained":["MutagenicStrength"]},{"damage_healed":0,"gold_gain":0,"player_choice":"Trade","damage_taken":0,"relics_obtained":["NlothsMask"],"max_hp_gain":0,"max_hp_loss":0,"event_name":"FaceTrader","floor":30,"gold_loss":0}],"is_beta":false,"boss_relics":[{"not_picked":["Tiny House","Lizard Tail"],"picked":"Eternal Feather"}],"items_purged_floors":[2,5,20],"is_endless":false,"potions_floor_spawned":[1,6,8,12,14,18,28],"killed_by":"Automaton","ascension_level":5}