{"gold_per_floor":[112,130,130,52,71,104,104,125,175,175,250,250,199,212,212,212],"floor_reached":16,"playtime":326,"items_purged":[],"score":100,"play_id":"1a42ae83-0f99-411c-882a-3609504a2b25","local_time":"20181218130736","is_ascension_mode":false,"campfire_choices":[{"floor":10,"key":"REST"},{"floor":12,"key":"REST"},{"data":"Seeing Red","floor":15,"key":"SMITH"}],"neow_cost":"NONE","seed_source_timestamp":463691118156117,"circlet_count":0,"master_deck":["Strike_R","Strike_R","Strike_R","Strike_R","Strike_R","Defend_R","Defend_R","Defend_R","Defend_R","Bash","Headbutt","Shrug It Off","Seeing Red+1","Heavy Blade","Flex","Thunderclap"],"relics":["Burning Blood","NeowsBlessing","Bottled Flame","Golden Idol","Smiling Mask"],"potions_floor_usage":[16],"damage_taken":[{"damage":0,"enemies":"Small Slimes","floor":1,"turns":1},{"damage":0,"enemies":"2 Louse","floor":2,"turns":2},{"damage":0,"enemies":"Jaw Worm","floor":5,"turns":1},{"damage":44,"enemies":"Lagavulin","floor":6,"turns":7},{"damage":14,"enemies":"2 Fungi Beasts","floor":8,"turns":3},{"damage":22,"enemies":"Large Slime","floor":14,"turns":6},{"damage":28,"enemies":"Hexaghost","floor":16,"turns":7}],"seed_played":"2177943808819910775","potions_obtained":[{"floor":8,"key":"Swift Potion"},{"floor":14,"key":"FearPotion"}],"is_trial":false,"path_per_floor":["M","M","?","$","M","E","?","M","T","R","?","R","$","M","R","B"],"character_chosen":"IRONCLAD","items_purchased":["Seeing Red","Flex"],"campfire_rested":2,"item_purchase_floors":[4,13],"current_hp_per_floor":[80,80,85,85,85,47,26,18,18,43,32,57,57,41,41,13],"gold":212,"neow_bonus":"THREE_ENEMY_KILL","is_prod":false,"is_daily":false,"chose_seed":false,"campfire_upgraded":1,"win_rate":0,"timestamp":1545156456,"path_taken":["M","M","?","$","M","E","?","M","T","R","?","R","$","M","R","BOSS"],"build_version":"2018-12-13","purchased_purges":0,"victory":false,"max_hp_per_floor":[80,80,85,85,85,85,85,85,85,85,85,85,85,85,85,85],"card_choices":[{"not_picked":["Wild Strike","Clothesline"],"picked":"Headbutt","floor":1},{"not_picked":["Clothesline","Pommel Strike"],"picked":"Shrug It Off","floor":2},{"not_picked":["Evolve","Perfected Strike","Entrench"],"picked":"SKIP","floor":5},{"not_picked":["Double Tap","Combust","Heavy Blade"],"picked":"SKIP","floor":6},{"not_picked":["Double Tap","Combust"],"picked":"Heavy Blade","floor":6},{"not_picked":["Feel No Pain","Headbutt","Iron Wave"],"picked":"SKIP","floor":8},{"not_picked":["Armaments","Havoc"],"picked":"Thunderclap","floor":14}],"player_experience":325887,"relics_obtained":[{"floor":6,"key":"Bottled Flame"},{"floor":9,"key":"Smiling Mask"}],"event_choices":[{"damage_healed":0,"gold_gain":0,"player_choice":"Donut","damage_taken":0,"max_hp_gain":5,"max_hp_loss":0,"event_name":"Big Fish","floor":3,"gold_loss":0},{"damage_healed":0,"gold_gain":0,"player_choice":"Take Damage","damage_taken":21,"relics_obtained":["Golden Idol"],"max_hp_gain":0,"max_hp_loss":0,"event_name":"Golden Idol","floor":7,"gold_loss":0},{"damage_healed":0,"gold_gain":75,"player_choice":"Gather Gold","damage_taken":11,"max_hp_gain":0,"max_hp_loss":0,"event_name":"World of Goop","floor":11,"gold_loss":0}],"is_beta":false,"boss_relics":[],"items_purged_floors":[],"is_endless":false,"potions_floor_spawned":[8,14],"killed_by":"Hexaghost","ascension_level":0}