{"gold_per_floor":[118,44,60,75,25,25,40,53,76,76,96,113,42,53,53,124,124,124,124,124,124,42,42,42,42,42,42,42,42,42,42],"floor_reached":31,"playtime":1366,"items_purged":[],"score":393,"play_id":"afc2bd90-18fb-48d6-8020-2ebb730f085c","local_time":"20190303101434","is_ascension_mode":true,"campfire_choices":[{"data":"Zap","floor":6,"key":"SMITH"},{"data":"Forethought","floor":10,"key":"SMITH"},{"data":"Defragment","floor":15,"key":"SMITH"},{"floor":23,"key":"REST"},{"floor":28,"key":"REST"}],"neow_cost":"TEN_PERCENT_HP_LOSS","seed_source_timestamp":569953871957915,"circlet_count":0,"master_deck":["AscendersBane","Strike_B","Strike_B","Strike_B","Strike_B","Defend_B","Defend_B","Defend_B","Defend_B","Zap+1","Dualcast","Forethought+1","Glacier","Glacier","Sweeping Beam","Scrape","Glacier","Defragment+1","Reboot","Electrodynamics","Panacea"],"relics":["Cracked Core","PreservedInsect","Ectoplasm","Art of War","Dream Catcher"],"potions_floor_usage":[16,24,24],"damage_taken":[{"damage":4,"enemies":"Small Slimes","floor":1,"turns":3},{"damage":3,"enemies":"2 Louse","floor":3,"turns":4},{"damage":1,"enemies":"Jaw Worm","floor":4,"turns":4},{"damage":2,"enemies":"Blue Slaver","floor":7,"turns":4},{"damage":1,"enemies":"Exordium Wildlife","floor":8,"turns":2},{"damage":6,"enemies":"Looter","floor":11,"turns":3},{"damage":18,"enemies":"Lots of Slimes","floor":12,"turns":3},{"damage":7,"enemies":"Red Slaver","floor":14,"turns":4},{"damage":14,"enemies":"Slime Boss","floor":16,"turns":17},{"damage":5,"enemies":"Chosen","floor":18,"turns":6},{"damage":23,"enemies":"3 Byrds","floor":20,"turns":5},{"damage":1,"enemies":"3 Cultists","floor":24,"turns":3},{"damage":9,"enemies":"Sentry and Sphere","floor":27,"turns":8},{"damage":6,"enemies":"Centurion and Healer","floor":29,"turns":13},{"damage":41,"enemies":"Chosen and Byrds","floor":31,"turns":6}],"seed_played":"8095300003433208363","potions_obtained":[{"floor":3,"key":"Fire Potion"},{"floor":4,"key":"Swift Potion"},{"floor":8,"key":"SmokeBomb"},{"floor":20,"key":"Block Potion"},{"floor":29,"key":"Block Potion"}],"is_trial":false,"path_per_floor":["M","$","M","M","?","R","M","M","T","R","M","M","$","M","R","B",null,"M","?","M","?","$","R","M","$","T","M","R","M","?","M"],"character_chosen":"DEFECT","items_purchased":["Glacier","Defragment","Panacea"],"campfire_rested":2,"item_purchase_floors":[2,13,22],"current_hp_per_floor":[60,60,57,56,56,56,54,53,53,53,47,29,29,22,22,8,50,45,34,11,2,2,22,21,21,21,12,32,26,26,0],"gold":42,"neow_bonus":"RANDOM_COLORLESS_2","is_prod":false,"is_daily":false,"chose_seed":false,"campfire_upgraded":3,"win_rate":0,"timestamp":1551568474,"path_taken":["M","$","M","M","?","R","M","M","T","R","M","M","$","M","R","BOSS","M","?","M","?","?","R","?","$","T","M","R","M","?","M"],"build_version":"2019-01-23","purchased_purges":0,"victory":false,"max_hp_per_floor":[64,64,64,64,64,64,64,64,64,64,64,64,64,64,64,64,64,64,69,69,69,69,69,69,69,69,69,69,69,69,69],"card_choices":[{"not_picked":["Ball Lightning","Beam Cell"],"picked":"Glacier","floor":1},{"not_picked":["Redo","Leap"],"picked":"Sweeping Beam","floor":3},{"not_picked":["Conserve Battery","Hologram","Chaos"],"picked":"SKIP","floor":4},{"not_picked":["Cold Snap","Hologram"],"picked":"Scrape","floor":7},{"not_picked":["Aggregate","Skim","Stack"],"picked":"SKIP","floor":8},{"not_picked":["Cold Snap","Lockon","Leap"],"picked":"SKIP","floor":11},{"not_picked":["Hello World","Skim"],"picked":"Glacier","floor":12},{"not_picked":["Rebound","Genetic Algorithm"],"picked":"Reboot","floor":14},{"not_picked":["Amplify","Hyperbeam"],"picked":"Electrodynamics","floor":16},{"not_picked":["Steam","Streamline+1","Chill"],"picked":"SKIP","floor":18},{"not_picked":["Recycle","Hello World+1","Turbo"],"picked":"SKIP","floor":20},{"not_picked":["Gash","Beam Cell","Conserve Battery+1"],"picked":"SKIP","floor":27},{"not_picked":["Aggregate","Turbo","Coolheaded"],"picked":"SKIP","floor":29}],"player_experience":739794,"relics_obtained":[{"floor":9,"key":"PreservedInsect"},{"floor":26,"key":"Art of War"}],"event_choices":[{"cards_removed":["Purity"],"damage_healed":0,"gold_gain":0,"player_choice":"Card Removal","damage_taken":0,"max_hp_gain":0,"max_hp_loss":0,"event_name":"The Cleric","floor":5,"gold_loss":50},{"damage_healed":0,"gold_gain":0,"player_choice":"Shed Blood","damage_taken":16,"max_hp_gain":5,"max_hp_loss":0,"event_name":"Forgotten Altar","floor":19,"gold_loss":0},{"damage_healed":0,"gold_gain":0,"player_choice":"Stopped","damage_taken":9,"max_hp_gain":0,"max_hp_loss":0,"event_name":"Cursed Tome","floor":21,"gold_loss":0},{"damage_healed":0,"gold_gain":0,"player_choice":"Gave Potion","damage_taken":0,"relics_obtained":["Dream Catcher"],"max_hp_gain":0,"max_hp_loss":0,"event_name":"WeMeetAgain","floor":30,"gold_loss":0}],"is_beta":false,"boss_relics":[{"not_picked":["Lizard Tail","Orrery"],"picked":"Ectoplasm"}],"items_purged_floors":[],"is_endless":false,"potions_floor_spawned":[3,4,8,11,12,20,29],"killed_by":"Chosen and Byrds","ascension_level":14}