{"gold_per_floor":[111,127,127,127,52,77,77,108,131,141,167,47,47,47,47,121,121,141,31,31,46,62,62,79,79,79,110,25,41,41,67,67,144,144,164,164,114,127,147,179,179,192,192,211,211,211,227,277,277,277],"floor_reached":51,"playtime":1989,"items_purged":["Strike_B","Strike_B","Defend_B"],"score":1439,"play_id":"3533b8dc-c251-411b-8131-a30d2cfd49b0","local_time":"20190209022518","is_ascension_mode":true,"campfire_choices":[{"data":"Biased Cognition","floor":13.0,"key":"SMITH"},{"data":"Loop","floor":15.0,"key":"SMITH"},{"floor":23.0,"key":"REST"},{"floor":30.0,"key":"REST"},{"data":"Coolheaded","floor":32.0,"key":"SMITH"},{"floor":41,"key":"REST"},{"data":"Loop","floor":45,"key":"SMITH"},{"data":"Capacitor","floor":49,"key":"SMITH"}],"neow_cost":"NONE","seed_source_timestamp":93409128061736,"circlet_count":0,"master_deck":["AscendersBane","Defend_B","Defend_B+1","Defend_B","Zap+1","Dualcast","Streamline+1","Core Surge","Steam","Biased Cognition+1","Loop+1","Coolheaded+1","Conserve Battery","Loop+1","Reinforced Body","Capacitor+1","Defragment","White Noise","Seek","Coolheaded+1","Writhe"],"special_seed":0,"relics":["FrozenCore","NeowsBlessing","War Paint","The Courier","Smiling Mask","Lantern","Singing Bowl","Orrery","Bottled Flame","Art of War","DataDisk","StoneCalendar","Orichalcum","Dodecahedron"],"potions_floor_usage":[40,40],"damage_taken":[{"damage":0.0,"enemies":"Jaw Worm","floor":1.0,"turns":1.0},{"damage":0.0,"enemies":"Small Slimes","floor":2.0,"turns":1.0},{"damage":0.0,"enemies":"Gremlin Nob","floor":6.0,"turns":1.0},{"damage":22.0,"enemies":"Lagavulin","floor":8.0,"turns":5.0},{"damage":0.0,"enemies":"2 Louse","floor":10.0,"turns":2.0},{"damage":11.0,"enemies":"3 Sentries","floor":11.0,"turns":7.0},{"damage":0.0,"enemies":"Slime Boss","floor":16.0,"turns":5.0},{"damage":4.0,"enemies":"Chosen","floor":18.0,"turns":4.0},{"damage":30.0,"enemies":"3 Byrds","floor":21.0,"turns":4.0},{"damage":17.0,"enemies":"Shelled Parasite and Fungi","floor":22.0,"turns":5.0},{"damage":15.0,"enemies":"Snake Plant","floor":24.0,"turns":4.0},{"damage":10.0,"enemies":"Book of Stabbing","floor":27.0,"turns":5.0},{"damage":0.0,"enemies":"Sentry and Sphere","floor":29.0,"turns":3.0},{"damage":30.0,"enemies":"Gremlin Leader","floor":31.0,"turns":6.0},{"damage":11,"enemies":"Champ","floor":33,"turns":9},{"damage":0,"enemies":"Orb Walker","floor":35,"turns":6},{"damage":4,"enemies":"3 Shapes","floor":38,"turns":7},{"damage":11,"enemies":"Jaw Worm Horde","floor":39,"turns":6},{"damage":45,"enemies":"Reptomancer","floor":40,"turns":7},{"damage":9,"enemies":"Spire Growth","floor":42,"turns":6},{"damage":0,"enemies":"Maw","floor":44,"turns":7},{"damage":0,"enemies":"Sphere and 2 Shapes","floor":47,"turns":10},{"damage":19,"enemies":"Awakened One","floor":50,"turns":22}],"seed_played":"-966171436231183995","potions_obtained":[{"floor":8.0,"key":"SkillPotion"},{"floor":11.0,"key":"Explosive Potion"},{"floor":16.0,"key":"Ancient Potion"},{"floor":31.0,"key":"GamblersBrew"},{"floor":39,"key":"Block Potion"},{"floor":44,"key":"GamblersBrew"}],"is_trial":false,"path_per_floor":["M","M","?","?","?","E","?","E","T","M","E","$","R","?","R","B",null,"M","$","?","M","M","R","M","?","T","E","?","M","R","E","R","B",null,"M","?","$","M","M","E","R","M","T","M","R","?","M","?","R","B",null],"character_chosen":"DEFECT","items_purchased":["Loop","Loop"],"campfire_rested":3,"item_purchase_floors":[12,19],"current_hp_per_floor":[64,64,64,64,64,64,64,42,42,42,31,31,31,36,36,38,74,72,72,72,42,27,53,38,38,38,30,30,30,57,29,29,18,74,76,76,76,74,65,20,49,42,42,44,44,64,66,66,66,47],"gold":277,"neow_bonus":"THREE_ENEMY_KILL","is_prod":false,"is_daily":false,"chose_seed":false,"campfire_upgraded":5,"win_rate":0,"timestamp":1549646718,"path_taken":["M","M","?","?","?","E","?","E","T","M","E","$","R","?","R","BOSS","M","$","?","?","M","R","M","?","T","E","?","M","R","E","R","BOSS","M","?","$","M","M","E","R","M","T","M","R","?","M","?","R","BOSS"],"build_version":"2019-01-23","purchased_purges":3,"victory":true,"max_hp_per_floor":[71,71,71,71,71,71,71,71,71,71,71,71,71,76,76,78,84,86,86,86,86,88,88,88,88,88,90,90,90,90,92,92,92,92,94,94,94,96,98,98,98,100,100,102,102,102,104,104,104,104],"card_choices":[{"not_picked":["Conserve Battery","Loop"],"picked":"Streamline","floor":1.0},{"not_picked":["Storm","Sweeping Beam","Reprogram"],"picked":"SKIP","floor":2.0},{"not_picked":["Chill","Coolheaded"],"picked":"Core Surge","floor":6.0},{"not_picked":["BootSequence","Melter"],"picked":"Steam","floor":8.0},{"not_picked":["Streamline","Compile Driver","Lockon"],"picked":"SKIP","floor":10.0},{"not_picked":["Steam","Undo"],"picked":"Biased Cognition","floor":11.0},{"not_picked":["Hyperbeam","Multi-Cast","Creative AI"],"picked":"Singing Bowl","floor":16.0},{"not_picked":["Redo","Reprogram"],"picked":"Coolheaded","floor":17.0},{"not_picked":["Gash","Sweeping Beam"],"picked":"Conserve Battery","floor":17.0},{"not_picked":["Skim","Turbo","Gash"],"picked":"Singing Bowl","floor":17.0},{"not_picked":["Tempest","Chaos","Steam"],"picked":"Singing Bowl","floor":17.0},{"not_picked":["Beam Cell","Rebound","Hologram"],"picked":"Singing Bowl","floor":17.0},{"not_picked":["Hologram","Scrape","BootSequence"],"picked":"Singing Bowl","floor":18.0},{"not_picked":["Leap","Rebound"],"picked":"Capacitor","floor":21.0},{"not_picked":["Beam Cell+1","Leap","Go for the Eyes"],"picked":"Singing Bowl","floor":22.0},{"not_picked":["Darkness","Meteor Strike"],"picked":"Defragment","floor":24.0},{"not_picked":["Sweeping Beam","Conserve Battery","Hologram"],"picked":"Singing Bowl","floor":27.0},{"not_picked":["Sweeping Beam","Scrape"],"picked":"White Noise","floor":29.0},{"not_picked":["Conserve Battery","Streamline","Stack"],"picked":"Singing Bowl","floor":31.0},{"not_picked":["Amplify","Creative AI"],"picked":"Seek","floor":33},{"not_picked":["Force Field+1","Go for the Eyes","Lockon"],"picked":"Singing Bowl","floor":35},{"not_picked":["Sweeping Beam","Steam","White Noise"],"picked":"Singing Bowl","floor":38},{"not_picked":["Steam","Double Energy+1","Streamline+1"],"picked":"Singing Bowl","floor":39},{"not_picked":["Compile Driver","Echo Form"],"picked":"Coolheaded+1","floor":40},{"not_picked":["Steam","Stack","Leap"],"picked":"Singing Bowl","floor":42},{"not_picked":["Sweeping Beam+1","Sunder","Force Field"],"picked":"Singing Bowl","floor":44},{"not_picked":["Go for the Eyes","Aggregate","Steam Power"],"picked":"Singing Bowl","floor":47}],"player_experience":794166,"relics_obtained":[{"floor":6.0,"key":"War Paint"},{"floor":8.0,"key":"Smiling Mask"},{"floor":9.0,"key":"Lantern"},{"floor":11.0,"key":"Singing Bowl"},{"floor":26.0,"key":"Bottled Flame"},{"floor":27.0,"key":"Art of War"},{"floor":31.0,"key":"StoneCalendar"},{"floor":40,"key":"Orichalcum"},{"floor":43,"key":"Dodecahedron"}],"event_choices":[{"damage_healed":0.0,"max_hp_gain":0.0,"max_hp_loss":0.0,"gold_gain":0.0,"event_name":"Living Wall","player_choice":"Grow","floor":3.0,"gold_loss":0.0,"damage_taken":0.0,"cards_upgraded":["Streamline"]},{"damage_healed":0.0,"max_hp_gain":0.0,"max_hp_loss":0.0,"gold_gain":0.0,"event_name":"Scrap Ooze","player_choice":"Fled","floor":4.0,"gold_loss":0.0,"damage_taken":0.0},{"cards_removed":["Strike_B"],"damage_healed":0.0,"max_hp_gain":0.0,"max_hp_loss":0.0,"gold_gain":0.0,"event_name":"The Cleric","player_choice":"Card Removal","floor":5.0,"gold_loss":75.0,"damage_taken":0.0},{"damage_healed":0.0,"max_hp_gain":0.0,"max_hp_loss":0.0,"gold_gain":0.0,"event_name":"Dead Adventurer","player_choice":"Searched \u00271\u0027 times","floor":7.0,"gold_loss":0.0,"damage_taken":0.0,"relics_obtained":["The Courier"]},{"damage_healed":0.0,"max_hp_gain":5.0,"max_hp_loss":0.0,"gold_gain":0.0,"event_name":"Big Fish","player_choice":"Donut","floor":14.0,"gold_loss":0.0,"damage_taken":0.0},{"damage_healed":0.0,"max_hp_gain":0.0,"max_hp_loss":0.0,"gold_gain":0.0,"cards_transformed":["Strike_B"],"event_name":"Transmorgrifier","player_choice":"Transformed","floor":20.0,"gold_loss":0.0,"damage_taken":0.0,"cards_obtained":["Reinforced Body"]},{"damage_healed":0.0,"max_hp_gain":0.0,"max_hp_loss":0.0,"gold_gain":0.0,"event_name":"Cursed Tome","player_choice":"Ignored","floor":25.0,"gold_loss":0.0,"damage_taken":0.0},{"damage_healed":0.0,"max_hp_gain":0.0,"max_hp_loss":0.0,"gold_gain":0.0,"event_name":"Addict","player_choice":"Obtained Relic","floor":28.0,"gold_loss":85.0,"damage_taken":0.0,"relics_obtained":["DataDisk"]},{"damage_healed":0,"gold_gain":0,"player_choice":"Ignored","damage_taken":0,"max_hp_gain":0,"max_hp_loss":0,"event_name":"Tomb of Lord Red Mask","floor":36,"gold_loss":0},{"damage_healed":20,"gold_gain":0,"player_choice":"Writhe","damage_taken":0,"max_hp_gain":0,"max_hp_loss":0,"event_name":"Winding Halls","floor":46,"gold_loss":0,"cards_obtained":["Writhe"]},{"damage_healed":0,"gold_gain":50,"player_choice":"Pray","damage_taken":0,"max_hp_gain":0,"max_hp_loss":0,"event_name":"Golden Shrine","floor":48,"gold_loss":0}],"is_beta":false,"boss_relics":[{"not_picked":["Busted Crown","Fusion Hammer"],"picked":"Orrery"},{"not_picked":["Black Star","Snecko Eye"],"picked":"FrozenCore"}],"items_purged_floors":[12,19,37],"is_endless":false,"potions_floor_spawned":[8,11,16,21,27,31,33,39,44],"ascension_level":16}