{"path_per_floor":["M","?","M","?","M","E","M","R","T","E","M","R","?","M","R","B",null,"M","?","?","M","$","E","R","M","T","R","M","M","R"],"character_chosen":"THE_SILENT","items_purchased":["Mummified Hand","Caltrops","Dagger Spray"],"gold_per_floor":[118,118,134,134,145,175,193,193,240,266,277,277,277,287,287,382,382,397,397,397,416,52,85,85,101,101,101,111,128,128],"floor_reached":31,"campfire_rested":5,"playtime":2575,"current_hp_per_floor":[70,70,68,70,68,27,23,44,44,31,23,44,44,44,44,17,70,58,58,49,49,49,6,20,9,9,23,29,19,33],"items_purged":[],"gold":128,"play_id":"186f3490-c1b4-4518-aba4-9c75439c9bc7","is_prod":false,"is_daily":false,"is_ascension_mode":false,"campfire_upgraded":1,"path_taken":["M","?","M","?","M","E","M","R","T","E","M","R","?","M","R","BOSS","M","?","?","M","$","E","R","M","T","R","M","M","R","E"],"build_version":"2018-01-25-PROD3","purchased_purges":1,"victory":false,"master_deck":["Defend_G","Defend_G","Defend_G","Defend_G","Survivor","Neutralize","Poisoned Stab","Outmaneuver","Terror","Flying Knee","Infinite Blades+1","Catalyst","Flying Knee","Corpse Explosion","Bite_G","Bite_G","Bite_G","Bite_G","Bite_G","Caltrops","Dagger Spray","Backflip+1","Bane","Burst","Caltrops+1"],"max_hp_per_floor":[70,70,70,70,70,70,70,70,70,70,70,70,70,70,70,70,70,70,70,49,49,49,49,49,49,49,49,49,49,49],"relics":["Ring of the Snake","Juzu Bracelet","Darkstone Periapt","Orichalcum","Gremlin Horn","Velvet Choker","Mummified Hand","Oddly Smooth Stone","Paper Crane"],"card_choices":[{"not_picked":["Slice","Prepared"],"picked":"Poisoned Stab"},{"not_picked":["Acrobatics","Crippling Poison"],"picked":"Heel Hook"},{"not_picked":["Slice","Deflect"],"picked":"Outmaneuver"},{"not_picked":["Prepared","Wraith Form"],"picked":"Terror"},{"not_picked":["Acrobatics","Slice"],"picked":"Flying Knee"},{"not_picked":["Bane","PiercingWail"],"picked":"Infinite Blades"},{"not_picked":["Blade Dance","Prepared"],"picked":"Catalyst"},{"not_picked":["Eviscerate","Acrobatics"],"picked":"Flying Knee"},{"not_picked":["Die Die Die","Venomology"],"picked":"Corpse Explosion"},{"not_picked":["Dagger Throw","Dodge and Roll"],"picked":"Backflip"},{"not_picked":["Flechettes","Endless Agony"],"picked":"Bane"},{"not_picked":["Acrobatics","Deadly Poison"],"picked":"Burst"},{"not_picked":["Predator","Prepared"],"picked":"Caltrops"}],"player_experience":28202,"potions_floor_usage":[6,14,16,29,31],"damage_taken":[{"damage":0,"enemies":"2 Louse","floor":1,"turns":4},{"damage":2,"enemies":"Small Slimes","floor":3,"turns":3},{"damage":2,"enemies":"Jaw Worm","floor":5,"turns":4},{"damage":41,"enemies":"Lagavulin","floor":6,"turns":9},{"damage":4,"enemies":"Looter","floor":7,"turns":4},{"damage":13,"enemies":"Gremlin Nob","floor":10,"turns":4},{"damage":8,"enemies":"Gremlin Gang","floor":11,"turns":5},{"damage":0,"enemies":"3 Louse","floor":14,"turns":1},{"damage":27,"enemies":"The Guardian","floor":16,"turns":7},{"damage":12,"enemies":"3 Byrds","floor":18,"turns":6},{"damage":0,"enemies":"Chosen","floor":21,"turns":5},{"damage":62,"enemies":"Gremlin Leader","floor":23,"turns":8},{"damage":21,"enemies":"Snake Plant","floor":25,"turns":4},{"damage":10,"enemies":"Centurion and Healer","floor":28,"turns":6},{"damage":24,"enemies":"Sentry and Sphere","floor":29,"turns":6},{"damage":40,"enemies":"Slavers","floor":31,"turns":4}],"event_choices":[{"event_name":"Living Wall","player_choice":"Change","floor":2,"damage_taken":0},{"event_name":"Bonfire Elementals","player_choice":"UNCOMMON","floor":4,"damage_taken":0},{"event_name":"The Lab","player_choice":"Got Potions","floor":13,"damage_taken":0},{"event_name":"Back to Basics","player_choice":"Elegance","floor":19,"damage_taken":0},{"event_name":"Vampires","player_choice":"Became a vampire","floor":20,"damage_taken":0}],"boss_relics":[{"not_picked":["Snecko Eye","Tiny House"],"picked":"Velvet Choker"}],"potions_floor_spawned":[3,7,10,11,23,29],"seed_played":"7455768839768768107","killed_by":"Slavers","ascension_level":0,"is_trial":false}