{"gold_per_floor":[114,264,129,129,29,64,64,76,76,76,89,14,47,61,61,140,140,151,151,124,7,7,39,39,39,119,135,135,135],"floor_reached":29,"playtime":911,"items_purged":["Doubt","Strike_G"],"score":507,"play_id":"9f3bd8fd-3325-45c3-a47a-9e35a37d733a","local_time":"20180913135219","is_ascension_mode":true,"campfire_choices":[{"data":"Deadly Poison","floor":7.0,"key":"SMITH"},{"data":"Neutralize","floor":10.0,"key":"SMITH"},{"data":"Noxious Fumes","floor":15.0,"key":"SMITH"},{"floor":25,"key":"REST"},{"data":"Reflex","floor":28,"key":"SMITH"}],"neow_cost":"NONE","seed_source_timestamp":602869784978566,"circlet_count":0,"master_deck":["Defend_G+1","Defend_G+1","Defend_G","Defend_G","Defend_G","Strike_G","Strike_G","Strike_G","Survivor","Neutralize+1","AscendersBane","Backstab","Dagger Throw","Deadly Poison+1","Flying Knee","Dagger Throw+1","Noxious Fumes+1","Bane+1","Burst","Escape Plan","Reflex+1","Acrobatics","Deflect","Decay","Well Laid Plans"],"special_seed":0,"relics":["Ring of the Serpent","NeowsBlessing","War Paint","Molten Egg 2","Letter Opener","Thread and Needle","Question Card"],"potions_floor_usage":[],"damage_taken":[{"damage":0.0,"enemies":"2 Louse","floor":1.0,"turns":1.0},{"damage":0.0,"enemies":"Gremlin Nob","floor":6.0,"turns":1.0},{"damage":0.0,"enemies":"Small Slimes","floor":8.0,"turns":1.0},{"damage":4.0,"enemies":"Jaw Worm","floor":11.0,"turns":2.0},{"damage":13.0,"enemies":"3 Sentries","floor":13.0,"turns":11.0},{"damage":1.0,"enemies":"3 Louse","floor":14.0,"turns":3.0},{"damage":24.0,"enemies":"The Guardian","floor":16.0,"turns":11.0},{"damage":2.0,"enemies":"Chosen","floor":18.0,"turns":4.0},{"damage":9.0,"enemies":"2 Thieves","floor":20.0,"turns":4.0},{"damage":41,"enemies":"Book of Stabbing","floor":23,"turns":6},{"damage":10,"enemies":"Centurion and Healer","floor":27,"turns":8},{"damage":7,"enemies":"3 Cultists","floor":29,"turns":3}],"seed_played":"4614250964565100046","potions_obtained":[{"floor":4.0,"key":"SteroidPotion"},{"floor":4.0,"key":"Weak Potion"},{"floor":20.0,"key":"LiquidBronze"}],"is_trial":false,"path_per_floor":["M","?","$","?","$","E","R","M","T","R","M","?","E","M","R","B",null,"M","?","M","$","?","E","$","R","T","M","R"],"character_chosen":"THE_SILENT","items_purchased":["Dagger Throw","Acrobatics","Deflect"],"campfire_rested":1,"item_purchase_floors":[3,21,21],"current_hp_per_floor":[59,59,59,59,59,59,59,59,59,59,55,55,42,41,41,17,54,52,52,43,43,43,2,2,21,21,11,11,4],"gold":135,"neow_bonus":"THREE_ENEMY_KILL","is_prod":false,"is_daily":false,"chose_seed":false,"campfire_upgraded":4,"win_rate":0,"timestamp":1536814339,"path_taken":["M","?","$","?","$","E","R","?","T","R","?","?","E","M","R","BOSS","M","?","M","$","?","E","$","R","T","M","R","?"],"build_version":"2018-09-06","purchased_purges":2,"victory":false,"max_hp_per_floor":[66,66,66,66,66,66,66,66,66,66,66,66,66,66,66,66,66,66,66,66,66,66,66,66,66,66,66,66,66],"card_choices":[{"not_picked":["Sucker Punch","Dagger Spray"],"picked":"Backstab","floor":1.0},{"not_picked":["Heel Hook","Escape Plan"],"picked":"Deadly Poison","floor":6.0},{"not_picked":["PiercingWail","Prepared"],"picked":"Flying Knee","floor":8.0},{"not_picked":["Eviscerate+1","Noxious Fumes"],"picked":"Dagger Throw+1","floor":11.0},{"not_picked":["Flechettes+1","Prepared"],"picked":"Noxious Fumes","floor":13.0},{"not_picked":["Footwork","Cloak And Dagger"],"picked":"Bane+1","floor":14.0},{"not_picked":["Malaise","Envenom"],"picked":"Burst","floor":16.0},{"not_picked":["Blade Dance","Dodge and Roll","Slice+1"],"picked":"SKIP","floor":18.0},{"not_picked":["Finisher+1","Quick Slash+1"],"picked":"Reflex","floor":20.0},{"not_picked":["Prepared","Masterful Stab+1","Finisher+1"],"picked":"SKIP","floor":23},{"not_picked":["Flying Knee+1","Quick Slash+1","Underhanded Strike+1"],"picked":"Well Laid Plans","floor":27}],"player_experience":659538,"relics_obtained":[{"floor":6.0,"key":"War Paint"},{"floor":9.0,"key":"Molten Egg 2"},{"floor":13.0,"key":"Letter Opener"},{"floor":23,"key":"Thread and Needle"},{"floor":26,"key":"Question Card"}],"event_choices":[{"event_name":"Liars Game","player_choice":"agreed","floor":2.0,"damage_taken":0.0},{"event_name":"The Lab","player_choice":"Got Potions","floor":4.0,"damage_taken":0.0},{"event_name":"The Cleric","player_choice":"Card Removal","floor":12.0,"damage_taken":0.0},{"event_name":"The Library","player_choice":"Read","floor":19.0,"damage_taken":0.0},{"event_name":"Forgotten Altar","player_choice":"Smashed Altar","floor":22.0,"damage_taken":0.0}],"is_beta":false,"boss_relics":[{"not_picked":["Snecko Eye","Black Star"],"picked":"Ring of the Serpent"}],"items_purged_floors":[3,5],"is_endless":false,"potions_floor_spawned":[8,13,14,20],"killed_by":"3 Cultists","ascension_level":17}