{"path_per_floor":["M","M","?","M","$","E","M","$","T","?","R","?","M","M","R","B",null,"M","M","?","?","$","E","R","?","T","R","?","$","T","M","R","B",null,"M","M","$","?","M","E","R","?","T","E","M","$","R","T","R","B"],"character_chosen":"IRONCLAD","items_purchased":["Pommel Strike","Flex","Thunderclap","Evolve","Toxic Egg","Flex","Barricade","Rampage","Shrug It Off","Heavy Blade","Metallicize","Flame Barrier"],"gold_per_floor":[18,30,105,116,17,47,67,44,44,100,100,100,120,136,136,236,236,255,272,272,272,37,65,65,65,65,65,65,39,89,99,99,202,232,247,260,2,50,68,95,95,95,151,180,192,19,19,43,43,43],"floor_reached":51,"campfire_rested":7,"playtime":3646,"current_hp_per_floor":[83,77,66,64,64,21,21,21,21,21,49,49,42,46,75,33,98,96,75,75,59,59,40,71,71,71,102,102,102,102,104,104,46,109,104,93,93,98,99,56,88,88,88,66,54,54,86,86,109,24],"items_purged":[],"gold":43,"play_id":"78e8d414-81a5-4109-aaea-6d1306898a9a","is_prod":false,"is_daily":false,"campfire_rituals":0,"campfire_upgraded":1,"is_hardmode":false,"path_taken":["M","M","?","M","$","E","?","?","T","?","R","?","M","?","R","BOSS","M","M","?","?","$","E","R","?","T","R","?","$","?","?","R","BOSS","M","M","$","?","M","E","R","?","T","E","M","$","R","?","R","BOSS"],"build_version":"2017-12-21-PROD1","purchased_purges":0,"victory":true,"master_deck":["Strike_R","Strike_R","Strike_R","Strike_R","Strike_R","Defend_R","Defend_R","Defend_R","Defend_R","Bash","Feed","Pommel Strike","Burning Pact","Burning Pact","Pommel Strike","Flex","Offering","Power Through","Thunderclap","Whirlwind","Regret","Burning Pact","Corruption","Fiend Fire","Perfected Strike","Blood for Blood","Writhe","Necronomicurse","Evolve","Fiend Fire","Inflame","Flex","Seeing Red","Immolate","Wild Strike","Evolve","Shockwave","Barricade","Rampage","Shrug It Off","Twin Strike","Headbutt","Metallicize","Rupture","Immolate","Pommel Strike","Headbutt","Heavy Blade","Metallicize","Flame Barrier"],"max_hp_per_floor":[83,86,86,89,89,92,95,95,95,95,95,95,95,98,98,98,98,101,101,101,101,101,104,104,104,104,104,104,104,104,104,104,104,109,109,109,109,109,109,109,109,109,109,109,109,109,109,109,109,109],"relics":["Burning Blood","Mummified Hand","Anchor","Matryoshka","Orichalcum","Mark of Pain","Happy Flower","Necronomicon","Toxic Egg","Mercury Hourglass","Bag of Preparation","Blood Vial","Bag of Marbles","Vajra","Tiny House","Bird Faced Urn","Omamori","Tiny Chest","War Paint","Molten Egg"],"campfire_meditates":0,"card_choices":[{"not_picked":["Berserk","Reaper"],"picked":"Feed"},{"not_picked":["True Grit","Sever Soul"],"picked":"Pommel Strike"},{"not_picked":["Flame Barrier","Heavy Blade"],"picked":"Burning Pact"},{"not_picked":["Heavy Blade","Second Wind"],"picked":"Burning Pact"},{"not_picked":["Wild Strike","Power Through"],"picked":"Offering"},{"not_picked":["Clothesline","Bloodletting"],"picked":"Power Through"},{"not_picked":["Pommel Strike","Anger"],"picked":"Whirlwind"},{"not_picked":["Dual Wield","Body Slam"],"picked":"Burning Pact"},{"not_picked":["Armaments","True Grit"],"picked":"Corruption"},{"not_picked":["Limit Break","Reaper"],"picked":"Fiend Fire"},{"not_picked":["Uppercut","Anger"],"picked":"Perfected Strike"},{"not_picked":["Clothesline","Anger"],"picked":"Blood for Blood"},{"not_picked":["Hemokinesis","Twin Strike"],"picked":"Fiend Fire"},{"not_picked":["Warcry","Havoc"],"picked":"Seeing Red"},{"not_picked":["Reaper","Fiend Fire"],"picked":"Immolate"},{"not_picked":["Disarm","Clash"],"picked":"Wild Strike"},{"not_picked":["Perfected Strike","Pommel Strike"],"picked":"Evolve"},{"not_picked":["Wild Strike","Thunderclap"],"picked":"Shockwave"},{"not_picked":["Havoc","Reckless Charge"],"picked":"Twin Strike"},{"not_picked":["Seeing Red","Berserk"],"picked":"Headbutt"},{"not_picked":["True Grit","Dropkick"],"picked":"Metallicize"},{"not_picked":["Blood for Blood","Sword Boomerang"],"picked":"Pommel Strike"},{"not_picked":["Perfected Strike","Flex"],"picked":"Headbutt"}],"player_experience":100365,"potions_floor_usage":[7,10,10,16,16,19,23,36,38,38,50],"damage_taken":[{"damage":1,"enemies":"Cultist","floor":1,"turns":3},{"damage":15,"enemies":"Looter","floor":2,"turns":3},{"damage":11,"enemies":"Jaw Worm","floor":4,"turns":2},{"damage":52,"enemies":"3 Sentries","floor":6,"turns":9},{"damage":9,"enemies":"Gremlin Gang","floor":7,"turns":4},{"damage":6,"enemies":"Gremlin Nob","floor":10,"turns":3},{"damage":13,"enemies":"Red Slaver","floor":13,"turns":2},{"damage":5,"enemies":"Exordium Wildlife","floor":14,"turns":2},{"damage":48,"enemies":"The Guardian","floor":16,"turns":9},{"damage":11,"enemies":"Shell Parasite","floor":18,"turns":4},{"damage":27,"enemies":"Chosen","floor":19,"turns":4},{"damage":28,"enemies":"Gremlin Leader","floor":23,"turns":4},{"damage":3,"enemies":"Slaver and Parasite","floor":31,"turns":1},{"damage":64,"enemies":"Champ","floor":33,"turns":9},{"damage":11,"enemies":"3 Darklings","floor":35,"turns":4},{"damage":19,"enemies":"3 Shapes","floor":36,"turns":3},{"damage":3,"enemies":"Mysterious Sphere","floor":38,"turns":1},{"damage":15,"enemies":"3 Darklings","floor":39,"turns":4},{"damage":59,"enemies":"Giant Head","floor":40,"turns":7},{"damage":42,"enemies":"Nemesis","floor":44,"turns":7},{"damage":26,"enemies":"4 Shapes","floor":45,"turns":3},{"damage":101,"enemies":"Time Eater","floor":50,"turns":11}],"event_choices":[{"event_name":"World of Goop","player_choice":"Gather Gold","floor":3,"damage_taken":0},{"event_name":"Dead Adventurer","player_choice":"Searched \u00272\u0027 times","floor":10,"damage_taken":0},{"event_name":"Big Fish","player_choice":"Box","floor":12,"damage_taken":0},{"event_name":"The Mausoleum","player_choice":"Yes","floor":20,"damage_taken":0},{"event_name":"Cursed Tome","player_choice":"Obtained Book","floor":21,"damage_taken":0},{"event_name":"Drug Dealer","player_choice":"Ignored","floor":25,"damage_taken":0},{"event_name":"The Library","player_choice":"Read","floor":28,"damage_taken":0},{"event_name":"Mysterious Sphere","player_choice":"Fight","floor":38,"damage_taken":0},{"event_name":"Match and Keep!","player_choice":"3 cards matched","floor":42,"damage_taken":0}],"boss_relics":[{"not_picked":["Lizard Tail","Snecko Eye"],"picked":"Mark of Pain"},{"not_picked":["Runic Pyramid","White Beast Statue"],"picked":"Tiny House"}],"potions_floor_spawned":[4,6,7,10,14,18,19,31,33,39],"seed_played":"8314621143583413736","is_trial":false}