{"gold_per_floor":[115,130,130,146,146,146,166,198,221,239,258,37,37,37,37,138,138,148,158,168,168,180,180,180,52,52,64,64,82,107,206,206,305,305,320,366,41,41,51,83,83,112,112,112,112,112,137,157,157,157],"floor_reached":51,"playtime":1769,"items_purged":["Gash","Gash"],"score":1182,"play_id":"12af63c1-7831-442d-8ebf-7a535a765d76","local_time":"20180707194324","is_ascension_mode":true,"campfire_choices":[{"data":"Streamline","floor":6,"key":"SMITH"},{"data":"Sunder","floor":13,"key":"SMITH"},{"data":"Turbo","floor":15,"key":"SMITH"},{"data":"Echo Form","floor":23,"key":"SMITH"},{"floor":28,"key":"REST"},{"floor":32,"key":"REST"},{"data":"Echo Form","floor":41,"key":"SMITH"},{"data":"All For One","floor":44,"key":"SMITH"},{"data":"Strike_B+1","floor":46,"key":"PURGE"},{"floor":49,"key":"REST"}],"neow_cost":"TEN_PERCENT_HP_LOSS","seed_source_timestamp":1112797897612101,"circlet_count":0,"master_deck":["Strike_B+1","Strike_B+1","Strike_B+1","Defend_B+1","Defend_B+1","Defend_B+1","Defend_B+1","Zap","Dualcast","AscendersBane","Coolheaded","Streamline+1","Sunder+1","Conserve Battery","Turbo+1","All For One+1","Echo Form+1","Turbo+1","Necronomicurse","Conserve Battery","Echo Form+1","Self Repair","Reinforced Body","Turbo+1"],"relics":["Cracked Core","Mango","Vajra","Bronze Scales","Lee\u0027s Waffle","Snecko Eye","Necronomicon","The Courier","Lantern","Busted Crown","Incense Burner","Anchor","Peace Pipe","Emotion Chip","Pen Nib","Cables","Calipers"],"potions_floor_usage":[30,40,50],"damage_taken":[{"damage":0,"enemies":"Small Slimes","floor":1,"turns":3},{"damage":5,"enemies":"Jaw Worm","floor":2,"turns":3},{"damage":3,"enemies":"Cultist","floor":4,"turns":4},{"damage":8,"enemies":"Blue Slaver","floor":7,"turns":3},{"damage":21,"enemies":"3 Sentries","floor":8,"turns":7},{"damage":11,"enemies":"Looter","floor":10,"turns":2},{"damage":0,"enemies":"3 Louse","floor":11,"turns":2},{"damage":15,"enemies":"The Guardian","floor":16,"turns":9},{"damage":9,"enemies":"Shell Parasite","floor":18,"turns":2},{"damage":11,"enemies":"Spheric Guardian","floor":19,"turns":3},{"damage":27,"enemies":"Slaver and Parasite","floor":20,"turns":3},{"damage":5,"enemies":"Centurion and Healer","floor":22,"turns":5},{"damage":0,"enemies":"Cultist and Chosen","floor":27,"turns":3},{"damage":1,"enemies":"Snecko","floor":29,"turns":3},{"damage":10,"enemies":"Gremlin Leader","floor":30,"turns":3},{"damage":34,"enemies":"Champ","floor":33,"turns":8},{"damage":0,"enemies":"Orb Walker","floor":35,"turns":3},{"damage":27,"floor":36,"turns":4},{"damage":0,"floor":38,"turns":4},{"damage":8,"enemies":"3 Shapes","floor":39,"turns":5},{"damage":0,"enemies":"2 Orb Walkers","floor":40,"turns":4},{"damage":24,"enemies":"Giant Head","floor":42,"turns":7},{"damage":49,"enemies":"2 Orb Walkers","floor":47,"turns":5},{"damage":0,"enemies":"Sphere and 2 Shapes","floor":48,"turns":4},{"damage":18,"enemies":"Awakened One","floor":50,"turns":10}],"seed_played":"718229903532523370","potions_obtained":[{"floor":1,"key":"AttackPotion"},{"floor":2,"key":"SkillPotion"},{"floor":22,"key":"Explosive Potion"},{"floor":29,"key":"GamblersBrew"},{"floor":30,"key":"SteroidPotion"},{"floor":47,"key":"FocusPotion"}],"is_trial":false,"path_per_floor":["M","M","?","M","?","R","M","E","T","M","M","$","R","?","R","B",null,"M","M","M","?","M","R","?","$","T","M","R","M","E","?","R","B",null,"M","?","$","?","M","E","R","E","T","R","T","R","E","M","R","B"],"character_chosen":"DEFECT","items_purchased":["Lee\u0027s Waffle","Gash","Conserve Battery","Self Repair","Anchor","Reinforced Body"],"campfire_rested":3,"item_purchase_floors":[12,12,25,37,37,37],"current_hp_per_floor":[82,77,61,58,58,58,50,29,29,18,18,89,89,89,89,74,85,76,65,38,38,33,33,17,17,17,17,43,42,32,32,58,24,73,73,46,46,53,59,66,66,56,56,56,56,56,14,21,47,43],"gold":157,"neow_bonus":"ONE_RARE_RELIC","is_prod":false,"is_daily":false,"chose_seed":false,"campfire_upgraded":6,"win_rate":0,"timestamp":1530960204,"path_taken":["M","M","?","M","?","R","?","E","T","M","?","$","R","?","R","BOSS","M","M","M","?","M","R","?","$","T","?","R","?","E","?","R","BOSS","M","?","$","?","?","E","R","E","T","R","?","R","E","M","R","BOSS"],"build_version":"2018-07-05","purchased_purges":2,"victory":true,"max_hp_per_floor":[82,82,82,82,82,82,82,82,82,82,82,89,89,89,89,89,89,89,89,89,89,89,89,89,89,89,89,89,89,89,89,89,89,89,89,89,89,89,89,89,89,89,89,89,89,89,89,89,89,89],"card_choices":[{"not_picked":["Fusion","Rebound"],"picked":"Coolheaded","floor":1},{"not_picked":["Turbo","Stack"],"picked":"Gash","floor":2},{"not_picked":["Lockon","Redo"],"picked":"Streamline","floor":4},{"not_picked":["Barrage","Beam Cell"],"picked":"Sunder","floor":7},{"not_picked":["Compile Driver","Genetic Algorithm"],"picked":"Conserve Battery","floor":8},{"not_picked":["Ball Lightning","Steam"],"picked":"Turbo","floor":10},{"not_picked":["White Noise","Stack","Coolheaded"],"picked":"SKIP","floor":11},{"not_picked":["Seek","Creative AI"],"picked":"All For One","floor":16},{"not_picked":["Turbo","Ball Lightning","Cold Snap+1"],"picked":"SKIP","floor":18},{"not_picked":["Force Field","Beam Cell","Gash+1"],"picked":"SKIP","floor":19},{"not_picked":["Ball Lightning","Streamline"],"picked":"Echo Form","floor":20},{"not_picked":["Blizzard","Consume+1"],"picked":"Turbo+1","floor":22},{"not_picked":["Capacitor","Coolheaded","Go for the Eyes+1"],"picked":"SKIP","floor":27},{"not_picked":["Reprogram","Barrage","Defragment"],"picked":"SKIP","floor":29},{"not_picked":["Darkness","Hello World","Static Discharge"],"picked":"SKIP","floor":30},{"not_picked":["Seek","Reboot"],"picked":"Echo Form","floor":33},{"not_picked":["Steam"],"picked":"SKIP","floor":35},{"not_picked":[],"picked":"Turbo+1","floor":38},{"not_picked":["Beam Cell"],"picked":"SKIP","floor":39},{"not_picked":["Barrage"],"picked":"SKIP","floor":40},{"not_picked":["Rebound"],"picked":"SKIP","floor":42},{"not_picked":["Loop+1"],"picked":"SKIP","floor":47},{"not_picked":["Steam Power+1"],"picked":"SKIP","floor":48}],"player_experience":537627,"relics_obtained":[{"floor":8,"key":"Vajra"},{"floor":9,"key":"Bronze Scales"},{"floor":24,"key":"Necronomicon"},{"floor":26,"key":"The Courier"},{"floor":30,"key":"Lantern"},{"floor":36,"key":"Incense Burner"},{"floor":38,"key":"Peace Pipe"},{"floor":40,"key":"Emotion Chip"},{"floor":42,"key":"Pen Nib"},{"floor":45,"key":"Cables"},{"floor":47,"key":"Calipers"}],"event_choices":[{"event_name":"Shining Light","player_choice":"Entered Light","floor":3,"damage_taken":0},{"event_name":"Liars Game","player_choice":"disagreed","floor":5,"damage_taken":0},{"event_name":"The Cleric","player_choice":"Leave","floor":14,"damage_taken":0},{"event_name":"Back to Basics","player_choice":"Simplicity","floor":21,"damage_taken":0},{"event_name":"Cursed Tome","player_choice":"Obtained Book","floor":24,"damage_taken":0},{"event_name":"Nest","player_choice":"Stole From Cult","floor":31,"damage_taken":0},{"event_name":"Mysterious Sphere","player_choice":"Fight","floor":36,"damage_taken":0},{"event_name":"MindBloom","player_choice":"Fight","floor":38,"damage_taken":0}],"boss_relics":[{"not_picked":["Fusion Hammer","Calling Bell"],"picked":"Snecko Eye"},{"not_picked":["Inserter","Philosopher\u0027s Stone"],"picked":"Busted Crown"}],"items_purged_floors":[25,37],"is_endless":false,"potions_floor_spawned":[1,2,11,18,22,29,30,35,39,47],"ascension_level":11}