{"gold_per_floor":[118,118,137,156,169,203,203,227,227,227,243,272,101,121,121,121],"floor_reached":16,"playtime":1519,"items_purged":["Strike_R"],"score":179,"play_id":"e54e0bd4-98f8-4efa-bcde-31d8b564de5b","local_time":"20190207205502","is_ascension_mode":true,"campfire_choices":[{"data":"Body Slam","floor":7,"key":"SMITH"},{"data":"Barricade","floor":10,"key":"SMITH"},{"data":"True Grit","floor":15,"key":"SMITH"}],"neow_cost":"NONE","seed_source_timestamp":81544969520233,"circlet_count":0,"master_deck":["AscendersBane","Strike_R","Strike_R","Strike_R","Defend_R","Defend_R","Defend_R","Defend_R","Bash+1","Body Slam+1","Anger","Clothesline","Feel No Pain","Barricade+1","Sentinel","Whirlwind","Uppercut","True Grit+1","Clash"],"relics":["Burning Blood","PreservedInsect","Happy Flower","Potion Belt"],"potions_floor_usage":[6,12,14],"damage_taken":[{"damage":15,"enemies":"Small Slimes","floor":1,"turns":5},{"damage":8,"enemies":"Jaw Worm","floor":3,"turns":5},{"damage":3,"enemies":"2 Louse","floor":4,"turns":3},{"damage":5,"enemies":"Blue Slaver","floor":5,"turns":3},{"damage":26,"enemies":"3 Sentries","floor":6,"turns":11},{"damage":2,"enemies":"Looter","floor":11,"turns":3},{"damage":25,"enemies":"Lagavulin","floor":12,"turns":5},{"damage":4,"enemies":"Exordium Wildlife","floor":14,"turns":4},{"damage":36,"enemies":"The Guardian","floor":16,"turns":11}],"seed_played":"-1619372238235942022","potions_obtained":[{"floor":4,"key":"SkillPotion"},{"floor":5,"key":"Poison Potion"},{"floor":12,"key":"Fire Potion"}],"is_trial":false,"path_per_floor":["M","?","M","M","M","E","R","T","T","R","M","E","$","M","R","B"],"character_chosen":"IRONCLAD","items_purchased":["Uppercut","True Grit"],"campfire_rested":0,"item_purchase_floors":[13,13],"current_hp_per_floor":[63,63,61,64,65,45,45,45,45,45,49,30,30,32,32,0],"gold":121,"neow_bonus":"UPGRADE_CARD","is_prod":false,"is_daily":false,"chose_seed":false,"campfire_upgraded":3,"win_rate":0,"timestamp":1549590902,"path_taken":["M","?","M","M","M","E","R","?","T","R","M","E","$","M","R","BOSS"],"build_version":"2019-01-23","purchased_purges":1,"victory":false,"max_hp_per_floor":[80,80,80,80,80,80,80,80,80,80,80,80,80,80,80,80],"card_choices":[{"not_picked":["Headbutt","Burning Pact"],"picked":"Body Slam","floor":1},{"not_picked":["Heavy Blade","Perfected Strike"],"picked":"Anger","floor":3},{"not_picked":["True Grit","Headbutt"],"picked":"Clothesline","floor":4},{"not_picked":["Pommel Strike","True Grit"],"picked":"Feel No Pain","floor":5},{"not_picked":["Wild Strike","Pommel Strike"],"picked":"Barricade","floor":6},{"not_picked":["Sword Boomerang","Cleave"],"picked":"Sentinel","floor":11},{"not_picked":["Wild Strike","Demon Form"],"picked":"Whirlwind","floor":12},{"not_picked":["Cleave","Fire Breathing"],"picked":"Clash","floor":14}],"player_experience":378933,"relics_obtained":[{"floor":6,"key":"PreservedInsect"},{"floor":8,"key":"Happy Flower"},{"floor":12,"key":"Potion Belt"}],"event_choices":[{"cards_removed":["Strike_R"],"damage_healed":0,"gold_gain":0,"player_choice":"Forget","damage_taken":0,"max_hp_gain":0,"max_hp_loss":0,"event_name":"Living Wall","floor":2,"gold_loss":0}],"is_beta":false,"boss_relics":[],"items_purged_floors":[13],"is_endless":false,"potions_floor_spawned":[4,5,12],"killed_by":"The Guardian","ascension_level":12}