{"gold_per_floor":[119,133,133,150,150,150,185,200,200,200,15,15,26,26,26,97,97,115,115,115,128,29,29],"floor_reached":23,"playtime":548,"items_purged":[],"score":359,"play_id":"b5bbfabf-3b91-453c-834a-7f2ec51d1bc7","local_time":"20181001013107","is_ascension_mode":true,"campfire_choices":[{"data":"Zap","floor":6,"key":"SMITH"},{"data":"Defragment","floor":10,"key":"SMITH"},{"data":"Ball Lightning","floor":12,"key":"SMITH"},{"data":"Ball Lightning","floor":15,"key":"SMITH"}],"neow_cost":"NONE","seed_source_timestamp":1408815218061128,"circlet_count":0,"master_deck":["Strike_B+1","Defend_B+1","Defend_B+1","Defend_B+1","Defend_B+1","Zap+1","Dualcast","AscendersBane","Thunder Strike","Coolheaded","Ball Lightning+1","Ball Lightning+1","Defragment+1","Steam","Echo Form","Biased Cognition","Ball Lightning+1","Meteor Strike+1","Double Energy+1","Reprogram","Stack","Self Repair"],"relics":["Cracked Core","GremlinMask","Mercury Hourglass","The Courier","Lee\u0027s Waffle","Astrolabe"],"potions_floor_usage":[4],"damage_taken":[{"damage":10,"enemies":"Small Slimes","floor":1,"turns":3},{"damage":0,"enemies":"Jaw Worm","floor":2,"turns":4},{"damage":0,"enemies":"2 Louse","floor":4,"turns":1},{"damage":32,"enemies":"Gremlin Nob","floor":7,"turns":4},{"damage":4,"enemies":"Red Slaver","floor":8,"turns":2},{"damage":16,"enemies":"Large Slime","floor":13,"turns":4},{"damage":32,"enemies":"Slime Boss","floor":16,"turns":5},{"damage":31,"enemies":"3 Byrds","floor":18,"turns":3},{"damage":23,"enemies":"Shell Parasite","floor":21,"turns":4},{"damage":34,"enemies":"Slavers","floor":23,"turns":1}],"seed_played":"-8758810417849711280","potions_obtained":[{"floor":2,"key":"Explosive Potion"},{"floor":7,"key":"GamblersBrew"},{"floor":13,"key":"SteroidPotion"}],"is_trial":false,"path_per_floor":["M","M","?","M","?","R","E","M","T","R","$","R","M","?","R","B",null,"M","?","?","M","$"],"character_chosen":"DEFECT","items_purchased":["Lee\u0027s Waffle","Stack","Self Repair"],"campfire_rested":0,"item_purchase_floors":[11,22,22],"current_hp_per_floor":[54,54,54,54,54,54,22,18,18,18,78,78,62,62,62,30,66,35,35,51,28,28,0],"gold":29,"neow_bonus":"ONE_RANDOM_RARE_CARD","is_prod":false,"is_daily":false,"chose_seed":false,"campfire_upgraded":4,"win_rate":0,"timestamp":1538371867,"path_taken":["M","M","?","?","?","R","E","M","T","R","$","R","M","?","R","BOSS","M","?","?","M","?","E"],"build_version":"2018-09-27","purchased_purges":0,"victory":false,"max_hp_per_floor":[71,71,71,71,71,71,71,71,71,71,78,78,78,78,78,78,78,78,78,78,78,78,78],"card_choices":[{"not_picked":["Leap","Gash"],"picked":"Coolheaded","floor":1},{"not_picked":["Redo","Blizzard"],"picked":"Ball Lightning","floor":2},{"not_picked":["Reinforced Body","Sweeping Beam"],"picked":"Ball Lightning","floor":4},{"not_picked":["Hologram","Blizzard"],"picked":"Defragment","floor":7},{"not_picked":["Tempest","Barrage"],"picked":"Steam","floor":8},{"not_picked":["Sweeping Beam","Coolheaded"],"picked":"Echo Form","floor":13},{"not_picked":["Buffer","Core Surge"],"picked":"Biased Cognition","floor":16},{"not_picked":["Barrage","Scrape"],"picked":"Reprogram","floor":18},{"not_picked":["Reprogram","Aggregate","Steam"],"picked":"SKIP","floor":21}],"player_experience":291082,"relics_obtained":[{"floor":7,"key":"Mercury Hourglass"},{"floor":9,"key":"The Courier"}],"event_choices":[{"event_name":"Liars Game","player_choice":"disagreed","floor":3,"damage_taken":0},{"event_name":"FaceTrader","player_choice":"Trade","floor":5,"damage_taken":0},{"event_name":"The Cleric","player_choice":"Leave","floor":14,"damage_taken":0},{"event_name":"Back to Basics","player_choice":"Simplicity","floor":19,"damage_taken":0},{"event_name":"The Library","player_choice":"Heal","floor":20,"damage_taken":0}],"is_beta":false,"boss_relics":[{"not_picked":["Fusion Hammer","Black Star"],"picked":"Astrolabe"}],"items_purged_floors":[],"is_endless":false,"potions_floor_spawned":[2,7,13],"killed_by":"Slavers","ascension_level":18}