{"gold_per_floor":[115,190,202,182,198,227,242,274,274,29,54,54,73,92,92,92],"floor_reached":16,"playtime":693,"items_purged":["Strike_R"],"score":244,"play_id":"17bed3f7-c8a2-4320-a665-bd5d33da35f2","local_time":"20190301213057","is_ascension_mode":true,"campfire_choices":[{"data":"Armaments","floor":12.0,"key":"SMITH"},{"data":"Flame Barrier","floor":15.0,"key":"SMITH"}],"neow_cost":"NONE","seed_source_timestamp":46907692564331,"circlet_count":0,"master_deck":["AscendersBane","Strike_R","Strike_R","Strike_R","Defend_R","Defend_R","Defend_R","Defend_R","Bash","Sever Soul","Twin Strike","Shrug It Off","Cleave","Feed+1","Anger+1","Demon Form","Armaments+1","Flame Barrier+1","Carnage","Headbutt","Battle Trance"],"special_seed":0,"relics":["Burning Blood","Anchor","Whetstone","Sundial"],"potions_floor_usage":[],"damage_taken":[{"damage":1.0,"enemies":"2 Louse","floor":1.0,"turns":4.0},{"damage":10.0,"enemies":"Small Slimes","floor":3.0,"turns":3.0},{"damage":1.0,"enemies":"Cultist","floor":5.0,"turns":3.0},{"damage":20.0,"enemies":"Gremlin Nob","floor":6.0,"turns":4.0},{"damage":3.0,"enemies":"Exordium Thugs","floor":7.0,"turns":5.0},{"damage":32.0,"enemies":"Lagavulin","floor":8.0,"turns":7.0},{"damage":8.0,"enemies":"Gremlin Nob","floor":11.0,"turns":3.0},{"damage":0.0,"enemies":"Red Slaver","floor":13.0,"turns":3.0},{"damage":0.0,"enemies":"Large Slime","floor":14.0,"turns":3.0},{"damage":46,"enemies":"Slime Boss","floor":16,"turns":10}],"seed_played":"2707925611319443907","potions_obtained":[{"floor":3.0,"key":"Energy Potion"},{"floor":4.0,"key":"SteroidPotion"},{"floor":5.0,"key":"Block Potion"},{"floor":6.0,"key":"Block Potion"}],"is_trial":false,"path_per_floor":["M","?","M","?","M","E","M","E","T","$","E","R","M","M","R","B"],"character_chosen":"IRONCLAD","items_purchased":["Armaments","Flame Barrier","Carnage"],"campfire_rested":0,"item_purchase_floors":[10,10,10],"current_hp_per_floor":[73,62,58,58,63,49,55,32,32,32,30,30,40,46,46,4],"gold":92,"neow_bonus":"TRANSFORM_CARD","is_prod":false,"is_daily":false,"chose_seed":false,"campfire_upgraded":2,"win_rate":0,"timestamp":1551493857,"path_taken":["M","?","M","?","M","E","?","E","T","?","E","R","M","M","R","BOSS"],"build_version":"2019-01-23","purchased_purges":1,"victory":false,"max_hp_per_floor":[75,75,75,75,75,75,78,81,81,81,81,81,85,85,85,89],"card_choices":[{"not_picked":["Flex","Infernal Blade"],"picked":"Twin Strike","floor":1.0},{"not_picked":["Clothesline","Wild Strike"],"picked":"Shrug It Off","floor":3.0},{"not_picked":["Intimidate","Heavy Blade"],"picked":"Cleave","floor":5.0},{"not_picked":["Cleave","Disarm"],"picked":"Feed","floor":6.0},{"not_picked":["Headbutt","Body Slam"],"picked":"Anger","floor":7.0},{"not_picked":["Body Slam","Reckless Charge"],"picked":"Demon Form","floor":8.0},{"not_picked":["Flame Barrier","Armaments"],"picked":"Headbutt","floor":11.0},{"not_picked":["Shrug It Off","Havoc"],"picked":"Battle Trance","floor":13.0},{"not_picked":["Perfected Strike","Clash","Wild Strike"],"picked":"SKIP","floor":14.0}],"player_experience":622574,"relics_obtained":[{"floor":6.0,"key":"Anchor"},{"floor":8.0,"key":"Whetstone"},{"floor":11.0,"key":"Sundial"}],"event_choices":[{"damage_healed":0.0,"max_hp_gain":0.0,"max_hp_loss":0.0,"gold_gain":75.0,"event_name":"World of Goop","player_choice":"Gather Gold","floor":2.0,"gold_loss":0.0,"damage_taken":11.0},{"damage_healed":0.0,"max_hp_gain":0.0,"max_hp_loss":0.0,"gold_gain":0.0,"event_name":"The Woman in Blue","player_choice":"Bought 1 Potion","floor":4.0,"gold_loss":0.0,"damage_taken":0.0}],"is_beta":false,"boss_relics":[],"items_purged_floors":[10],"is_endless":false,"potions_floor_spawned":[3,5,6],"killed_by":"Slime Boss","ascension_level":20}