{"gold_per_floor":[11,26,26,42,42,42,52,62,62,62,78,111,111,32,32,135,135,147,147,147,160,16,16,32,32,32,32,60,71,71,90,90,90],"floor_reached":33,"playtime":1599,"items_purged":["Writhe"],"score":401,"play_id":"fcc4f8f9-0766-44fb-a0ac-bf27d889cce3","local_time":"20180921172519","is_ascension_mode":true,"campfire_choices":[{"data":"Rainbow","floor":6,"key":"SMITH"},{"data":"Consume","floor":10,"key":"SMITH"},{"data":"Sunder","floor":13,"key":"SMITH"},{"data":"Loop","floor":15,"key":"SMITH"},{"data":"Sunder","floor":23,"key":"SMITH"},{"floor":25,"key":"REST"},{"data":"Rainbow","floor":32,"key":"SMITH"}],"neow_cost":"NO_GOLD","seed_source_timestamp":600949588943179,"circlet_count":0,"master_deck":["Strike_B","Strike_B","Strike_B","Defend_B","Defend_B","Defend_B","Zap","Dualcast","AscendersBane","Force Field","Rainbow+1","Conserve Battery","Consume+1","Cold Snap","Steam Power","Rebound","Sunder+1","Skim","Loop+1","Rainbow+1","Hologram","Sunder+1","Streamline"],"relics":["Cracked Core","Mango","Dead Branch","Thread and Needle","Snecko Eye","Pen Nib","Darkstone Periapt","Cables"],"potions_floor_usage":[28,33],"damage_taken":[{"damage":7,"enemies":"Small Slimes","floor":1,"turns":3},{"damage":0,"enemies":"Cultist","floor":2,"turns":3},{"damage":0,"enemies":"2 Louse","floor":4,"turns":2},{"damage":5,"enemies":"2 Fungi Beasts","floor":7,"turns":4},{"damage":1,"enemies":"Blue Slaver","floor":8,"turns":3},{"damage":4,"enemies":"Looter","floor":11,"turns":3},{"damage":6,"enemies":"Gremlin Nob","floor":12,"turns":3},{"damage":49,"enemies":"Hexaghost","floor":16,"turns":10},{"damage":9,"enemies":"3 Byrds","floor":18,"turns":4},{"damage":1,"enemies":"2 Thieves","floor":21,"turns":3},{"damage":28,"enemies":"Centurion and Healer","floor":24,"turns":6},{"damage":3,"enemies":"Book of Stabbing","floor":28,"turns":4},{"damage":15,"enemies":"Snake Plant","floor":29,"turns":5},{"damage":0,"enemies":"Snecko","floor":31,"turns":2},{"damage":70,"enemies":"Automaton","floor":33,"turns":6}],"seed_played":"-8930272715157037865","potions_obtained":[{"floor":2,"key":"Dexterity Potion"},{"floor":7,"key":"FocusPotion"},{"floor":11,"key":"Ancient Potion"},{"floor":28,"key":"Explosive Potion"},{"floor":29,"key":"PowerPotion"}],"is_trial":false,"path_per_floor":["M","M","?","M","?","R","M","M","T","R","M","E","R","$","R","B",null,"M","?","?","M","$","R","M","R","T","$","E","M","?","M","R"],"character_chosen":"DEFECT","items_purchased":["Loop","Sunder"],"campfire_rested":1,"item_purchase_floors":[14,22],"current_hp_per_floor":[61,61,61,61,72,72,67,66,66,66,62,56,56,56,56,7,69,60,60,60,59,59,59,31,57,57,57,54,39,68,68,68,0],"gold":90,"neow_bonus":"TRANSFORM_TWO_CARDS","is_prod":false,"is_daily":false,"chose_seed":false,"campfire_upgraded":6,"win_rate":0,"timestamp":1537565119,"path_taken":["M","M","?","M","?","R","M","M","T","R","M","E","R","?","R","BOSS","M","?","?","M","$","R","M","R","T","$","E","M","?","M","R","BOSS"],"build_version":"2018-09-20","purchased_purges":1,"victory":false,"max_hp_per_floor":[75,75,75,75,89,89,89,89,89,89,89,89,89,89,89,89,89,89,89,89,89,89,89,89,89,89,89,89,89,89,89,89,89],"card_choices":[{"not_picked":["Leap","Turbo"],"picked":"Conserve Battery","floor":1},{"not_picked":["Sweeping Beam","Coolheaded"],"picked":"Consume","floor":2},{"not_picked":["Steam","Conserve Battery"],"picked":"Cold Snap","floor":4},{"not_picked":["Leap","Streamline"],"picked":"Steam Power","floor":7},{"not_picked":["Leap","Hologram"],"picked":"Rebound","floor":8},{"not_picked":["Blizzard","Genetic Algorithm"],"picked":"Sunder","floor":11},{"not_picked":["Reprogram","Aggregate"],"picked":"Skim","floor":12},{"not_picked":["Reboot","Electrodynamics"],"picked":"Rainbow","floor":16},{"not_picked":["Lockon","Barrage+1"],"picked":"Hologram","floor":18},{"not_picked":["Compile Driver","Ball Lightning","Conserve Battery"],"picked":"SKIP","floor":21},{"not_picked":["Compile Driver","Steam","BootSequence+1"],"picked":"SKIP","floor":24},{"not_picked":["Compile Driver","Steam","Barrage"],"picked":"SKIP","floor":28},{"not_picked":["Cold Snap","Gash"],"picked":"Streamline","floor":29},{"not_picked":["Reinforced Body","Steam Power+1","Blizzard"],"picked":"SKIP","floor":31}],"player_experience":223839,"relics_obtained":[{"floor":9,"key":"Dead Branch"},{"floor":12,"key":"Thread and Needle"},{"floor":26,"key":"Darkstone Periapt"},{"floor":28,"key":"Cables"}],"event_choices":[{"event_name":"Golden Idol","player_choice":"Ignored","floor":3,"damage_taken":0},{"event_name":"Scrap Ooze","player_choice":"success","floor":5,"damage_taken":3},{"event_name":"The Mausoleum","player_choice":"Yes","floor":19,"damage_taken":0},{"event_name":"Cursed Tome","player_choice":"Ignored","floor":20,"damage_taken":0},{"event_name":"The Library","player_choice":"Heal","floor":30,"damage_taken":0}],"is_beta":false,"boss_relics":[{"not_picked":["Sozu","FrozenCore"],"picked":"Snecko Eye"}],"items_purged_floors":[22],"is_endless":false,"potions_floor_spawned":[2,7,11,28,29,31],"killed_by":"Automaton","ascension_level":10}