{"gold_per_floor":[214,227,24,24,42,71,71,98,98,126,143,143,162,30,30,103,103,103,103,103,28,28,28,28,28,28,28,28,28,28,28,28,28,28,28,28,28,28,0,0,0,0,0,0,0,0],"floor_reached":46,"playtime":3622,"items_purged":[],"score":1044,"play_id":"3de29f94-26b4-4891-83bb-168b21cd90e1","local_time":"20180712194624","is_ascension_mode":true,"campfire_choices":[{"floor":7,"key":"REST"},{"floor":12,"key":"REST"},{"data":"Neutralize","floor":15,"key":"SMITH"},{"floor":24,"key":"REST"},{"data":"Footwork","floor":28,"key":"SMITH"},{"data":"Adrenaline","floor":30,"key":"SMITH"},{"floor":32,"key":"REST"},{"floor":41,"key":"REST"},{"floor":44,"key":"REST"}],"neow_cost":"NONE","seed_source_timestamp":88824046367785,"circlet_count":0,"master_deck":["Defend_G+1","Defend_G","Defend_G","Defend_G","Defend_G","Strike_G","Strike_G","Strike_G","Strike_G","Survivor+1","Neutralize+1","AscendersBane","PiercingWail+1","Caltrops","Poisoned Stab","Adrenaline+1","Backflip+1","Riddle With Holes","Sucker Punch","Footwork+1","Doppelganger","Crippling Poison","RitualDagger","Backflip+1","Noxious Fumes","Footwork","Footwork","After Image","Malaise","Normality","Backflip","Flying Knee+1","Calculated Gamble"],"relics":["Ring of the Snake","TwistedFunnel","Incense Burner","Shuriken","Pear","Centennial Puzzle","Ectoplasm","Pantograph","Bottled Lightning","Dodecahedron","Bottled Tornado","Cursed Key","War Paint","Red Mask","Gremlin Horn","Mango","Omamori"],"potions_floor_usage":[6,10,16,25,33,36,40,46],"damage_taken":[{"damage":1,"enemies":"Small Slimes","floor":1,"turns":5},{"damage":0,"enemies":"2 Louse","floor":2,"turns":4},{"damage":0,"enemies":"Cultist","floor":5,"turns":4},{"damage":16,"enemies":"Gremlin Nob","floor":6,"turns":4},{"damage":20,"enemies":"3 Sentries","floor":8,"turns":8},{"damage":6,"enemies":"Gremlin Nob","floor":10,"turns":4},{"damage":4,"enemies":"Red Slaver","floor":11,"turns":3},{"damage":3,"enemies":"Exordium Thugs","floor":13,"turns":3},{"damage":9,"enemies":"The Guardian","floor":16,"turns":12},{"damage":1,"enemies":"Chosen","floor":18,"turns":5},{"damage":4,"enemies":"3 Byrds","floor":19,"turns":4},{"damage":0,"enemies":"Centurion and Healer","floor":22,"turns":6},{"damage":10,"enemies":"Book of Stabbing","floor":23,"turns":7},{"damage":9,"enemies":"Slavers","floor":25,"turns":6},{"damage":9,"enemies":"Gremlin Leader","floor":27,"turns":8},{"damage":0,"enemies":"Chosen and Byrds","floor":31,"turns":4},{"damage":6,"enemies":"Champ","floor":33,"turns":11},{"damage":0,"enemies":"Orb Walker","floor":35,"turns":4},{"damage":0,"enemies":"3 Darklings","floor":36,"turns":5},{"damage":55,"enemies":"Giant Head","floor":40,"turns":14},{"damage":14,"enemies":"Nemesis","floor":42,"turns":11},{"damage":59,"enemies":"2 Orb Walkers","floor":45,"turns":9},{"damage":13,"enemies":"4 Shapes","floor":46,"turns":4}],"seed_played":"3767296312824178864","potions_obtained":[{"floor":2,"key":"Swift Potion"},{"floor":5,"key":"Explosive Potion"},{"floor":10,"key":"EssenceOfSteel"},{"floor":16,"key":"GamblersBrew"},{"floor":25,"key":"SteroidPotion"},{"floor":35,"key":"AttackPotion"},{"floor":45,"key":"GamblersBrew"}],"is_trial":false,"path_per_floor":["M","M","$","?","M","E","R","E","T","E","M","R","M","$","R","B",null,"M","M","?","?","M","E","R","E","T","E","R","$","R","M","R","B",null,"M","M","?","T","?","E","R","E","T","R","E"],"character_chosen":"THE_SILENT","items_purchased":["TwistedFunnel","Footwork","Energy Potion"],"campfire_rested":6,"item_purchase_floors":[3,14,14],"current_hp_per_floor":[58,58,58,38,38,22,41,21,31,25,21,43,40,40,40,31,65,64,60,54,54,54,44,66,57,57,48,48,48,48,48,70,70,75,75,75,75,75,75,20,42,42,42,69,10,0],"gold":0,"neow_bonus":"HUNDRED_GOLD","is_prod":false,"is_daily":false,"chose_seed":false,"campfire_upgraded":3,"win_rate":0,"timestamp":1531417584,"path_taken":["M","M","$","?","M","E","R","E","T","E","M","R","?","?","R","BOSS","M","M","?","?","M","E","R","E","T","E","R","$","R","M","R","BOSS","M","M","?","?","?","E","R","E","T","R","E","?"],"build_version":"2018-07-05","purchased_purges":0,"victory":false,"max_hp_per_floor":[66,66,66,66,66,66,66,66,76,76,76,76,76,76,76,76,76,76,76,76,76,76,76,76,76,76,76,76,76,76,76,76,76,76,76,76,76,76,76,76,76,90,90,90,90,90],"card_choices":[{"not_picked":["Prepared","Acrobatics"],"picked":"PiercingWail","floor":1},{"not_picked":["Outmaneuver","Acrobatics"],"picked":"Caltrops","floor":2},{"not_picked":["PiercingWail","Outmaneuver"],"picked":"Poisoned Stab","floor":5},{"not_picked":["Choke","Dodge and Roll"],"picked":"Flying Knee","floor":6},{"not_picked":["Dodge and Roll","Finisher"],"picked":"Adrenaline","floor":8},{"not_picked":["Poisoned Stab","Acrobatics"],"picked":"Backflip","floor":10},{"not_picked":["Poisoned Stab","Prepared"],"picked":"Riddle With Holes","floor":11},{"not_picked":["Dagger Throw","Noxious Fumes"],"picked":"Sucker Punch","floor":13},{"not_picked":["Tactician","Grand Finale"],"picked":"Doppelganger","floor":16},{"not_picked":["Blur","Deflect"],"picked":"Crippling Poison","floor":18},{"not_picked":["Bane","All Out Attack","Eviscerate"],"picked":"SKIP","floor":19},{"not_picked":["Deflect","Quick Slash"],"picked":"Backflip+1","floor":22},{"not_picked":["Grand Finale","Deflect"],"picked":"Noxious Fumes","floor":23},{"not_picked":["Backflip","Underhanded Strike+1"],"picked":"Footwork","floor":25},{"not_picked":["Flying Knee","PiercingWail","Underhanded Strike+1"],"picked":"SKIP","floor":27},{"not_picked":["Deflect+1","Bouncing Flask"],"picked":"Footwork","floor":31},{"not_picked":["Tools of the Trade","Glass Knife"],"picked":"After Image","floor":33},{"not_picked":["Deflect","Slice+1","Bouncing Flask"],"picked":"SKIP","floor":35},{"not_picked":["Sucker Punch","Dash"],"picked":"Malaise","floor":36},{"not_picked":["Deflect","Expertise"],"picked":"Backflip","floor":40},{"not_picked":["Outmaneuver","Bane"],"picked":"Flying Knee+1","floor":42},{"not_picked":["Backflip","PiercingWail"],"picked":"Calculated Gamble","floor":45}],"player_experience":820247,"relics_obtained":[{"floor":6,"key":"Incense Burner"},{"floor":8,"key":"Shuriken"},{"floor":9,"key":"Pear"},{"floor":10,"key":"Centennial Puzzle"},{"floor":23,"key":"Pantograph"},{"floor":25,"key":"Bottled Lightning"},{"floor":26,"key":"Dodecahedron"},{"floor":27,"key":"Bottled Tornado"},{"floor":38,"key":"War Paint"},{"floor":40,"key":"Gremlin Horn"},{"floor":42,"key":"Mango"},{"floor":45,"key":"Omamori"}],"event_choices":[{"event_name":"Shining Light","player_choice":"Entered Light","floor":4,"damage_taken":0},{"event_name":"Nest","player_choice":"Joined the Cult","floor":20,"damage_taken":0},{"event_name":"Beggar","player_choice":"Gave Gold","floor":21,"damage_taken":0},{"event_name":"Falling","player_choice":"Removed Attack","floor":37,"damage_taken":0},{"event_name":"Tomb of Lord Red Mask","player_choice":"Paid","floor":39,"damage_taken":0}],"boss_relics":[{"not_picked":["Lizard Tail","Busted Crown"],"picked":"Ectoplasm"},{"not_picked":["White Beast Statue","Eternal Feather"],"picked":"Cursed Key"}],"items_purged_floors":[],"is_endless":false,"potions_floor_spawned":[2,5,10,16,23,25,31,35,45],"killed_by":"4 Shapes","ascension_level":15}