{"gold_per_floor":[109,41,61,79,57,83,111,123,158,189,233,245,280,303,315,425,437,362,362,277,277,277,277,277,277,277,277,277,277,277,277,277,277],"floor_reached":33,"playtime":1126,"items_purged":[],"score":293,"play_id":"d0c2cdde-b4a5-4978-8976-e013628a7a4e","local_time":"20190212181130","is_ascension_mode":false,"campfire_choices":[{"floor":8,"key":"REST"},{"floor":15,"key":"REST"},{"floor":24,"key":"REST"},{"floor":27,"key":"REST"},{"floor":29,"key":"REST"},{"floor":32,"key":"REST"}],"neow_cost":"NONE","seed_source_timestamp":5027604078506907,"circlet_count":0,"master_deck":["Strike_B","Strike_B","Strike_B","Strike_B","Defend_B","Defend_B","Defend_B","Defend_B","Zap","Dualcast","Genetic Algorithm","Capacitor","Go for the Eyes","Sweeping Beam","Conserve Battery","Leap","Sweeping Beam","Auto Shields","Biased Cognition","RitualDagger+1"],"relics":["Cracked Core","NeowsBlessing","MawBank","DataDisk","Omamori","Ectoplasm","Juzu Bracelet","WarpedTongs","Frozen Egg 2","Happy Flower","Molten Egg 2"],"potions_floor_usage":[11,16,16,23,25,25],"damage_taken":[{"damage":0,"enemies":"Cultist","floor":1,"turns":1},{"damage":0,"enemies":"Small Slimes","floor":3,"turns":1},{"damage":0,"enemies":"Jaw Worm","floor":4,"turns":1},{"damage":32,"enemies":"Gremlin Nob","floor":6,"turns":5},{"damage":7,"enemies":"Lots of Slimes","floor":7,"turns":4},{"damage":17,"enemies":"Exordium Thugs","floor":10,"turns":6},{"damage":26,"enemies":"Lagavulin","floor":11,"turns":9},{"damage":0,"enemies":"Looter","floor":14,"turns":4},{"damage":32,"enemies":"Hexaghost","floor":16,"turns":13},{"damage":19,"enemies":"2 Thieves","floor":18,"turns":4},{"damage":7,"enemies":"3 Byrds","floor":19,"turns":6},{"damage":43,"enemies":"Gremlin Leader","floor":23,"turns":11},{"damage":15,"enemies":"Book of Stabbing","floor":25,"turns":7},{"damage":37,"enemies":"Snake Plant","floor":31,"turns":7},{"damage":49,"enemies":"Champ","floor":33,"turns":11}],"seed_played":"-9197623594207600101","potions_obtained":[{"floor":3,"key":"Weak Potion"},{"floor":6,"key":"Weak Potion"},{"floor":10,"key":"Weak Potion"},{"floor":16,"key":"Strength Potion"},{"floor":18,"key":"SkillPotion"},{"floor":19,"key":"Weak Potion"},{"floor":31,"key":"Explosive Potion"}],"is_trial":false,"path_per_floor":["M","$","M","M","$","E","M","R","T","M","E","?","T","M","R","B",null,"M","M","?","$","?","E","R","E","T","R","?","R","?","M","R","B"],"character_chosen":"DEFECT","items_purchased":["Capacitor","Conserve Battery"],"campfire_rested":6,"item_purchase_floors":[2,5],"current_hp_per_floor":[75,75,75,75,75,43,36,58,58,41,15,15,15,15,37,5,75,56,49,49,49,49,6,28,13,13,35,35,57,51,14,36,0],"gold":277,"neow_bonus":"THREE_ENEMY_KILL","is_prod":false,"is_daily":false,"chose_seed":false,"campfire_upgraded":0,"win_rate":0,"timestamp":1550013090,"path_taken":["M","?","M","?","$","E","M","R","T","M","E","?","?","M","R","BOSS","M","?","?","$","?","E","R","E","T","R","?","R","?","M","R","BOSS"],"build_version":"2019-01-23","purchased_purges":0,"victory":false,"max_hp_per_floor":[75,75,75,75,75,75,75,75,75,75,75,75,75,75,75,75,75,75,75,75,75,75,75,75,75,75,75,75,75,75,75,75,75],"card_choices":[{"not_picked":["Compile Driver","Stack"],"picked":"Genetic Algorithm","floor":1},{"not_picked":["Reinforced Body","Redo"],"picked":"Go for the Eyes","floor":3},{"not_picked":["Reprogram","Go for the Eyes"],"picked":"Sweeping Beam","floor":4},{"not_picked":["Reprogram","Sunder"],"picked":"Leap","floor":6},{"not_picked":["Tempest","Rip and Tear"],"picked":"Sweeping Beam","floor":7},{"not_picked":["Static Discharge","Steam Power","Leap"],"picked":"SKIP","floor":10},{"not_picked":["Scrape","Rip and Tear"],"picked":"Auto Shields","floor":11},{"not_picked":["Leap","Auto Shields","Hologram"],"picked":"SKIP","floor":14},{"not_picked":["Reboot","Rainbow"],"picked":"Biased Cognition","floor":16},{"not_picked":["Go for the Eyes","Sweeping Beam+1","Force Field"],"picked":"SKIP","floor":18},{"not_picked":["Leap","Auto Shields","Hologram"],"picked":"SKIP","floor":19},{"not_picked":["Skim","Stack","Scrape"],"picked":"SKIP","floor":23},{"not_picked":["FTL","Lockon","Coolheaded"],"picked":"SKIP","floor":25},{"not_picked":["Chill","Ball Lightning+1","Coolheaded"],"picked":"SKIP","floor":31}],"player_experience":84931,"relics_obtained":[{"floor":6,"key":"MawBank"},{"floor":11,"key":"DataDisk"},{"floor":13,"key":"Omamori"},{"floor":23,"key":"Frozen Egg 2"},{"floor":25,"key":"Happy Flower"},{"floor":26,"key":"Molten Egg 2"}],"event_choices":[{"damage_healed":0,"gold_gain":0,"player_choice":"Ignored","damage_taken":0,"max_hp_gain":0,"max_hp_loss":0,"event_name":"Liars Game","floor":12,"gold_loss":0},{"damage_healed":0,"gold_gain":0,"player_choice":"Obtained Relic","damage_taken":0,"relics_obtained":["Juzu Bracelet"],"max_hp_gain":0,"max_hp_loss":0,"event_name":"Addict","floor":20,"gold_loss":85},{"damage_healed":0,"gold_gain":0,"player_choice":"Rummage","damage_taken":0,"relics_obtained":["WarpedTongs"],"max_hp_gain":0,"max_hp_loss":0,"event_name":"Accursed Blacksmith","floor":22,"gold_loss":0,"cards_obtained":["Pain"]},{"damage_healed":0,"gold_gain":0,"player_choice":"Ignored","damage_taken":0,"max_hp_gain":0,"max_hp_loss":0,"event_name":"Ghosts","floor":28,"gold_loss":0},{"damage_healed":0,"gold_gain":0,"player_choice":"Joined the Cult","damage_taken":6,"max_hp_gain":0,"max_hp_loss":0,"event_name":"Nest","floor":30,"gold_loss":0,"cards_obtained":["RitualDagger"]}],"is_beta":false,"boss_relics":[{"not_picked":["Philosopher\u0027s Stone","Runic Dome"],"picked":"Ectoplasm"}],"items_purged_floors":[],"is_endless":false,"potions_floor_spawned":[3,6,10,16,18,19,31],"killed_by":"Champ","ascension_level":0}