{"path_per_floor":["M","M","?","M","$","E","R","E","T","T","R","M","R","M","R","B",null,"M","M","$","M","?","E","R","E","T","?","?","?","M","T","R","B",null,"M","M","?","?","M","R","E","$","T","E","M","E","R","M","R"],"character_chosen":"IRONCLAD","items_purchased":["Paper Frog","Twin Strike"],"gold_per_floor":[10,20,20,34,34,66,66,97,124,178,178,198,198,210,210,311,311,328,343,1,18,18,47,47,75,75,75,75,75,91,91,91,188,188,204,223,223,223,240,240,274,274,274,300,314,341,341,355,355,355],"floor_reached":50,"campfire_rested":2,"playtime":1711,"current_hp_per_floor":[80,80,80,80,80,50,50,44,44,44,44,40,40,46,80,80,80,80,80,80,80,80,80,80,77,77,77,77,77,72,72,72,51,80,80,80,80,70,60,60,66,66,66,64,70,71,71,60,80,0],"items_purged":["Injury"],"gold":355,"score":678,"play_id":"d61b228e-ea0b-461c-a1ce-b07d28696b01","local_time":"20180423193427","is_prod":false,"is_daily":false,"chose_seed":false,"is_ascension_mode":false,"campfire_upgraded":7,"timestamp":1524504867,"path_taken":["M","M","?","M","$","E","R","E","T","?","R","M","R","M","R","BOSS","M","M","$","M","?","E","R","E","T","?","?","?","M","?","R","BOSS","M","?","?","?","?","R","E","?","T","E","M","E","R","M","R","BOSS"],"build_version":"2018-04-19","seed_source_timestamp":40514147206698,"purchased_purges":2,"victory":false,"master_deck":["Strike_R","Strike_R","Strike_R","Strike_R","Strike_R","Defend_R+1","Defend_R+1","Bash+1","Perfected Strike+1","Perfected Strike+1","Twin Strike+1","Clash","Iron Wave+1","Twin Strike+1","Thunderclap+1","Perfected Strike+1","Thunderclap","Double Tap+1","Metallicize","Madness","Madness","Pommel Strike+1","Perfected Strike+1","Dropkick+1","Double Tap+1","Warcry+1"],"max_hp_per_floor":[80,80,80,80,80,80,80,80,80,80,80,80,80,80,80,80,80,80,80,80,80,80,80,80,80,80,80,80,80,80,80,80,80,80,80,80,80,80,80,80,80,80,80,80,80,80,80,80,80,80],"relics":["Burning Blood","Anchor","Regal Pillow","War Paint","Art of War","Sozu","Paper Frog","Mercury Hourglass","Letter Opener","Oddly Smooth Stone","Orichalcum","Runic Dome","Juzu Bracelet","Molten Egg 2","The Courier","Dodecahedron"],"card_choices":[{"not_picked":["Thunderclap","Armaments"],"picked":"Perfected Strike","floor":1},{"not_picked":["Inflame","Carnage"],"picked":"Perfected Strike","floor":4},{"not_picked":["Armaments","Headbutt"],"picked":"Twin Strike","floor":12},{"not_picked":["Pommel Strike","True Grit"],"picked":"Clash","floor":14},{"not_picked":["Cleave","Searing Blow"],"picked":"Iron Wave","floor":18},{"not_picked":["Shrug It Off","Anger"],"picked":"Thunderclap","floor":21},{"not_picked":["Dark Embrace","Immolate"],"picked":"Double Tap","floor":33},{"not_picked":["True Grit","Fire Breathing"],"picked":"Metallicize","floor":36},{"not_picked":["Flex","Uppercut"],"picked":"Pommel Strike","floor":39},{"not_picked":["Seeing Red","Havoc"],"picked":"Perfected Strike","floor":44},{"not_picked":["Spot Weakness","Burning Pact"],"picked":"Dropkick","floor":45},{"not_picked":["Carnage","Spot Weakness"],"picked":"Double Tap","floor":46},{"not_picked":["Cleave","Anger"],"picked":"Warcry","floor":48}],"player_experience":417653,"potions_floor_usage":[33,44],"damage_taken":[{"damage":0,"enemies":"2 Louse","floor":1,"turns":3},{"damage":0,"enemies":"Cultist","floor":2,"turns":2},{"damage":6,"enemies":"Jaw Worm","floor":4,"turns":3},{"damage":36,"enemies":"Lagavulin","floor":6,"turns":5},{"damage":12,"enemies":"3 Sentries","floor":8,"turns":8},{"damage":10,"enemies":"Exordium Thugs","floor":12,"turns":3},{"damage":0,"enemies":"2 Fungi Beasts","floor":14,"turns":2},{"damage":0,"enemies":"Slime Boss","floor":16,"turns":5},{"damage":0,"enemies":"3 Byrds","floor":18,"turns":5},{"damage":0,"enemies":"Spheric Guardian","floor":19,"turns":2},{"damage":0,"enemies":"Centurion and Healer","floor":21,"turns":3},{"damage":2,"enemies":"Book of Stabbing","floor":23,"turns":2},{"damage":9,"enemies":"Slavers","floor":25,"turns":3},{"damage":11,"enemies":"Slaver and Parasite","floor":30,"turns":3},{"damage":27,"enemies":"Champ","floor":33,"turns":7},{"damage":0,"enemies":"3 Darklings","floor":35,"turns":3},{"damage":0,"enemies":"Orb Walker","floor":36,"turns":2},{"damage":16,"enemies":"3 Darklings","floor":39,"turns":4},{"damage":0,"enemies":"2 Orb Walkers","floor":41,"turns":2},{"damage":8,"enemies":"Nemesis","floor":44,"turns":3},{"damage":0,"enemies":"Sphere and 2 Shapes","floor":45,"turns":2},{"damage":5,"enemies":"2 Orb Walkers","floor":46,"turns":2},{"damage":17,"enemies":"Maw","floor":48,"turns":4},{"damage":84,"enemies":"Awakened One","floor":50,"turns":7}],"event_choices":[{"event_name":"Accursed Blacksmith","player_choice":"Forge","floor":3,"damage_taken":0},{"event_name":"The Library","player_choice":"Read","floor":22,"damage_taken":0},{"event_name":"Vampires","player_choice":"Ignored","floor":27,"damage_taken":0},{"event_name":"Ghosts","player_choice":"Ignored","floor":28,"damage_taken":0},{"event_name":"Match and Keep!","player_choice":"1 cards matched","floor":29,"damage_taken":0},{"event_name":"SensoryStone","player_choice":"Memory 1","floor":37,"damage_taken":0},{"event_name":"Winding Halls","player_choice":"Embrace Madness","floor":38,"damage_taken":0}],"boss_relics":[{"not_picked":["Lizard Tail","Eternal Feather"],"picked":"Sozu"},{"not_picked":["Tiny House","Black Blood"],"picked":"Runic Dome"}],"potions_floor_spawned":[6,8,16,18,19,30,33,36,39,41,45,46,48],"seed_played":"-4497809368452357896","killed_by":"Awakened One","ascension_level":0,"is_trial":false}