{"gold_per_floor":[113,113,63,63,80,80,114,114,139,139,151,151,74,95,95,223,223,239,258,274,274,288,288],"floor_reached":23,"playtime":763,"items_purged":[],"score":258,"play_id":"77ca306c-e5b9-4bdd-8815-cec2d0578113","local_time":"20181017012217","is_ascension_mode":true,"campfire_choices":[{"data":"Turbo","floor":6,"key":"SMITH"},{"data":"Sunder","floor":15,"key":"SMITH"}],"neow_cost":"NONE","seed_source_timestamp":195125069469714,"circlet_count":0,"master_deck":["Strike_B+1","Strike_B+1","Strike_B+1","Defend_B","Defend_B","Defend_B","Defend_B","Zap","Dualcast","Hyperbeam+1","Turbo+1","Gash+1","Skim+1","Beam Cell","Auto Shields","Sunder+1","Creative AI","Rebound","Hologram","Beam Cell","Go for the Eyes"],"relics":["Cracked Core","Whetstone","Oddly Smooth Stone","Golden Idol","Nuclear Battery"],"potions_floor_usage":[7,16,19,22,23],"damage_taken":[{"damage":0,"enemies":"Jaw Worm","floor":1,"turns":2},{"damage":0,"enemies":"2 Louse","floor":5,"turns":1},{"damage":18,"enemies":"Lagavulin","floor":7,"turns":4},{"damage":0,"enemies":"Small Slimes","floor":11,"turns":1},{"damage":2,"enemies":"3 Louse","floor":14,"turns":2},{"damage":38,"enemies":"Hexaghost","floor":16,"turns":10},{"damage":5,"enemies":"2 Thieves","floor":18,"turns":3},{"damage":14,"enemies":"Shell Parasite","floor":19,"turns":5},{"damage":0,"enemies":"3 Cultists","floor":20,"turns":3},{"damage":21,"enemies":"Sentry and Sphere","floor":22,"turns":5},{"damage":18,"enemies":"Book of Stabbing","floor":23,"turns":2}],"seed_played":"-4299675514718195140","potions_obtained":[{"floor":1,"key":"Block Potion"},{"floor":7,"key":"SpeedPotion"},{"floor":16,"key":"SkillPotion"},{"floor":18,"key":"FearPotion"},{"floor":19,"key":"SpeedPotion"},{"floor":22,"key":"Block Potion"}],"is_trial":false,"path_per_floor":["M","?","?","?","M","R","E","?","T","?","M","?","$","M","R","B",null,"M","M","M","?","M"],"character_chosen":"DEFECT","items_purchased":["Auto Shields"],"campfire_rested":0,"item_purchase_floors":[13],"current_hp_per_floor":[68,53,53,53,53,53,35,35,35,60,60,42,42,40,40,2,57,52,38,38,38,17,0],"gold":288,"neow_bonus":"ONE_RANDOM_RARE_CARD","is_prod":false,"is_daily":false,"chose_seed":false,"campfire_upgraded":2,"win_rate":0,"timestamp":1539764537,"path_taken":["M","?","?","?","M","R","E","?","T","?","M","?","$","?","R","BOSS","M","?","M","?","M","E"],"build_version":"2018-10-11","purchased_purges":0,"victory":false,"max_hp_per_floor":[75,75,75,75,75,75,75,75,75,75,75,75,75,75,75,75,75,75,75,75,75,75,75],"card_choices":[{"not_picked":["Storm","Steam"],"picked":"Turbo","floor":1},{"not_picked":["Hologram","Glacier"],"picked":"Gash","floor":5},{"not_picked":["Chaos","Darkness"],"picked":"Skim","floor":7},{"not_picked":["Recycle","Streamline"],"picked":"Beam Cell","floor":11},{"not_picked":["Sweeping Beam","Coolheaded"],"picked":"Sunder","floor":14},{"not_picked":["Amplify","Core Surge"],"picked":"Creative AI","floor":16},{"not_picked":["Recycle+1","Force Field"],"picked":"Rebound","floor":18},{"not_picked":["Beam Cell","Barrage+1"],"picked":"Hologram","floor":19},{"not_picked":["Auto Shields","Go for the Eyes"],"picked":"Beam Cell","floor":20},{"not_picked":["Barrage","Scrape"],"picked":"Go for the Eyes","floor":22}],"player_experience":285995,"relics_obtained":[{"floor":7,"key":"Whetstone"},{"floor":9,"key":"Oddly Smooth Stone"}],"event_choices":[{"event_name":"Shining Light","player_choice":"Entered Light","floor":2,"damage_taken":0},{"event_name":"The Cleric","player_choice":"Card Removal","floor":3,"damage_taken":0},{"event_name":"Living Wall","player_choice":"Grow","floor":4,"damage_taken":0},{"event_name":"Accursed Blacksmith","player_choice":"Forge","floor":8,"damage_taken":0},{"event_name":"Big Fish","player_choice":"Banana","floor":10,"damage_taken":0},{"event_name":"Golden Idol","player_choice":"Take Damage","floor":12,"damage_taken":0},{"event_name":"Ghosts","player_choice":"Ignored","floor":21,"damage_taken":0}],"is_beta":false,"boss_relics":[{"not_picked":["Black Star","Lizard Tail"],"picked":"Nuclear Battery"}],"items_purged_floors":[],"is_endless":false,"potions_floor_spawned":[1,7,16,18,19,22],"killed_by":"Book of Stabbing","ascension_level":7}