{"gold_per_floor":[118,92,42,60,74,74,102,27,27,27,56,56,71,84,84,189,189,203,203,203,215,229,229,244,263,290,302,312,25,25,25,25,25],"floor_reached":33,"playtime":1228,"items_purged":["Strike_R","Bloodletting+1"],"score":363,"play_id":"7cbbf576-df24-4ffb-977a-16b50c18a9d0","local_time":"20190216012133","is_ascension_mode":true,"campfire_choices":[{"data":"Searing Blow","floor":6,"key":"SMITH"},{"data":"Searing Blow+1","floor":10,"key":"SMITH"},{"data":"Searing Blow+2","floor":12,"key":"SMITH"},{"floor":15,"key":"REST"},{"floor":23,"key":"REST"},{"floor":32,"key":"REST"}],"neow_cost":"NONE","seed_source_timestamp":108673085881712,"circlet_count":0,"master_deck":["Defend_R","Defend_R","Defend_R","Defend_R","Bash","Headbutt","Headbutt","Searing Blow+4","Seeing Red","Thunderclap","Double Tap","Twin Strike+1","Infernal Blade+1","Rage","Clothesline+1","Flame Barrier","Uppercut"],"relics":["Burning Blood","Ancient Tea Set","Pantograph","Mummified Hand","FossilizedHelix","Astrolabe","MutagenicStrength","Red Skull","Anchor","Boot"],"potions_floor_usage":[24,33],"damage_taken":[{"damage":6,"enemies":"Cultist","floor":1,"turns":4},{"damage":7,"enemies":"Small Slimes","floor":4,"turns":3},{"damage":1,"enemies":"2 Louse","floor":5,"turns":3},{"damage":35,"enemies":"Lagavulin","floor":7,"turns":6},{"damage":35,"enemies":"3 Sentries","floor":11,"turns":9},{"damage":1,"enemies":"Exordium Thugs","floor":13,"turns":3},{"damage":5,"enemies":"Gremlin Gang","floor":14,"turns":5},{"damage":67,"enemies":"The Guardian","floor":16,"turns":9},{"damage":31,"enemies":"2 Thieves","floor":18,"turns":4},{"damage":0,"enemies":"Spheric Guardian","floor":21,"turns":3},{"damage":34,"enemies":"Snake Plant","floor":22,"turns":5},{"damage":14,"enemies":"Cultist and Chosen","floor":24,"turns":6},{"damage":16,"enemies":"3 Cultists","floor":25,"turns":4},{"damage":22,"enemies":"Shelled Parasite and Fungi","floor":27,"turns":5},{"damage":10,"enemies":"Centurion and Healer","floor":28,"turns":3},{"damage":85,"enemies":"Automaton","floor":33,"turns":8}],"seed_played":"5682965540046650823","potions_obtained":[{"floor":7,"key":"FairyPotion"},{"floor":11,"key":"Block Potion"},{"floor":13,"key":"BloodPotion"},{"floor":25,"key":"FearPotion"}],"is_trial":false,"path_per_floor":["M","$","?","M","M","R","E","$","T","R","E","R","M","M","R","B",null,"M","?","?","M","M","R","M","M","T","M","M","$","?","?","R","B"],"character_chosen":"IRONCLAD","items_purchased":["Headbutt","Uppercut","Anchor"],"campfire_rested":3,"item_purchase_floors":[2,29,29],"current_hp_per_floor":[72,72,72,71,76,76,47,47,47,47,18,18,23,24,48,12,63,38,38,38,44,16,40,40,30,30,14,10,10,10,10,34,0],"gold":25,"neow_bonus":"RANDOM_COMMON_RELIC","is_prod":false,"is_daily":false,"chose_seed":false,"campfire_upgraded":3,"win_rate":0,"timestamp":1550298093,"path_taken":["M","?","?","M","M","R","E","$","T","R","E","R","M","M","R","BOSS","M","?","?","M","M","R","?","M","T","?","M","$","?","?","R","BOSS"],"build_version":"2019-01-23","purchased_purges":2,"victory":false,"max_hp_per_floor":[80,80,80,80,80,80,80,80,80,80,80,80,80,80,80,80,80,80,80,80,80,80,80,80,80,80,80,80,80,80,80,80,80],"card_choices":[{"not_picked":["Cleave","Pummel"],"picked":"Headbutt","floor":1},{"not_picked":["Heavy Blade","Headbutt"],"picked":"Searing Blow","floor":4},{"not_picked":["Thunderclap","Rupture"],"picked":"Seeing Red","floor":5},{"not_picked":["Bloodletting","Twin Strike","Hemokinesis"],"picked":"SKIP","floor":7},{"not_picked":["Havoc","Feel No Pain","Warcry"],"picked":"SKIP","floor":11},{"not_picked":["Perfected Strike","Dropkick","Feel No Pain"],"picked":"SKIP","floor":13},{"not_picked":["Heavy Blade","Power Through"],"picked":"Thunderclap","floor":14},{"not_picked":["Limit Break","Bludgeon"],"picked":"Double Tap","floor":16},{"not_picked":["Sentinel","Heavy Blade","Wild Strike"],"picked":"SKIP","floor":18},{"not_picked":["Feel No Pain+1","Pommel Strike"],"picked":"Rage","floor":21},{"not_picked":["Combust","Havoc"],"picked":"Clothesline+1","floor":22},{"not_picked":["Thunderclap","Blood for Blood","Seeing Red"],"picked":"SKIP","floor":24},{"not_picked":["Twin Strike","Sword Boomerang"],"picked":"Flame Barrier","floor":25},{"not_picked":["Pommel Strike","Sword Boomerang","Exhume"],"picked":"SKIP","floor":27},{"not_picked":["Entrench+1","Wild Strike","Heavy Blade"],"picked":"SKIP","floor":28}],"player_experience":186625,"relics_obtained":[{"floor":7,"key":"Pantograph"},{"floor":9,"key":"Mummified Hand"},{"floor":11,"key":"FossilizedHelix"},{"floor":26,"key":"Red Skull"}],"event_choices":[{"cards_removed":["Strike_R"],"damage_healed":0,"gold_gain":0,"player_choice":"Card Removal","damage_taken":0,"max_hp_gain":0,"max_hp_loss":0,"event_name":"The Cleric","floor":3,"gold_loss":50},{"damage_healed":0,"gold_gain":0,"player_choice":"Inject Mutagens","damage_taken":0,"relics_obtained":["MutagenicStrength"],"max_hp_gain":0,"max_hp_loss":0,"event_name":"Drug Dealer","floor":19,"gold_loss":0},{"damage_healed":0,"gold_gain":0,"player_choice":"Bought 0 Potions","damage_taken":0,"max_hp_gain":0,"max_hp_loss":0,"event_name":"The Woman in Blue","floor":20,"gold_loss":0},{"damage_healed":0,"gold_gain":0,"player_choice":"Opened","damage_taken":0,"relics_obtained":["Boot"],"max_hp_gain":0,"max_hp_loss":0,"event_name":"The Mausoleum","floor":30,"gold_loss":0},{"damage_healed":0,"gold_gain":0,"player_choice":"Forge","damage_taken":0,"max_hp_gain":0,"max_hp_loss":0,"event_name":"Accursed Blacksmith","floor":31,"gold_loss":0,"cards_upgraded":["Searing Blow"]}],"is_beta":false,"boss_relics":[{"not_picked":["Orrery","Coffee Dripper"],"picked":"Astrolabe"}],"items_purged_floors":[8,29],"is_endless":false,"potions_floor_spawned":[7,11,13,21,25,27],"killed_by":"Automaton","ascension_level":8}