{"gold_per_floor":[115,115,133,133,148,148,171,171,250,229,245,269,292,308,308,308],"floor_reached":16,"playtime":585,"items_purged":[],"score":158,"play_id":"e0511e49-de5d-4b4f-81ad-922dd7f33ce7","local_time":"20181115125048","is_ascension_mode":true,"campfire_choices":[{"data":"Zap","floor":6,"key":"SMITH"},{"data":"Sunder","floor":8,"key":"SMITH"},{"data":"Dualcast","floor":15,"key":"SMITH"}],"neow_cost":"NONE","seed_source_timestamp":11067566198877772,"circlet_count":0,"master_deck":["AscendersBane","Strike_B","Strike_B","Strike_B","Strike_B","Defend_B","Defend_B","Defend_B","Defend_B","Zap+1","Dualcast+1","Chill","BootSequence","BootSequence","Sunder+1","Cold Snap","Rebound","Auto Shields","Rebound"],"relics":["Coffee Dripper","Golden Idol","Gremlin Horn"],"potions_floor_usage":[16,16],"damage_taken":[{"damage":15,"enemies":"2 Louse","floor":1,"turns":3},{"damage":12,"enemies":"Jaw Worm","floor":3,"turns":4},{"damage":4,"enemies":"Small Slimes","floor":5,"turns":5},{"damage":9,"enemies":"Exordium Wildlife","floor":7,"turns":4},{"damage":3,"enemies":"3 Louse","floor":11,"turns":3},{"damage":0,"enemies":"2 Fungi Beasts","floor":12,"turns":3},{"damage":0,"enemies":"Red Slaver","floor":13,"turns":3},{"damage":0,"enemies":"Lots of Slimes","floor":14,"turns":4},{"damage":12,"enemies":"Hexaghost","floor":16,"turns":9}],"seed_played":"1801146015331898005","potions_obtained":[{"floor":1,"key":"LiquidBronze"},{"floor":3,"key":"GamblersBrew"},{"floor":7,"key":"Block Potion"}],"is_trial":false,"path_per_floor":["M","?","M","?","M","R","M","R","T","?","M","M","M","M","R","B"],"character_chosen":"DEFECT","items_purchased":[],"campfire_rested":0,"item_purchase_floors":[],"current_hp_per_floor":[53,35,23,28,24,24,15,15,15,15,12,12,12,12,12,0],"gold":308,"neow_bonus":"BOSS_RELIC","is_prod":false,"is_daily":false,"chose_seed":false,"campfire_upgraded":3,"win_rate":0,"timestamp":1542315048,"path_taken":["M","?","M","?","M","R","M","R","T","?","?","M","M","M","R","BOSS"],"build_version":"2018-11-08","purchased_purges":0,"victory":false,"max_hp_per_floor":[75,75,75,80,80,80,80,80,80,80,80,80,80,80,80,80],"card_choices":[{"not_picked":["Force Field","Compile Driver"],"picked":"Chill","floor":1},{"not_picked":["Barrage","Redo"],"picked":"BootSequence","floor":3},{"not_picked":["Reinforced Body","Redo"],"picked":"BootSequence","floor":5},{"not_picked":["Go for the Eyes","Beam Cell"],"picked":"Sunder","floor":7},{"not_picked":["Storm","Stack"],"picked":"Cold Snap","floor":11},{"not_picked":["BootSequence","Fusion"],"picked":"Rebound","floor":12},{"not_picked":["Sweeping Beam","Steam"],"picked":"Auto Shields","floor":13},{"not_picked":["Fusion","Stack"],"picked":"Rebound","floor":14}],"player_experience":412337,"relics_obtained":[{"floor":9,"key":"Gremlin Horn"}],"event_choices":[{"damage_healed":0,"gold_gain":0,"player_choice":"Take Damage","damage_taken":18,"relics_obtained":["Golden Idol"],"max_hp_gain":0,"max_hp_loss":0,"event_name":"Golden Idol","floor":2,"gold_loss":0},{"damage_healed":0,"gold_gain":0,"player_choice":"Donut","damage_taken":0,"max_hp_gain":5,"max_hp_loss":0,"event_name":"Big Fish","floor":4,"gold_loss":0},{"damage_healed":0,"gold_gain":0,"player_choice":"Left Gold","damage_taken":0,"max_hp_gain":0,"max_hp_loss":0,"event_name":"World of Goop","floor":10,"gold_loss":21}],"is_beta":false,"boss_relics":[],"items_purged_floors":[],"is_endless":false,"potions_floor_spawned":[1,3,7,13],"killed_by":"Hexaghost","ascension_level":13}