{"gold_per_floor":[109,109,37,60,75,75,94,108,108,108,133,149,165,44,44,164,164,148,169,169,17,17,17,32,32,57,73,73],"floor_reached":28,"playtime":1031,"items_purged":["Strike_B"],"score":321,"play_id":"97634f7a-910f-4997-ae45-c97a6b85c2e2","local_time":"20181021200020","is_ascension_mode":true,"campfire_choices":[{"data":"Zap","floor":6,"key":"SMITH"},{"data":"Beam Cell","floor":10,"key":"SMITH"},{"floor":15,"key":"REST"},{"data":"Sunder","floor":23,"key":"SMITH"},{"floor":25,"key":"REST"}],"neow_cost":"NONE","seed_source_timestamp":108883587823757,"circlet_count":0,"master_deck":["Strike_B","Strike_B","Strike_B","Defend_B","Defend_B","Defend_B","Defend_B","Zap+1","Dualcast","AscendersBane","Go for the Eyes","FTL","Cold Snap","Beam Cell+1","Redo","Sweeping Beam","Compile Driver","Cold Snap","Gash","Conserve Battery","Stack","BootSequence","Sunder+1","Streamline","Ball Lightning","Go for the Eyes","Steam+1"],"relics":["Busted Crown","Golden Idol","Bottled Lightning","Nuclear Battery","Ornamental Fan","Smiling Mask"],"potions_floor_usage":[12,16,28],"damage_taken":[{"damage":8,"enemies":"Small Slimes","floor":1,"turns":3},{"damage":4,"enemies":"Jaw Worm","floor":4,"turns":3},{"damage":0,"enemies":"Cultist","floor":5,"turns":3},{"damage":6,"enemies":"Blue Slaver","floor":7,"turns":3},{"damage":8,"enemies":"Large Slime","floor":8,"turns":6},{"damage":4,"enemies":"Looter","floor":11,"turns":3},{"damage":14,"enemies":"Exordium Thugs","floor":12,"turns":3},{"damage":4,"enemies":"Blue Slaver","floor":13,"turns":2},{"damage":11,"enemies":"Slime Boss","floor":16,"turns":13},{"damage":20,"enemies":"2 Thieves","floor":18,"turns":4},{"damage":17,"enemies":"Spheric Guardian","floor":19,"turns":4},{"damage":21,"enemies":"Snake Plant","floor":24,"turns":4},{"damage":5,"enemies":"Centurion and Healer","floor":27,"turns":5},{"damage":20,"enemies":"Cultist and Chosen","floor":28,"turns":5}],"seed_played":"-6299597617040235702","potions_obtained":[{"floor":4,"key":"SpeedPotion"},{"floor":8,"key":"Swift Potion"},{"floor":12,"key":"Energy Potion"},{"floor":13,"key":"Block Potion"},{"floor":24,"key":"Ancient Potion"}],"is_trial":false,"path_per_floor":["M","?","$","M","M","R","M","M","T","R","M","M","M","$","R","B",null,"M","M","?","$","$","R","M","R","T","M"],"character_chosen":"DEFECT","items_purchased":["FTL","Gash","Conserve Battery","Stack","Streamline","Ball Lightning"],"campfire_rested":2,"item_purchase_floors":[3,14,14,14,21,21],"current_hp_per_floor":[60,42,42,38,38,38,32,24,24,24,20,6,2,2,24,13,60,40,23,23,23,23,23,2,24,24,19,0],"gold":73,"neow_bonus":"BOSS_RELIC","is_prod":false,"is_daily":false,"chose_seed":false,"campfire_upgraded":3,"win_rate":0,"timestamp":1540177220,"path_taken":["M","?","$","M","M","R","M","M","T","R","M","M","M","?","R","BOSS","M","M","?","?","$","R","M","R","T","M","M"],"build_version":"2018-10-18","purchased_purges":1,"victory":false,"max_hp_per_floor":[75,75,75,75,75,75,75,75,75,75,75,75,75,75,75,75,75,75,75,75,75,75,75,75,75,75,75,75],"card_choices":[{"not_picked":[],"picked":"Go for the Eyes","floor":1},{"not_picked":["Barrage"],"picked":"SKIP","floor":4},{"not_picked":[],"picked":"Cold Snap","floor":5},{"not_picked":[],"picked":"Beam Cell","floor":7},{"not_picked":[],"picked":"Redo","floor":8},{"not_picked":[],"picked":"Sweeping Beam","floor":11},{"not_picked":[],"picked":"Compile Driver","floor":12},{"not_picked":[],"picked":"Cold Snap","floor":13},{"not_picked":[],"picked":"BootSequence","floor":18},{"not_picked":[],"picked":"Sunder","floor":19},{"not_picked":[],"picked":"Go for the Eyes","floor":24},{"not_picked":[],"picked":"Steam+1","floor":27}],"player_experience":315278,"relics_obtained":[{"floor":9,"key":"Bottled Lightning"},{"floor":26,"key":"Smiling Mask"}],"event_choices":[{"damage_healed":0,"gold_gain":0,"player_choice":"Take Damage","damage_taken":18,"relics_obtained":["Golden Idol"],"max_hp_gain":0,"max_hp_loss":0,"event_name":"Golden Idol","floor":2,"gold_loss":0},{"damage_healed":0,"gold_gain":0,"player_choice":"Opened","damage_taken":0,"relics_obtained":["Ornamental Fan"],"max_hp_gain":0,"max_hp_loss":0,"event_name":"The Mausoleum","floor":20,"gold_loss":0}],"is_beta":false,"boss_relics":[{"not_picked":["White Beast Statue","Fusion Hammer"],"picked":"Nuclear Battery"}],"items_purged_floors":[21],"is_endless":false,"potions_floor_spawned":[4,8,12,13,24],"killed_by":"Cultist and Chosen","ascension_level":10}