{"gold_per_floor":[115,115,115,133,152,180,180,195,195,195,160,5,31,31,31,136,136,151,151,101,120,137,137,167,167,167,167,177,177,202,216,216,311,311,327,344,344,191,207,225,241,241,241,252,284,284,284,166,166,166],"floor_reached":50,"playtime":2008,"items_purged":[],"score":652,"play_id":"6736277f-707a-4c00-be3b-60848f7b93ed","local_time":"20190127184833","is_ascension_mode":true,"campfire_choices":[{"floor":7,"key":"RECALL"},{"floor":15,"key":"REST"},{"floor":23,"key":"REST"},{"floor":25,"key":"REST"},{"data":"Double Tap","floor":27,"key":"SMITH"},{"floor":32,"key":"REST"},{"floor":42,"key":"REST"},{"floor":46,"key":"REST"},{"floor":49,"key":"REST"}],"neow_cost":"CURSE","seed_source_timestamp":1623786008990822,"circlet_count":0,"master_deck":["Strike_R","Strike_R","Strike_R+1","Strike_R","Strike_R","Defend_R","Defend_R+1","Defend_R","Bash","Spot Weakness","Wild Strike","Heavy Blade","Cleave","Shrug It Off","Flex","Double Tap+1","Pommel Strike+1","J.A.X.","Perfected Strike","Heavy Blade+1","Twin Strike","Shrug It Off+1","Perfected Strike","Impervious","Bash","Clothesline","Iron Wave+1","Bludgeon","Anger+1","Headbutt+1","Anger+1","Perfected Strike+1","Flex+1","Rage+1","Sword Boomerang+1","Cleave","Secret Weapon","Cleave"],"relics":["Burning Blood","Magic Flower","Oddly Smooth Stone","Shuriken","Bag of Marbles","Happy Flower","Black Star","Incense Burner","Anchor","Mercury Hourglass","PreservedInsect","Pen Nib","White Beast Statue","Vajra","Bottled Lightning","Dream Catcher","Sundial","Orichalcum"],"potions_floor_usage":[6,6,18,24,33,33,36,40,40,44,50,50,50],"damage_taken":[{"damage":6,"enemies":"Cultist","floor":1,"turns":3},{"damage":6,"enemies":"Jaw Worm","floor":4,"turns":3},{"damage":9,"enemies":"2 Louse","floor":5,"turns":2},{"damage":28,"enemies":"Lagavulin","floor":6,"turns":6},{"damage":9,"enemies":"2 Fungi Beasts","floor":8,"turns":3},{"damage":24,"enemies":"3 Sentries","floor":13,"turns":6},{"damage":64,"enemies":"Slime Boss","floor":16,"turns":13},{"damage":15,"enemies":"Chosen","floor":18,"turns":4},{"damage":39,"enemies":"3 Byrds","floor":21,"turns":6},{"damage":20,"enemies":"Centurion and Healer","floor":22,"turns":4},{"damage":30,"enemies":"Book of Stabbing","floor":24,"turns":4},{"damage":40,"enemies":"Snecko","floor":28,"turns":4},{"damage":3,"enemies":"Gremlin Leader","floor":30,"turns":4},{"damage":22,"enemies":"Shelled Parasite and Fungi","floor":31,"turns":4},{"damage":27,"enemies":"Champ","floor":33,"turns":6},{"damage":44,"enemies":"3 Darklings","floor":35,"turns":8},{"damage":3,"enemies":"3 Shapes","floor":36,"turns":4},{"damage":37,"enemies":"Transient","floor":39,"turns":5},{"damage":15,"enemies":"Jaw Worm Horde","floor":40,"turns":3},{"damage":15,"enemies":"3 Darklings","floor":41,"turns":6},{"damage":25,"enemies":"4 Shapes","floor":44,"turns":2},{"damage":0,"enemies":"Reptomancer","floor":45,"turns":3},{"damage":78,"enemies":"Awakened One","floor":50,"turns":7}],"seed_played":"3623722254164202761","potions_obtained":[{"floor":4,"key":"AttackPotion"},{"floor":5,"key":"Fire Potion"},{"floor":8,"key":"Poison Potion"},{"floor":21,"key":"Block Potion"},{"floor":30,"key":"PowerPotion"},{"floor":31,"key":"AttackPotion"},{"floor":33,"key":"Fire Potion"},{"floor":35,"key":"EssenceOfSteel"},{"floor":36,"key":"PowerPotion"},{"floor":39,"key":"LiquidBronze"},{"floor":40,"key":"Strength Potion"},{"floor":41,"key":"Fire Potion"},{"floor":44,"key":"Explosive Potion"}],"is_trial":false,"path_per_floor":["M","?","?","M","M","E","R","M","T","?","?","$","E","?","R","B",null,"M","?","$","M","M","R","E","R","T","R","M","?","E","M","R","B",null,"M","M","?","$","M","M","M","R","T","M","E","R","?","?","R","B"],"character_chosen":"IRONCLAD","items_purchased":["Bag of Marbles","Perfected Strike","Vajra"],"campfire_rested":7,"item_purchase_floors":[12,20,38],"current_hp_per_floor":[80,80,80,80,80,61,61,61,61,54,74,74,59,43,67,12,80,74,74,74,44,33,57,36,60,60,60,29,29,35,22,46,28,80,45,51,51,51,23,17,11,35,35,19,28,52,52,52,76,0],"gold":166,"neow_bonus":"ONE_RARE_RELIC","is_prod":false,"is_daily":false,"chose_seed":false,"campfire_upgraded":1,"win_rate":0,"timestamp":1548632913,"path_taken":["M","?","?","?","M","E","R","M","T","?","?","?","E","?","R","BOSS","M","?","$","M","M","R","E","R","T","R","M","?","E","M","R","BOSS","M","?","?","$","M","M","?","R","T","M","E","R","?","?","R","BOSS"],"build_version":"2019-01-23","purchased_purges":0,"victory":false,"max_hp_per_floor":[80,80,80,80,80,80,80,80,80,80,80,80,80,80,80,80,80,80,80,80,80,80,80,80,80,80,80,80,80,80,80,80,80,80,80,80,80,80,80,80,80,80,80,80,80,80,80,80,80,80],"card_choices":[{"not_picked":["Seeing Red","Infernal Blade"],"picked":"Spot Weakness","floor":1},{"not_picked":["Carnage","Warcry"],"picked":"Wild Strike","floor":4},{"not_picked":["Flame Barrier","Clothesline"],"picked":"Heavy Blade","floor":5},{"not_picked":["Clothesline","Infernal Blade"],"picked":"Cleave","floor":6},{"not_picked":["Armaments","Headbutt"],"picked":"Shrug It Off","floor":8},{"not_picked":["Perfected Strike","Clash"],"picked":"Flex","floor":13},{"not_picked":["Feed","Exhume"],"picked":"Double Tap","floor":16},{"not_picked":["Twin Strike","Sentinel"],"picked":"Pommel Strike+1","floor":18},{"not_picked":["Sever Soul","Battle Trance"],"picked":"Heavy Blade+1","floor":21},{"not_picked":["Feel No Pain","Bloodletting+1"],"picked":"Twin Strike","floor":22},{"not_picked":["True Grit","Disarm"],"picked":"Shrug It Off+1","floor":24},{"not_picked":["True Grit","Body Slam"],"picked":"Perfected Strike","floor":28},{"not_picked":["Sentinel+1","Shrug It Off"],"picked":"Clothesline","floor":30},{"not_picked":["Demon Form","Pommel Strike"],"picked":"Iron Wave+1","floor":31},{"not_picked":["Reaper","Dark Embrace"],"picked":"Bludgeon","floor":33},{"not_picked":["Sentinel","Intimidate"],"picked":"Anger+1","floor":35},{"not_picked":["Flex","Wild Strike"],"picked":"Headbutt+1","floor":36},{"not_picked":["Havoc+1","Headbutt+1"],"picked":"Anger+1","floor":39},{"not_picked":["Infernal Blade","Flame Barrier+1"],"picked":"Perfected Strike+1","floor":40},{"not_picked":["Perfected Strike","Clash"],"picked":"Flex+1","floor":41},{"not_picked":["Warcry","Body Slam+1"],"picked":"Rage+1","floor":44},{"not_picked":["Seeing Red","Reckless Charge"],"picked":"Sword Boomerang+1","floor":45},{"not_picked":["Sword Boomerang","Pommel Strike+1"],"picked":"Cleave","floor":46},{"not_picked":["HandOfGreed","Swift Strike"],"picked":"Secret Weapon","floor":47},{"not_picked":["Sword Boomerang","Pommel Strike+1"],"picked":"Cleave","floor":49}],"player_experience":110257,"relics_obtained":[{"floor":6,"key":"Shuriken"},{"floor":13,"key":"Happy Flower"},{"floor":24,"key":"Incense Burner"},{"floor":24,"key":"Anchor"},{"floor":26,"key":"Mercury Hourglass"},{"floor":30,"key":"PreservedInsect"},{"floor":30,"key":"Pen Nib"},{"floor":43,"key":"Bottled Lightning"},{"floor":45,"key":"Dream Catcher"},{"floor":45,"key":"Sundial"}],"event_choices":[{"damage_healed":0,"gold_gain":0,"player_choice":"Box","damage_taken":0,"relics_obtained":["Oddly Smooth Stone"],"max_hp_gain":0,"max_hp_loss":0,"event_name":"Big Fish","floor":2,"gold_loss":0,"cards_obtained":["Regret"]},{"cards_removed":["Regret"],"damage_healed":0,"gold_gain":0,"player_choice":"Purged","damage_taken":0,"max_hp_gain":0,"max_hp_loss":0,"event_name":"Purifier","floor":3,"gold_loss":0},{"cards_removed":["Normality"],"damage_healed":0,"gold_gain":0,"player_choice":"Card Removal","damage_taken":7,"max_hp_gain":0,"max_hp_loss":0,"event_name":"Golden Wing","floor":10,"gold_loss":0},{"damage_healed":20,"gold_gain":0,"player_choice":"Healed","damage_taken":0,"max_hp_gain":0,"max_hp_loss":0,"event_name":"The Cleric","floor":11,"gold_loss":35},{"damage_healed":0,"gold_gain":0,"player_choice":"Entered Light","damage_taken":16,"max_hp_gain":0,"max_hp_loss":0,"event_name":"Shining Light","floor":14,"gold_loss":0,"cards_upgraded":["Defend_R","Strike_R"]},{"damage_healed":0,"gold_gain":0,"player_choice":"Obtain J.A.X.","damage_taken":0,"max_hp_gain":0,"max_hp_loss":0,"event_name":"Drug Dealer","floor":19,"gold_loss":0,"cards_obtained":["J.A.X."]},{"damage_healed":0,"gold_gain":0,"player_choice":"2 cards matched","damage_taken":0,"max_hp_gain":0,"max_hp_loss":0,"event_name":"Match and Keep!","floor":29,"gold_loss":0,"cards_obtained":["Impervious","Bash"]},{"cards_removed":["Defend_R"],"damage_healed":0,"gold_gain":0,"player_choice":"Offered Basic","damage_taken":0,"max_hp_gain":0,"max_hp_loss":0,"event_name":"Bonfire Elementals","floor":37,"gold_loss":0},{"damage_healed":0,"gold_gain":0,"player_choice":"Memory 1","damage_taken":0,"max_hp_gain":0,"max_hp_loss":0,"event_name":"SensoryStone","floor":47,"gold_loss":0},{"damage_healed":0,"gold_gain":0,"player_choice":"Paid Gold","damage_taken":0,"relics_obtained":["Orichalcum"],"max_hp_gain":0,"max_hp_loss":0,"event_name":"WeMeetAgain","floor":48,"gold_loss":118}],"is_beta":false,"boss_relics":[{"not_picked":["Lizard Tail","Runic Cube"],"picked":"Black Star"},{"not_picked":["Coffee Dripper","Calling Bell"],"picked":"White Beast Statue"}],"items_purged_floors":[],"is_endless":false,"potions_floor_spawned":[4,5,8,21,30,31,33,35,36,39,40,41,44,45],"killed_by":"Awakened One","ascension_level":2}