{"gold_per_floor":[114,64,75,91,107,107,124,124,124,143,143,153,153,72,72,169,169,189,35,35,35,82,82,22,50,50,50,70,84,101,120,120,120],"floor_reached":33,"playtime":1599,"items_purged":["Strike_B"],"score":259,"play_id":"d152bc73-d709-479d-abec-7d2119bc0674","local_time":"20190302145411","is_ascension_mode":false,"campfire_choices":[{"data":"Sweeping Beam","floor":6,"key":"SMITH"},{"data":"Creative AI","floor":8,"key":"SMITH"},{"data":"Chill","floor":11,"key":"SMITH"},{"data":"Dualcast","floor":15,"key":"SMITH"},{"floor":23,"key":"REST"},{"floor":27,"key":"REST"},{"floor":32,"key":"REST"}],"neow_cost":"NONE","seed_source_timestamp":134072136442074,"circlet_count":0,"master_deck":["Strike_B","Strike_B","Defend_B","Defend_B","Zap+1","Dualcast+1","Conserve Battery","Chill+1","Gash","Sweeping Beam+1","Creative AI+1","Auto Shields","Finesse","Reboot","Undo","Storm","Double Energy","Hologram+1","Melter","Gash"],"relics":["Cracked Core"],"potions_floor_usage":[33,33,33],"damage_taken":[{"damage":6,"enemies":"Jaw Worm","floor":1,"turns":2},{"damage":5,"enemies":"Small Slimes","floor":3,"turns":3},{"damage":0,"enemies":"2 Louse","floor":4,"turns":2},{"damage":20,"enemies":"Large Slime","floor":5,"turns":6},{"damage":0,"enemies":"Blue Slaver","floor":7,"turns":4},{"damage":0,"enemies":"Gremlin Gang","floor":10,"turns":4},{"damage":1,"enemies":"2 Fungi Beasts","floor":12,"turns":3},{"damage":8,"enemies":"Hexaghost","floor":16,"turns":9},{"damage":10,"enemies":"3 Byrds","floor":18,"turns":5},{"damage":14,"enemies":"Colosseum Slavers","floor":21,"turns":5},{"damage":7,"enemies":"2 Thieves","floor":24,"turns":4},{"damage":52,"enemies":"Gremlin Leader","floor":25,"turns":8},{"damage":18,"enemies":"Sentry and Sphere","floor":28,"turns":7},{"damage":8,"enemies":"Centurion and Healer","floor":29,"turns":5},{"damage":4,"enemies":"Snake Plant","floor":30,"turns":4},{"damage":0,"enemies":"Sentry and Sphere","floor":31,"turns":4},{"damage":43,"enemies":"Champ","floor":33,"turns":11}],"seed_played":"-8760310943898306185","potions_obtained":[{"floor":3,"key":"Strength Potion"},{"floor":4,"key":"Strength Potion"},{"floor":5,"key":"PowerPotion"},{"floor":7,"key":"SpeedPotion"},{"floor":25,"key":"Weak Potion"}],"is_trial":false,"path_per_floor":["M","?","M","M","M","R","M","R","T","M","R","M","?","$","R","B",null,"M","$","?","?","T","R","M","E","T","R","M","M","M","M","R","B"],"character_chosen":"DEFECT","items_purchased":["Finesse","Storm"],"campfire_rested":3,"item_purchase_floors":[14,19],"current_hp_per_floor":[69,69,64,64,44,44,44,44,44,44,44,43,43,43,43,35,75,65,65,65,51,51,73,66,14,14,36,18,10,6,6,28,0],"gold":120,"neow_bonus":"REMOVE_CARD","is_prod":false,"is_daily":false,"chose_seed":false,"campfire_upgraded":4,"win_rate":0,"timestamp":1551556451,"path_taken":["M","?","M","M","M","R","M","R","T","M","R","M","?","$","R","BOSS","M","$","?","?","?","R","M","E","T","R","M","M","M","?","R","BOSS"],"build_version":"2019-01-23","purchased_purges":1,"victory":false,"max_hp_per_floor":[75,75,75,75,75,75,75,75,75,75,75,75,75,75,75,75,75,75,75,75,75,75,75,75,75,75,75,75,75,75,75,75,75],"card_choices":[{"not_picked":["Double Energy","Chill"],"picked":"Conserve Battery","floor":1},{"not_picked":["Skim","Rebound"],"picked":"Chill","floor":3},{"not_picked":["Beam Cell","Steam"],"picked":"Gash","floor":4},{"not_picked":["Cold Snap","Fusion"],"picked":"Sweeping Beam","floor":5},{"not_picked":["Turbo","Undo"],"picked":"Creative AI","floor":7},{"not_picked":["Compile Driver","Rebound","Scrape"],"picked":"SKIP","floor":10},{"not_picked":["Go for the Eyes","Ball Lightning"],"picked":"Auto Shields","floor":12},{"not_picked":["Thunder Strike","All For One"],"picked":"Reboot","floor":16},{"not_picked":["Leap","Skim"],"picked":"Undo","floor":18},{"not_picked":["White Noise","Glacier"],"picked":"Double Energy","floor":24},{"not_picked":["Sweeping Beam","Capacitor"],"picked":"Hologram+1","floor":25},{"not_picked":["Rebound","Stack","Sweeping Beam+1"],"picked":"SKIP","floor":28},{"not_picked":["Machine Learning","Gash","Genetic Algorithm+1"],"picked":"SKIP","floor":29},{"not_picked":["Sweeping Beam","Tempest"],"picked":"Melter","floor":30},{"not_picked":["Redo","Turbo"],"picked":"Gash","floor":31}],"player_experience":259498,"relics_obtained":[],"event_choices":[{"cards_removed":["Defend_B"],"damage_healed":0,"gold_gain":0,"player_choice":"Card Removal","damage_taken":0,"max_hp_gain":0,"max_hp_loss":0,"event_name":"The Cleric","floor":2,"gold_loss":50},{"damage_healed":0,"gold_gain":0,"player_choice":"Grow","damage_taken":0,"max_hp_gain":0,"max_hp_loss":0,"event_name":"Living Wall","floor":13,"gold_loss":0,"cards_upgraded":["Zap"]},{"cards_removed":["Defend_B"],"damage_healed":0,"gold_gain":0,"player_choice":"Elegance","damage_taken":0,"max_hp_gain":0,"max_hp_loss":0,"event_name":"Back to Basics","floor":20,"gold_loss":0},{"damage_healed":0,"gold_gain":0,"player_choice":"Fight","damage_taken":0,"max_hp_gain":0,"max_hp_loss":0,"event_name":"Colosseum","floor":21,"gold_loss":0},{"damage_healed":0,"gold_gain":0,"player_choice":"Fled From Nobs","damage_taken":0,"max_hp_gain":0,"max_hp_loss":0,"event_name":"Colosseum","floor":21,"gold_loss":0}],"is_beta":false,"boss_relics":[{"not_picked":["Empty Cage","Busted Crown","Ectoplasm"]}],"items_purged_floors":[19],"is_endless":false,"potions_floor_spawned":[3,4,5,7,10,16,18,25,28],"killed_by":"Champ","ascension_level":0}