{"gold_per_floor":[214,114,124,49,49,74,21,21,48,48,79,89,89,39,39,135,135,75],"floor_reached":18,"playtime":670,"items_purged":["Strike_G"],"score":193,"play_id":"a2ded0bc-f00e-483b-9b33-4eb50dac012a","local_time":"20190105154817","is_ascension_mode":false,"campfire_choices":[{"data":"rat:MoondustBomb","floor":8.0,"key":"SMITH"},{"data":"Ghostly","floor":15.0,"key":"SMITH"}],"neow_cost":"PERCENT_DAMAGE","seed_source_timestamp":0,"circlet_count":1,"master_deck":["Defend_G","Defend_G","Defend_G","Defend_G","Strike_G","Strike_G","Strike_G","Survivor","Neutralize+1","Blade Dance","Ghostly+1","Madness","Madness+1","Flying Knee"],"special_seed":0,"relics":["Ring of the Snake","Ginger","Circlet","Juzu Bracelet","Strawberry","Ectoplasm"],"potions_floor_usage":[],"damage_taken":[{"damage":2.0,"enemies":"Small Slimes","floor":1.0,"turns":3.0},{"damage":1.0,"enemies":"Jaw Worm","floor":3.0,"turns":4.0},{"damage":15.0,"enemies":"Gremlin Nob","floor":6.0,"turns":6.0},{"damage":8.0,"enemies":"Lagavulin","floor":11.0,"turns":9.0},{"damage":0.0,"enemies":"Cultist","floor":12.0,"turns":4.0},{"damage":31.0,"enemies":"Hexaghost","floor":16.0,"turns":16.0},{"damage":12.0,"enemies":"2 Thieves","floor":18.0,"turns":4.0}],"seed_played":"52074803511639660","potions_obtained":[{"floor":1.0,"key":"FairyPotion"},{"floor":3.0,"key":"SteroidPotion"},{"floor":16.0,"key":"SpeedPotion"}],"is_trial":false,"path_per_floor":["M","?","M","$","?","E","$","R","T","?","E","M","?","?","R","B",null,"M"],"character_chosen":"THE_SILENT","items_purchased":["Flying Knee"],"campfire_rested":0,"item_purchase_floors":[7],"current_hp_per_floor":[61,61,60,60,60,45,45,45,45,50,49,49,42,42,42,11,96,84],"gold":75,"neow_bonus":"TWENTY_PERCENT_HP_BONUS","is_prod":false,"is_daily":false,"chose_seed":false,"campfire_upgraded":2,"win_rate":0,"timestamp":1546663697,"path_taken":["M","?","M","$","?","E","$","R","T","?","E","M","?","?","R","BOSS","M"],"build_version":"2019-01-03v4","purchased_purges":1,"victory":false,"max_hp_per_floor":[84,84,84,84,84,84,84,84,84,89,96,96,96,96,96,96,96,96],"card_choices":[{"not_picked":["rat:RuptureArtery","hubris:SlightOfHand"],"picked":"Blade Dance","floor":1.0},{"not_picked":["Outmaneuver","Setup"],"picked":"strawberrySpire:SpinKick","floor":3.0},{"not_picked":["Cloak And Dagger","Eviscerate"],"picked":"rat:MoondustBomb","floor":6.0},{"not_picked":["Blade Dance","rat:OpeningStrike","rat:Garrote"],"picked":"SKIP","floor":11.0},{"not_picked":["rat:OpeningStrike","Setup","rat:EchoingStrikes"],"picked":"SKIP","floor":12.0}],"player_experience":653617,"relics_obtained":[{"floor":6.0,"key":"Ginger"},{"floor":9.0,"key":"hubris:SlimyHat"},{"floor":11.0,"key":"Strawberry"}],"event_choices":[{"damage_healed":0.0,"max_hp_gain":0.0,"max_hp_loss":0.0,"gold_gain":0.0,"event_name":"conspire:LoneGhost","player_choice":"Argue","floor":2.0,"gold_loss":0.0,"damage_taken":0.0},{"damage_healed":0.0,"max_hp_gain":0.0,"max_hp_loss":0.0,"gold_gain":0.0,"event_name":"Living Wall","player_choice":"Grow","floor":5.0,"gold_loss":0.0,"damage_taken":0.0,"cards_upgraded":["Neutralize"]},{"damage_healed":0.0,"max_hp_gain":5.0,"max_hp_loss":0.0,"gold_gain":0.0,"event_name":"Big Fish","player_choice":"Donut","floor":10.0,"gold_loss":0.0,"damage_taken":0.0},{"cards_removed":["Strike_G"],"damage_healed":0.0,"max_hp_gain":0.0,"max_hp_loss":0.0,"gold_gain":0.0,"event_name":"Golden Wing","player_choice":"Card Removal","floor":13.0,"gold_loss":0.0,"damage_taken":7.0},{"cards_removed":["Defend_G"],"damage_healed":0.0,"max_hp_gain":0.0,"max_hp_loss":0.0,"gold_gain":0.0,"event_name":"The Cleric","player_choice":"Card Removal","floor":14.0,"gold_loss":50.0,"damage_taken":0.0}],"is_beta":false,"boss_relics":[{"not_picked":["Eternal Feather","Black Star"],"picked":"Ectoplasm"}],"items_purged_floors":[4],"is_endless":false,"potions_floor_spawned":[1,3,16],"killed_by":"2 Thieves","ascension_level":0}