{"gold_per_floor":[113,113,125,135,154,154,180,180,204,233,244,16,16,29,29,133,133,148,161,172,97,29,29,57,57,57,57,73,73,73,91,91,192,192,202,222,222,222,240,240,51,63,63,63,77,77],"floor_reached":46,"playtime":3749,"items_purged":["Strike_B","Strike_B"],"score":615,"play_id":"f65640e9-23eb-4b4e-aa89-0001ac2a643d","local_time":"20180930222629","is_ascension_mode":true,"campfire_choices":[{"data":"Zap","floor":6,"key":"SMITH"},{"data":"White Noise","floor":8,"key":"SMITH"},{"floor":13,"key":"REST"},{"floor":15,"key":"REST"},{"floor":23,"key":"REST"},{"data":"Defragment","floor":25,"key":"SMITH"},{"data":"Seek","floor":27,"key":"SMITH"},{"data":"Creative AI","floor":29,"key":"SMITH"},{"data":"Loop","floor":32,"key":"SMITH"},{"data":"Thunder Strike","floor":40,"key":"SMITH"},{"data":"Defragment","floor":44,"key":"SMITH"}],"neow_cost":"","seed_source_timestamp":625512049020095,"circlet_count":0,"master_deck":["Defend_B","Defend_B+1","Defend_B+1","Defend_B+1","Zap+1","Dualcast","Go for the Eyes+1","Hologram","Doom and Gloom","Gash","White Noise+1","Conserve Battery","Gash","Electrodynamics","Coolheaded","Seek+1","Rebound","Heatsinks","Force Field+1","Loop+1","Defragment+1","Creative AI+1","Beam Cell+1","Thunder Strike+1","Turbo+1","Skim+1","Hologram+1","Conserve Battery+1","Gash","Defragment+1","Hello World+1","Lockon+1"],"relics":["Cracked Core","War Paint","Blood Vial","Odd Mushroom","Inserter","Oddly Smooth Stone","Meat on the Bone","Sozu","Pocketwatch","Bag of Marbles"],"potions_floor_usage":[16,16,28,31,33],"damage_taken":[{"damage":0,"enemies":"Jaw Worm","floor":1,"turns":3},{"damage":4,"enemies":"2 Louse","floor":3,"turns":3},{"damage":0,"enemies":"Cultist","floor":4,"turns":3},{"damage":7,"enemies":"Looter","floor":5,"turns":3},{"damage":24,"enemies":"Gremlin Nob","floor":7,"turns":4},{"damage":24,"enemies":"The Mushroom Lair","floor":10,"turns":3},{"damage":0,"enemies":"Large Slime","floor":11,"turns":5},{"damage":12,"enemies":"Exordium Wildlife","floor":14,"turns":2},{"damage":0,"enemies":"Slime Boss","floor":16,"turns":5},{"damage":22,"enemies":"2 Thieves","floor":18,"turns":3},{"damage":8,"enemies":"3 Byrds","floor":19,"turns":4},{"damage":26,"enemies":"Sentry and Sphere","floor":20,"turns":7},{"damage":18,"enemies":"Gremlin Leader","floor":24,"turns":5},{"damage":3,"enemies":"Centurion and Healer","floor":28,"turns":5},{"damage":16,"enemies":"Snake Plant","floor":31,"turns":3},{"damage":24,"enemies":"Automaton","floor":33,"turns":10},{"damage":26,"enemies":"3 Shapes","floor":35,"turns":4},{"damage":17,"enemies":"Orb Walker","floor":36,"turns":3},{"damage":17,"enemies":"Mind Bloom Boss Battle","floor":38,"turns":6},{"damage":0,"enemies":"Transient","floor":39,"turns":5},{"damage":28,"enemies":"Sphere and 2 Shapes","floor":42,"turns":4},{"damage":18,"enemies":"3 Darklings","floor":45,"turns":5},{"damage":39,"enemies":"2 Orb Walkers","floor":46,"turns":3}],"seed_played":"4644287151628619265","potions_obtained":[{"floor":4,"key":"FocusPotion"},{"floor":5,"key":"Ancient Potion"},{"floor":10,"key":"SkillPotion"},{"floor":18,"key":"GamblersBrew"},{"floor":24,"key":"GamblersBrew"}],"is_trial":false,"path_per_floor":["M","?","M","M","M","R","E","R","T","?","M","$","R","M","R","B",null,"M","M","M","?","$","R","E","R","T","R","M","R","$","M","R","B",null,"M","M","?","?","M","R","$","M","T","R","M"],"character_chosen":"DEFECT","items_purchased":["Electrodynamics","Loop","Gash","Defragment"],"campfire_rested":3,"item_purchase_floors":[12,22,41,41],"current_hp_per_floor":[75,60,56,56,49,49,25,25,25,3,5,5,27,17,39,41,67,47,41,17,17,17,39,23,23,23,23,34,34,34,32,32,22,62,38,35,35,32,46,46,46,32,32,32,28,0],"gold":77,"neow_bonus":"","is_prod":false,"is_daily":false,"chose_seed":false,"campfire_upgraded":8,"win_rate":0,"timestamp":1538371589,"path_taken":["M","?","?","M","M","R","E","R","T","?","M","?","R","?","R","BOSS","M","?","M","?","$","R","E","R","T","R","M","R","$","M","R","BOSS","M","M","?","?","?","R","?","M","T","R","M","E"],"build_version":"2018-09-27","purchased_purges":2,"victory":false,"max_hp_per_floor":[75,75,75,75,75,75,75,75,75,75,75,75,75,75,75,75,75,75,75,75,75,75,75,75,75,75,75,75,75,75,75,75,75,75,75,75,75,75,75,75,75,75,75,75,75,75],"card_choices":[{"not_picked":["Beam Cell","Rip and Tear"],"picked":"Go for the Eyes","floor":1},{"not_picked":["Force Field","Coolheaded"],"picked":"Hologram","floor":3},{"not_picked":["Redo","Reinforced Body"],"picked":"Doom and Gloom","floor":4},{"not_picked":["Barrage","Turbo"],"picked":"Gash","floor":5},{"not_picked":["Rebound","Sunder"],"picked":"White Noise","floor":7},{"not_picked":["Rebound","Recycle"],"picked":"Conserve Battery","floor":10},{"not_picked":["Leap","Steam"],"picked":"Gash","floor":11},{"not_picked":["Redo","Recycle"],"picked":"Coolheaded","floor":14},{"not_picked":["Core Surge","Amplify"],"picked":"Seek","floor":16},{"not_picked":["Ball Lightning","Sweeping Beam"],"picked":"Rebound","floor":18},{"not_picked":["Sweeping Beam","Force Field"],"picked":"Heatsinks","floor":19},{"not_picked":["Go for the Eyes+1","Steam"],"picked":"Force Field+1","floor":20},{"not_picked":["Capacitor","Conserve Battery"],"picked":"Defragment","floor":24},{"not_picked":["Stack","Cold Snap"],"picked":"Creative AI","floor":28},{"not_picked":["Steam","Conserve Battery"],"picked":"Beam Cell+1","floor":31},{"not_picked":["Amplify","Meteor Strike"],"picked":"Thunder Strike","floor":33},{"not_picked":["Coolheaded","Rebound"],"picked":"Turbo+1","floor":35},{"not_picked":["Beam Cell+1","Glacier+1"],"picked":"Skim+1","floor":36},{"not_picked":["Barrage","Heatsinks+1"],"picked":"Hologram+1","floor":38},{"not_picked":["Ball Lightning","Cold Snap+1"],"picked":"Conserve Battery+1","floor":39},{"not_picked":["Coolheaded","Steam"],"picked":"Hello World+1","floor":42},{"not_picked":["BootSequence","Genetic Algorithm"],"picked":"Lockon+1","floor":45}],"player_experience":210069,"relics_obtained":[{"floor":7,"key":"War Paint"},{"floor":9,"key":"Blood Vial"},{"floor":10,"key":"Odd Mushroom"},{"floor":24,"key":"Oddly Smooth Stone"},{"floor":26,"key":"Meat on the Bone"},{"floor":38,"key":"Pocketwatch"},{"floor":43,"key":"Bag of Marbles"}],"event_choices":[{"event_name":"Shining Light","player_choice":"Entered Light","floor":2,"damage_taken":0},{"event_name":"Mushrooms","player_choice":"Fought Mushrooms","floor":10,"damage_taken":0},{"event_name":"Beggar","player_choice":"Gave Gold","floor":21,"damage_taken":0},{"event_name":"Purifier","player_choice":"One Purge","floor":37,"damage_taken":0},{"event_name":"MindBloom","player_choice":"Fight","floor":38,"damage_taken":0}],"is_beta":false,"boss_relics":[{"not_picked":["Black Star","White Beast Statue"],"picked":"Inserter"},{"not_picked":["Cursed Key","Calling Bell"],"picked":"Sozu"}],"items_purged_floors":[12,41],"is_endless":false,"potions_floor_spawned":[4,5,10,11,14,18,24,35,38,39],"killed_by":"2 Orb Walkers","ascension_level":5}