{"gold_per_floor":[115,135,152,170,170,203,203,234,234,254,266,292,304,338,338,434,434,402,419,419],"floor_reached":20,"playtime":1520,"items_purged":[],"score":281,"play_id":"57f7d58c-cf74-4e3b-a3b3-1b813f839b7f","local_time":"20190131173544","is_ascension_mode":true,"campfire_choices":[{"floor":7.0,"key":"REST"},{"data":"Calculated Gamble","floor":15.0,"key":"SMITH"}],"neow_cost":"NONE","seed_source_timestamp":0,"circlet_count":0,"master_deck":["Defend_G","Defend_G","Defend_G","Defend_G","Defend_G","Strike_G","Strike_G","Strike_G","Strike_G","Strike_G","Survivor","Neutralize","Cloak And Dagger","Footwork+1","Masterful Stab","Sucker Punch","After Image+1","Expertise","Terror","Sucker Punch","Dagger Spray","Footwork+1","Calculated Gamble+1","After Image+1","Infinite Blades+1"],"special_seed":0,"relics":["Ring of the Snake","Frozen Egg 2","Gremlin Horn","Pantograph","Darkstone Periapt","Anchor","Coffee Dripper"],"potions_floor_usage":[20],"damage_taken":[{"damage":2.0,"enemies":"Small Slimes","floor":1.0,"turns":4.0},{"damage":0.0,"enemies":"Cultist","floor":2.0,"turns":3.0},{"damage":1.0,"enemies":"Jaw Worm","floor":3.0,"turns":5.0},{"damage":0.0,"enemies":"3 Louse","floor":4.0,"turns":3.0},{"damage":28.0,"enemies":"Gremlin Nob","floor":6.0,"turns":5.0},{"damage":7.0,"enemies":"Lagavulin","floor":8.0,"turns":14.0},{"damage":1.0,"enemies":"Exordium Thugs","floor":10.0,"turns":5.0},{"damage":0.0,"enemies":"2 Fungi Beasts","floor":11.0,"turns":4.0},{"damage":5.0,"enemies":"Gremlin Nob","floor":12.0,"turns":4.0},{"damage":2.0,"enemies":"3 Louse","floor":13.0,"turns":4.0},{"damage":8.0,"enemies":"3 Sentries","floor":14.0,"turns":11.0},{"damage":24.0,"enemies":"Hexaghost","floor":16.0,"turns":14.0},{"damage":0,"enemies":"2 Thieves","floor":18,"turns":5},{"damage":12,"enemies":"3 Byrds","floor":19,"turns":6},{"damage":12,"enemies":"Masked Bandits","floor":20,"turns":3}],"seed_played":"-5075418031223299741","potions_obtained":[{"floor":4.0,"key":"GamblersBrew"},{"floor":6.0,"key":"Weak Potion"},{"floor":8.0,"key":"PowerPotion"},{"floor":13.0,"key":"PowerPotion"}],"is_trial":false,"path_per_floor":["M","M","M","M","?","E","R","E","T","M","M","E","M","E","R","B",null,"M","M","?"],"character_chosen":"THE_SILENT","items_purchased":[],"campfire_rested":1,"item_purchase_floors":[],"current_hp_per_floor":[68,68,67,67,67,39,62,55,55,54,54,49,47,39,39,40,68,68,56,44],"gold":419,"neow_bonus":"TEN_PERCENT_HP_BONUS","is_prod":false,"is_daily":false,"chose_seed":false,"campfire_upgraded":1,"win_rate":0,"timestamp":1548974144,"path_taken":["M","M","M","M","?","E","R","E","T","M","M","E","M","E","R","BOSS","M","M","?"],"build_version":"2019-01-23","purchased_purges":0,"victory":false,"max_hp_per_floor":[77,77,77,77,77,77,77,77,77,77,77,77,77,77,77,77,77,77,77,77],"card_choices":[{"not_picked":["Backflip","Dodge and Roll"],"picked":"Cloak And Dagger","floor":1.0},{"not_picked":["Backstab","Reflex"],"picked":"Footwork","floor":2.0},{"not_picked":["Endless Agony","Blade Dance"],"picked":"Masterful Stab","floor":3.0},{"not_picked":["Predator","Poisoned Stab"],"picked":"Sucker Punch","floor":4.0},{"not_picked":["Eviscerate","PiercingWail"],"picked":"After Image","floor":6.0},{"not_picked":["Reflex","Deflect"],"picked":"Expertise","floor":8.0},{"not_picked":["Acrobatics","Poisoned Stab"],"picked":"Terror","floor":10.0},{"not_picked":["Bouncing Flask","Deadly Poison"],"picked":"Sucker Punch","floor":11.0},{"not_picked":["Terror","Sucker Punch"],"picked":"Dagger Spray","floor":12.0},{"not_picked":["Quick Slash","Phantasmal Killer"],"picked":"Footwork+1","floor":13.0},{"not_picked":["Finisher","Backflip"],"picked":"Calculated Gamble","floor":14.0},{"not_picked":["Wraith Form v2+1","Grand Finale"],"picked":"After Image+1","floor":16.0},{"not_picked":["Poisoned Stab","Flying Knee"],"picked":"Infinite Blades+1","floor":18},{"not_picked":["Underhanded Strike","Blade Dance","Expertise"],"picked":"SKIP","floor":19}],"player_experience":277847,"relics_obtained":[{"floor":6.0,"key":"Frozen Egg 2"},{"floor":8.0,"key":"Gremlin Horn"},{"floor":9.0,"key":"Pantograph"},{"floor":12.0,"key":"Darkstone Periapt"},{"floor":14.0,"key":"Anchor"}],"event_choices":[{"damage_healed":0.0,"max_hp_gain":0.0,"max_hp_loss":0.0,"gold_gain":0.0,"event_name":"Upgrade Shrine","player_choice":"Upgraded","floor":5.0,"gold_loss":0.0,"damage_taken":0.0,"cards_upgraded":["Footwork"]},{"damage_healed":0,"gold_gain":0,"player_choice":"Fought Bandits","damage_taken":0,"max_hp_gain":0,"max_hp_loss":0,"event_name":"Masked Bandits","floor":20,"gold_loss":0}],"is_beta":false,"boss_relics":[{"not_picked":["Runic Pyramid","Calling Bell"],"picked":"Coffee Dripper"}],"items_purged_floors":[],"is_endless":false,"potions_floor_spawned":[4,6,8,13,14],"killed_by":"Masked Bandits","ascension_level":7}