{"gold_per_floor":[110,110,110,130,130,161,161,181,208,208,237,72,122,139,139,215,215,233,283,333,344,269,269,597,647,647,660,660,782,782,28,28,100,100,120,33,83,133],"floor_reached":38,"playtime":1209,"items_purged":["Strike_G","Strike_G"],"score":867,"play_id":"76893e0e-8f18-474b-8175-258c728bccf7","local_time":"20181101104744","is_ascension_mode":true,"campfire_choices":[{"data":"Neutralize","floor":7.0,"key":"SMITH"},{"data":"Neutralize","floor":10.0,"key":"SMITH"},{"floor":15.0,"key":"REST"},{"floor":23.0,"key":"REST"},{"floor":28.0,"key":"REST"},{"data":"Noxious Fumes","floor":30.0,"key":"SMITH"},{"data":"Noxious Fumes","floor":32.0,"key":"SMITH"}],"neow_cost":"NONE","seed_source_timestamp":1612961976402261,"circlet_count":0,"master_deck":["Defend_G","Defend_G","Defend_G","Defend_G+1","Strike_G","Strike_G","Strike_G","Survivor+1","Neutralize+1","AscendersBane","Neutralize+1","Infinite Blades","Noxious Fumes+1","Malaise","Heel Hook","Noxious Fumes+1","Escape Plan","Cloak And Dagger","Predator","Footwork","After Image","Footwork"],"special_seed":0,"relics":["Ring of the Snake","NeowsBlessing","SsserpentHead","War Paint","Lantern","WingedGreaves","Orichalcum","HoveringKite","Old Coin","MutagenicStrength","Meat on the Bone","Gremlin Horn","Singing Bowl","ClockworkSouvenir","Busted Crown"],"potions_floor_usage":[33,38],"damage_taken":[{"damage":0.0,"enemies":"Jaw Worm","floor":1.0,"turns":1.0},{"damage":0.0,"enemies":"Cultist","floor":4.0,"turns":1.0},{"damage":0.0,"enemies":"3 Sentries","floor":6.0,"turns":1.0},{"damage":8.0,"enemies":"Small Slimes","floor":8.0,"turns":4.0},{"damage":42.0,"enemies":"Gremlin Nob","floor":11.0,"turns":5.0},{"damage":0.0,"enemies":"Looter","floor":14.0,"turns":3.0},{"damage":14.0,"enemies":"The Guardian","floor":16.0,"turns":17.0},{"damage":14.0,"enemies":"Chosen","floor":18.0,"turns":7.0},{"damage":5.0,"enemies":"Shell Parasite","floor":21.0,"turns":8.0},{"damage":4.0,"enemies":"Book of Stabbing","floor":24.0,"turns":9.0},{"damage":10.0,"enemies":"Snecko","floor":27.0,"turns":7.0},{"damage":38,"enemies":"Automaton","floor":33,"turns":11},{"damage":2,"enemies":"Orb Walker","floor":35,"turns":4},{"damage":82,"enemies":"2 Orb Walkers","floor":38,"turns":4}],"seed_played":"-8384433663282166309","potions_obtained":[{"floor":4.0,"key":"Explosive Potion"},{"floor":11.0,"key":"Energy Potion"},{"floor":18.0,"key":"Strength Potion"}],"is_trial":false,"path_per_floor":["M","?","?","M","?","E","R","M","T","R","E","$","?","M","R","B",null,"M","?","?","M","$","R","E","?","T","M","R","T","R","$","R","B",null,"M","$","?"],"character_chosen":"THE_SILENT","items_purchased":["Orichalcum","Footwork","Singing Bowl","ClockworkSouvenir","Strength Potion","Energy Potion","Footwork"],"campfire_rested":3,"item_purchase_floors":[12,31,31,31,31,31,36],"current_hp_per_floor":[59,59,64,64,64,64,64,56,56,56,14,14,14,14,35,21,59,45,45,45,40,40,61,57,57,57,47,68,68,68,68,68,42,64,64,64,64,0],"gold":133,"neow_bonus":"THREE_ENEMY_KILL","is_prod":false,"is_daily":false,"chose_seed":false,"campfire_upgraded":4,"win_rate":0,"timestamp":1541094464,"path_taken":["M","?","?","M","?","E","R","M","T","R","E","$","?","M","R","BOSS","M","?","?","M","$","R","E","?","T","M","R","?","R","$","R","BOSS","M","$","?","?"],"build_version":"2018-10-25v2","purchased_purges":2,"victory":false,"max_hp_per_floor":[66,66,71,71,71,71,71,71,71,71,71,71,71,71,71,71,71,71,71,71,71,71,71,71,71,71,71,71,71,71,71,71,71,71,73,73,73,73],"card_choices":[{"not_picked":["Outmaneuver","Underhanded Strike","Sucker Punch"],"picked":"SKIP","floor":1.0},{"not_picked":["Bane","Reflex","Sucker Punch"],"picked":"SKIP","floor":4.0},{"not_picked":["Outmaneuver","Prepared","Setup"],"picked":"SKIP","floor":6.0},{"not_picked":["Deflect","Flying Knee"],"picked":"Infinite Blades","floor":8.0},{"not_picked":["Grand Finale","Deflect","Outmaneuver"],"picked":"SKIP","floor":11.0},{"not_picked":["Crippling Poison","Cloak And Dagger"],"picked":"Noxious Fumes","floor":14.0},{"not_picked":["Night Terror","Glass Knife"],"picked":"Malaise","floor":16.0},{"not_picked":["Concentrate","Acrobatics"],"picked":"Heel Hook","floor":18.0},{"not_picked":["Dodge and Roll","Poisoned Stab"],"picked":"Escape Plan","floor":21.0},{"not_picked":["Dagger Throw","Skewer"],"picked":"Cloak And Dagger","floor":24.0},{"not_picked":["Blade Dance","PiercingWail"],"picked":"Predator","floor":27.0},{"not_picked":["Venomology","Night Terror"],"picked":"After Image","floor":33},{"not_picked":["Poisoned Stab"],"picked":"Singing Bowl","floor":35}],"player_experience":586252,"relics_obtained":[{"floor":6.0,"key":"War Paint"},{"floor":9.0,"key":"Lantern"},{"floor":11.0,"key":"WingedGreaves"},{"floor":24.0,"key":"Old Coin"},{"floor":26.0,"key":"Meat on the Bone"},{"floor":29.0,"key":"Gremlin Horn"}],"event_choices":[{"damage_healed":0.0,"max_hp_gain":0.0,"max_hp_loss":0.0,"gold_gain":0.0,"event_name":"Match and Keep!","player_choice":"1 cards matched","floor":2.0,"gold_loss":0.0,"damage_taken":0.0,"cards_obtained":["Neutralize"]},{"damage_healed":0.0,"max_hp_gain":5.0,"max_hp_loss":0.0,"gold_gain":0.0,"event_name":"Big Fish","player_choice":"Donut","floor":3.0,"gold_loss":0.0,"damage_taken":0.0},{"damage_healed":0.0,"max_hp_gain":0.0,"max_hp_loss":0.0,"gold_gain":0.0,"event_name":"FaceTrader","player_choice":"Trade","floor":5.0,"gold_loss":0.0,"damage_taken":0.0,"relics_obtained":["SsserpentHead"]},{"damage_healed":0.0,"max_hp_gain":0.0,"max_hp_loss":0.0,"gold_gain":0.0,"event_name":"Living Wall","player_choice":"Grow","floor":13.0,"gold_loss":0.0,"damage_taken":0.0,"cards_upgraded":["Survivor"]},{"damage_healed":0.0,"max_hp_gain":0.0,"max_hp_loss":0.0,"gold_gain":0.0,"event_name":"Ghosts","player_choice":"Ignored","floor":19.0,"gold_loss":0.0,"damage_taken":0.0},{"damage_healed":0.0,"max_hp_gain":0.0,"max_hp_loss":0.0,"gold_gain":0.0,"event_name":"Duplicator","player_choice":"Copied","floor":20.0,"gold_loss":0.0,"damage_taken":0.0,"cards_obtained":["Noxious Fumes"]},{"damage_healed":0.0,"max_hp_gain":0.0,"max_hp_loss":0.0,"gold_gain":0.0,"event_name":"Drug Dealer","player_choice":"Inject Mutagens","floor":25.0,"gold_loss":0.0,"damage_taken":0.0,"relics_obtained":["MutagenicStrength"]},{"cards_removed":["Defend_G"],"damage_healed":0,"gold_gain":0,"player_choice":"Removed Skill","damage_taken":0,"max_hp_gain":0,"max_hp_loss":0,"event_name":"Falling","floor":37,"gold_loss":0},{"damage_healed":0,"gold_gain":0,"player_choice":"Fight","damage_taken":0,"max_hp_gain":0,"max_hp_loss":0,"event_name":"Mysterious Sphere","floor":38,"gold_loss":0}],"is_beta":false,"boss_relics":[{"not_picked":["Philosopher\u0027s Stone","Lizard Tail"],"picked":"HoveringKite"},{"not_picked":["Eternal Feather","Tiny House"],"picked":"Busted Crown"}],"items_purged_floors":[22,31],"is_endless":false,"potions_floor_spawned":[4,11,18],"killed_by":"2 Orb Walkers","ascension_level":20}