{"gold_per_floor":[109,124,49,61,61,61,92,92,119,119,130,130,147,147],"floor_reached":14,"playtime":219,"items_purged":["Defend_R"],"score":90,"play_id":"a8d96fe9-b4f6-46a2-991b-e65587fc278a","local_time":"20180914194205","is_ascension_mode":false,"campfire_choices":[{"data":"Heavy Blade","floor":6,"key":"SMITH"},{"data":"Seeing Red","floor":8,"key":"SMITH"},{"data":"Clash","floor":10,"key":"SMITH"},{"data":"Pommel Strike","floor":12,"key":"SMITH"}],"neow_cost":"NONE","seed_source_timestamp":142069131632588,"circlet_count":0,"master_deck":["Strike_R","Strike_R","Strike_R","Strike_R","Strike_R","Defend_R","Defend_R","Defend_R","Bash","Heavy Blade+1","Clash+1","Seeing Red+1","Pommel Strike+1","Sword Boomerang","Wild Strike"],"relics":["Burning Blood","Dream Catcher","Bag of Marbles"],"potions_floor_usage":[7],"damage_taken":[{"damage":0,"enemies":"2 Louse","floor":1,"turns":2},{"damage":7,"enemies":"Small Slimes","floor":2,"turns":3},{"damage":11,"enemies":"Jaw Worm","floor":4,"turns":2},{"damage":26,"enemies":"Gremlin Nob","floor":7,"turns":4},{"damage":12,"enemies":"2 Fungi Beasts","floor":11,"turns":2},{"damage":13,"enemies":"Red Slaver","floor":13,"turns":2},{"damage":0,"enemies":"Lagavulin","floor":14,"turns":1}],"seed_played":"-5585154415226511597","potions_obtained":[{"floor":2,"key":"Poison Potion"},{"floor":7,"key":"AttackPotion"},{"floor":13,"key":"Fire Potion"}],"is_trial":false,"path_per_floor":["M","M","$","M","?","R","E","R","T","R","M","R","M"],"character_chosen":"IRONCLAD","items_purchased":[],"campfire_rested":0,"item_purchase_floors":[],"current_hp_per_floor":[80,79,79,74,74,74,54,54,54,54,48,48,41,41],"gold":147,"neow_bonus":"THREE_CARDS","is_prod":false,"is_daily":false,"chose_seed":false,"campfire_upgraded":4,"win_rate":0,"timestamp":1536968525,"path_taken":["M","M","$","M","?","R","E","R","T","R","M","R","M","E"],"build_version":"2018-09-06","purchased_purges":1,"victory":false,"max_hp_per_floor":[80,80,80,80,80,80,80,80,80,80,80,80,80,80],"card_choices":[{"not_picked":["Shrug It Off","Sever Soul"],"picked":"Heavy Blade","floor":0},{"not_picked":["Warcry","Rampage","Burning Pact"],"picked":"SKIP","floor":1},{"not_picked":["Flex","Shrug It Off"],"picked":"Clash","floor":2},{"not_picked":["Entrench","Pommel Strike"],"picked":"Seeing Red","floor":4},{"not_picked":["Rage","Body Slam"],"picked":"Pommel Strike","floor":7},{"not_picked":["Shockwave","Clothesline"],"picked":"Sword Boomerang","floor":11},{"not_picked":["Cleave","Inflame"],"picked":"Wild Strike","floor":13}],"player_experience":140667,"relics_obtained":[{"floor":7,"key":"Dream Catcher"},{"floor":9,"key":"Bag of Marbles"}],"event_choices":[{"event_name":"Scrap Ooze","player_choice":"unsuccessful","floor":5,"damage_taken":0}],"is_beta":false,"boss_relics":[],"items_purged_floors":[3],"is_endless":false,"potions_floor_spawned":[2,7,13],"killed_by":"Lagavulin","ascension_level":0}