{"gold_per_floor":[110,110,35,51,68,68,85,99,99,126,226,126,126,145,145,242,242,255,27,44,244,263,263,282,282,282,282,282,308,321,341,341,440,440,452,452,463,477,477,510,510,145,195,229,280,280,280,295,295,295],"floor_reached":51,"playtime":2766,"items_purged":["Regret","Strike_R","Strike_R"],"score":1138,"play_id":"198c725e-4082-411b-bcdd-2d7ed0ed092f","local_time":"20181115193613","is_ascension_mode":true,"campfire_choices":[{"data":"Inflame","floor":6,"key":"SMITH"},{"data":"Rampage","floor":13,"key":"SMITH"},{"data":"True Grit","floor":15,"key":"SMITH"},{"data":"True Grit","floor":23,"key":"SMITH"},{"data":"Feel No Pain","floor":25,"key":"SMITH"},{"data":"Metallicize","floor":27,"key":"SMITH"},{"data":"Fiend Fire","floor":32,"key":"SMITH"},{"data":"Disarm","floor":41,"key":"SMITH"},{"data":"Burning Pact","floor":47,"key":"SMITH"},{"data":"Offering","floor":49,"key":"SMITH"}],"neow_cost":"NONE","seed_source_timestamp":33013955678751,"circlet_count":0,"master_deck":["AscendersBane","Strike_R","Strike_R","Strike_R","Defend_R","Defend_R","Defend_R","Bash","Double Tap","Inflame+1","Disarm+1","Intimidate","Rampage+1","Headbutt+1","Metallicize+1","True Grit+1","Offering+1","Burning Pact+1","True Grit+1","Feel No Pain+1","Shockwave+1","Fiend Fire+1","Fiend Fire+1","Writhe","Feel No Pain+1"],"relics":["Burning Blood","Paper Frog","Dead Branch","Du-Vu Doll","Velvet Choker","Sundial","Charon\u0027s Ashes","Mummified Hand","Busted Crown","Regal Pillow","Oddly Smooth Stone","ClockworkSouvenir","Whetstone","Strawberry","Ice Cream"],"potions_floor_usage":[16,33,33],"damage_taken":[{"damage":18,"enemies":"Jaw Worm","floor":1,"turns":4},{"damage":0,"enemies":"2 Louse","floor":4,"turns":3},{"damage":6,"enemies":"Cultist","floor":5,"turns":3},{"damage":4,"enemies":"2 Fungi Beasts","floor":7,"turns":3},{"damage":13,"enemies":"Red Slaver","floor":8,"turns":4},{"damage":20,"enemies":"Lagavulin","floor":10,"turns":5},{"damage":22,"enemies":"Exordium Thugs","floor":14,"turns":5},{"damage":7,"enemies":"Hexaghost","floor":16,"turns":7},{"damage":4,"enemies":"3 Byrds","floor":18,"turns":6},{"damage":7,"enemies":"Chosen","floor":20,"turns":4},{"damage":22,"enemies":"Centurion and Healer","floor":22,"turns":8},{"damage":6,"enemies":"Snake Plant","floor":24,"turns":4},{"damage":8,"enemies":"Book of Stabbing","floor":29,"turns":4},{"damage":11,"enemies":"Sentry and Sphere","floor":30,"turns":5},{"damage":3,"enemies":"Cultist and Chosen","floor":31,"turns":4},{"damage":50,"enemies":"Automaton","floor":33,"turns":9},{"damage":13,"enemies":"3 Darklings","floor":35,"turns":4},{"damage":1,"enemies":"3 Shapes","floor":37,"turns":5},{"damage":7,"enemies":"Transient","floor":38,"turns":5},{"damage":6,"enemies":"Giant Head","floor":40,"turns":5},{"damage":8,"enemies":"Nemesis","floor":44,"turns":7},{"damage":0,"enemies":"2 Orb Walkers","floor":45,"turns":2},{"damage":6,"enemies":"3 Darklings","floor":48,"turns":3},{"damage":51,"enemies":"Time Eater","floor":50,"turns":10}],"seed_played":"3063489437494821362","potions_obtained":[{"floor":4,"key":"GamblersBrew"},{"floor":7,"key":"GamblersBrew"},{"floor":16,"key":"BloodPotion"},{"floor":33,"key":"SpeedPotion"},{"floor":35,"key":"Energy Potion"}],"is_trial":false,"path_per_floor":["M","?","$","M","M","R","M","M","T","E","?","$","R","M","R","B",null,"M","$","M","?","M","R","M","R","T","R","T","E","M","M","R","B",null,"M","?","M","M","?","E","R","$","T","E","?","?","R","M","R","B",null],"character_chosen":"IRONCLAD","items_purchased":["True Grit","Feel No Pain","Oddly Smooth Stone","ClockworkSouvenir"],"campfire_rested":0,"item_purchase_floors":[19,19,42,42],"current_hp_per_floor":[60,60,60,66,66,66,68,61,61,47,47,47,47,31,31,30,68,70,70,69,69,53,53,53,53,53,53,53,51,46,49,49,13,63,56,56,61,60,80,80,80,80,80,85,87,87,87,87,87,42],"gold":295,"neow_bonus":"ONE_RANDOM_RARE_CARD","is_prod":false,"is_daily":false,"chose_seed":false,"campfire_upgraded":10,"win_rate":0,"timestamp":1542328573,"path_taken":["M","?","$","M","M","R","M","M","T","E","?","$","R","M","R","BOSS","M","$","?","?","?","R","M","R","T","R","?","E","M","M","R","BOSS","M","?","M","M","?","E","R","$","T","E","?","?","R","M","R","BOSS"],"build_version":"2018-11-14","purchased_purges":3,"victory":true,"max_hp_per_floor":[80,80,80,80,80,80,80,80,80,80,80,80,80,80,80,80,80,80,80,80,80,80,80,80,80,80,80,80,80,80,80,80,80,80,80,80,80,80,80,80,80,80,80,87,87,87,87,87,87,87],"card_choices":[{"not_picked":["Cleave","Twin Strike"],"picked":"Inflame","floor":1},{"not_picked":["Wild Strike","Headbutt"],"picked":"Disarm","floor":4},{"not_picked":["Anger","Bloodletting"],"picked":"Intimidate","floor":5},{"not_picked":["Wild Strike","Reckless Charge"],"picked":"Rampage","floor":7},{"not_picked":["Pommel Strike","Dropkick"],"picked":"Headbutt","floor":8},{"not_picked":["Reckless Charge","Havoc"],"picked":"Metallicize","floor":10},{"not_picked":["Heavy Blade","Shrug It Off"],"picked":"True Grit","floor":14},{"not_picked":["Dark Embrace","Fiend Fire"],"picked":"Offering","floor":16},{"not_picked":["Power Through+1","Havoc+1"],"picked":"Burning Pact","floor":18},{"not_picked":["Clothesline","Pummel","Rage+1"],"picked":"SKIP","floor":20},{"not_picked":["Twin Strike","Body Slam","Armaments"],"picked":"SKIP","floor":22},{"not_picked":["Anger","Body Slam"],"picked":"Shockwave+1","floor":24},{"not_picked":["Perfected Strike+1","Entrench+1"],"picked":"Fiend Fire","floor":29},{"not_picked":["Sword Boomerang","Clash","Clothesline"],"picked":"SKIP","floor":30},{"not_picked":["Shrug It Off","Spot Weakness","Wild Strike+1"],"picked":"SKIP","floor":31},{"not_picked":["Bludgeon","Berserk"],"picked":"Fiend Fire","floor":33},{"not_picked":["Headbutt"],"picked":"SKIP","floor":35},{"not_picked":["Whirlwind+1"],"picked":"SKIP","floor":37},{"not_picked":["Warcry"],"picked":"SKIP","floor":38},{"not_picked":["Iron Wave+1"],"picked":"SKIP","floor":40},{"not_picked":[],"picked":"Feel No Pain+1","floor":44},{"not_picked":["Pommel Strike"],"picked":"SKIP","floor":48}],"player_experience":371632,"relics_obtained":[{"floor":9,"key":"Dead Branch"},{"floor":10,"key":"Du-Vu Doll"},{"floor":26,"key":"Sundial"},{"floor":28,"key":"Charon\u0027s Ashes"},{"floor":29,"key":"Mummified Hand"},{"floor":40,"key":"Regal Pillow"},{"floor":43,"key":"Whetstone"},{"floor":44,"key":"Strawberry"},{"floor":45,"key":"Ice Cream"}],"event_choices":[{"damage_healed":0,"gold_gain":0,"player_choice":"Box","damage_taken":0,"relics_obtained":["Paper Frog"],"max_hp_gain":0,"max_hp_loss":0,"event_name":"Big Fish","floor":2,"gold_loss":0,"cards_obtained":["Regret"]},{"damage_healed":0,"gold_gain":100,"player_choice":"Pray","damage_taken":0,"max_hp_gain":0,"max_hp_loss":0,"event_name":"Golden Shrine","floor":11,"gold_loss":0},{"damage_healed":0,"gold_gain":200,"player_choice":"Gold","damage_taken":0,"max_hp_gain":0,"max_hp_loss":0,"event_name":"Wheel of Change","floor":21,"gold_loss":0},{"damage_healed":0,"gold_gain":0,"player_choice":"Ignored","damage_taken":0,"max_hp_gain":0,"max_hp_loss":0,"event_name":"Tomb of Lord Red Mask","floor":36,"gold_loss":0},{"damage_healed":20,"gold_gain":0,"player_choice":"Writhe","damage_taken":0,"max_hp_gain":0,"max_hp_loss":0,"event_name":"Winding Halls","floor":39,"gold_loss":0,"cards_obtained":["Writhe"]},{"damage_healed":0,"gold_gain":0,"player_choice":"Fight","damage_taken":0,"max_hp_gain":0,"max_hp_loss":0,"event_name":"Mysterious Sphere","floor":45,"gold_loss":0},{"cards_removed":["Defend_R"],"damage_healed":0,"gold_gain":0,"player_choice":"Removed Skill","damage_taken":0,"max_hp_gain":0,"max_hp_loss":0,"event_name":"Falling","floor":46,"gold_loss":0}],"is_beta":true,"boss_relics":[{"not_picked":["Cursed Key","Empty Cage"],"picked":"Velvet Choker"},{"not_picked":["Philosopher\u0027s Stone","Coffee Dripper"],"picked":"Busted Crown"}],"items_purged_floors":[3,12,19],"is_endless":false,"potions_floor_spawned":[4,7,10,16,29,30,33,35,40,45],"ascension_level":11}