{"gold_per_floor":[111,111,111,77,77,77,105,105,155,155,155,155,188,204,204,306,306,325,292,307,322,337,368,383,410,436,456,469,188,188,287,287,387,387,400,412,263,275,287,287,322,322,322,342,342,375,393,71,71,71,71,71,71,96,96],"floor_reached":56,"playtime":7394,"items_purged":["Strike_G","Strike_G","Strike_G"],"score":1935,"play_id":"d9596f6e-efed-479a-9cec-02d8bca3af0c","local_time":"20190205224541","is_ascension_mode":true,"campfire_choices":[{"data":"Neutralize","floor":6.0,"key":"SMITH"},{"data":"Well Laid Plans","floor":8.0,"key":"SMITH"},{"data":"Burst","floor":10.0,"key":"SMITH"},{"floor":12.0,"key":"RECALL"},{"data":"Quick Slash","floor":15.0,"key":"SMITH"},{"floor":30.0,"key":"REST"},{"data":"Adrenaline","floor":32.0,"key":"SMITH"},{"data":"Acrobatics","floor":40.0,"key":"SMITH"},{"data":"Caltrops","floor":45.0,"key":"SMITH"},{"data":"Adrenaline","floor":49.0,"key":"SMITH"},{"data":"Adrenaline","floor":52,"key":"SMITH"}],"neow_cost":"NONE","seed_source_timestamp":0,"circlet_count":0,"master_deck":["AscendersBane","Defend_G","Defend_G+1","Defend_G","Defend_G","Strike_G","Strike_G","Survivor+1","Neutralize+1","Deflect","Well Laid Plans+1","Burst+1","Quick Slash+1","Leg Sweep","Adrenaline+1","Calculated Gamble+1","Masterful Stab","Backflip","Dagger Throw","Dagger Throw","Expertise","Escape Plan+1","Escape Plan","Adrenaline+1","Adrenaline+1","Footwork","Quick Slash","Grand Finale","Footwork","Acrobatics+1","PiercingWail+1","Terror+1","Caltrops+1","Backflip+1"],"special_seed":0,"relics":["Ring of the Snake","NeowsBlessing","Sundial","Happy Flower","Oddly Smooth Stone","Anchor","Snake Skull","Sozu","Turnip","Red Mask","Blood Vial","Coffee Dripper","Art of War","Pen Nib","Medical Kit","Bag of Marbles"],"potions_floor_usage":[],"damage_taken":[{"damage":0.0,"enemies":"Cultist","floor":1.0,"turns":1.0},{"damage":0.0,"enemies":"3 Sentries","floor":7.0,"turns":1.0},{"damage":0.0,"enemies":"Gremlin Nob","floor":13.0,"turns":1.0},{"damage":0.0,"enemies":"Jaw Worm","floor":14.0,"turns":4.0},{"damage":17.0,"enemies":"Slime Boss","floor":16.0,"turns":23.0},{"damage":0.0,"enemies":"Chosen","floor":18.0,"turns":5.0},{"damage":0.0,"enemies":"2 Thieves","floor":19.0,"turns":5.0},{"damage":0.0,"enemies":"Centurion and Healer","floor":20.0,"turns":8.0},{"damage":2.0,"enemies":"3 Cultists","floor":21.0,"turns":7.0},{"damage":5.0,"enemies":"Cultist and Chosen","floor":22.0,"turns":8.0},{"damage":9.0,"enemies":"Book of Stabbing","floor":23.0,"turns":9.0},{"damage":14.0,"enemies":"Snecko","floor":24.0,"turns":8.0},{"damage":11.0,"enemies":"Masked Bandits","floor":25.0,"turns":8.0},{"damage":13.0,"enemies":"Sentry and Sphere","floor":27.0,"turns":6.0},{"damage":0.0,"enemies":"Snake Plant","floor":28.0,"turns":6.0},{"damage":29.0,"enemies":"Champ","floor":33.0,"turns":17.0},{"damage":0.0,"enemies":"3 Shapes","floor":35.0,"turns":1.0},{"damage":0.0,"enemies":"Orb Walker","floor":36.0,"turns":2.0},{"damage":0.0,"enemies":"Spire Growth","floor":38.0,"turns":4.0},{"damage":4.0,"enemies":"Maw","floor":39.0,"turns":9.0},{"damage":0.0,"enemies":"Giant Head","floor":41.0,"turns":4.0},{"damage":0.0,"enemies":"Transient","floor":44.0,"turns":5.0},{"damage":0.0,"enemies":"Reptomancer","floor":46.0,"turns":4.0},{"damage":0.0,"enemies":"Spire Growth","floor":47.0,"turns":3.0},{"damage":13,"enemies":"Time Eater","floor":50,"turns":15},{"damage":0,"enemies":"Shield and Spear","floor":54,"turns":5},{"damage":61,"enemies":"The Heart","floor":55,"turns":10}],"seed_played":"-23593077205272585","potions_obtained":[{"floor":1.0,"key":"Weak Potion"},{"floor":7.0,"key":"Swift Potion"},{"floor":16.0,"key":"Fire Potion"}],"is_trial":false,"path_per_floor":["M","?","T","$","?","R","E","R","T","R","?","R","E","M","R","B",null,"M","M","M","M","M","E","M","?","T","M","M","$","R","?","R","B",null,"M","M","$","M","M","R","E","?","T","M","R","E","M","$","R","B",null,"R","$","E","B",null],"character_chosen":"THE_SILENT","items_purchased":["Well Laid Plans","Adrenaline","Footwork","Quick Slash","Acrobatics","Medical Kit"],"campfire_rested":1,"item_purchase_floors":[4,29,29,29,37,48],"current_hp_per_floor":[63,49,49,49,42,42,42,42,42,42,42,42,42,42,42,25,59,59,59,59,57,52,43,29,18,18,7,9,9,30,30,30,3,53,55,57,57,59,57,57,59,59,59,61,61,63,65,65,65,53,63,63,63,65,5],"gold":96,"neow_bonus":"THREE_ENEMY_KILL","is_prod":false,"is_daily":false,"chose_seed":false,"campfire_upgraded":9,"win_rate":0,"timestamp":1549424741,"path_taken":["M","?","?","$","?","R","E","R","T","R","?","R","E","M","R","BOSS","M","M","M","?","M","E","M","?","T","M","M","$","R","?","R","BOSS","M","M","$","M","M","R","E","?","T","M","R","E","M","$","R","BOSS","R","$","E","BOSS"],"build_version":"2019-01-23","purchased_purges":3,"victory":true,"max_hp_per_floor":[70,70,70,70,70,70,70,70,70,70,70,70,70,70,70,70,70,70,70,70,70,70,70,70,70,70,70,70,70,70,70,70,70,70,70,70,70,70,70,70,70,66,66,66,66,66,66,66,66,66,66,66,66,66,66],"card_choices":[{"not_picked":["Calculated Gamble","Quick Slash"],"picked":"Deflect","floor":1.0},{"not_picked":["PiercingWail","Infinite Blades"],"picked":"Burst","floor":7.0},{"not_picked":["Cloak And Dagger","Underhanded Strike"],"picked":"Quick Slash","floor":13.0},{"not_picked":["Acrobatics","Flying Knee"],"picked":"Leg Sweep","floor":14.0},{"not_picked":["Glass Knife","Doppelganger"],"picked":"Adrenaline","floor":16.0},{"not_picked":["Quick Slash","Finisher"],"picked":"Calculated Gamble+1","floor":18.0},{"not_picked":["Outmaneuver","Masterful Stab","Dagger Spray"],"picked":"SKIP","floor":19.0},{"not_picked":["Outmaneuver","Masterful Stab","Dagger Spray"],"picked":"SKIP","floor":19.0},{"not_picked":["Outmaneuver","Dagger Spray"],"picked":"Masterful Stab","floor":19.0},{"not_picked":["Quick Slash","Endless Agony+1"],"picked":"Backflip","floor":20.0},{"not_picked":["Sucker Punch","Leg Sweep"],"picked":"Dagger Throw","floor":21.0},{"not_picked":["Slice","Blade Dance"],"picked":"Dagger Throw","floor":22.0},{"not_picked":["Dagger Throw","Poisoned Stab"],"picked":"Expertise","floor":23.0},{"not_picked":["Footwork","Backflip"],"picked":"Escape Plan+1","floor":24.0},{"not_picked":["Deflect","Caltrops"],"picked":"Escape Plan","floor":25.0},{"not_picked":["Cloak And Dagger","Dodge and Roll","Dagger Throw"],"picked":"SKIP","floor":27.0},{"not_picked":["Flying Knee","Acrobatics"],"picked":"Adrenaline","floor":28.0},{"not_picked":["Wraith Form v2","Unload"],"picked":"Grand Finale","floor":33.0},{"not_picked":["Setup","Deflect"],"picked":"Footwork","floor":35.0},{"not_picked":["Underhanded Strike+1","Dagger Spray+1","Well Laid Plans"],"picked":"SKIP","floor":36.0},{"not_picked":["Skewer+1","Outmaneuver+1"],"picked":"PiercingWail+1","floor":38.0},{"not_picked":["Leg Sweep+1","Flying Knee"],"picked":"Terror+1","floor":39.0},{"not_picked":["Deadly Poison","Bane+1","Deflect+1"],"picked":"SKIP","floor":41.0},{"not_picked":["Prepared","Calculated Gamble+1"],"picked":"Caltrops","floor":44.0},{"not_picked":["Sucker Punch","Crippling Poison+1"],"picked":"Backflip+1","floor":46.0},{"not_picked":["Poisoned Stab+1","Slice+1","Dagger Throw"],"picked":"SKIP","floor":47.0},{"not_picked":["Prepared","Blade Dance","Cloak And Dagger+1"],"picked":"SKIP","floor":54}],"player_experience":362749,"relics_obtained":[{"floor":3.0,"key":"Sundial"},{"floor":7.0,"key":"Happy Flower"},{"floor":9.0,"key":"Oddly Smooth Stone"},{"floor":13.0,"key":"Snake Skull"},{"floor":23.0,"key":"Turnip"},{"floor":25.0,"key":"Red Mask"},{"floor":26.0,"key":"Blood Vial"},{"floor":41.0,"key":"Art of War"},{"floor":46.0,"key":"Pen Nib"},{"floor":54,"key":"Bag of Marbles"}],"event_choices":[{"damage_healed":0.0,"max_hp_gain":0.0,"max_hp_loss":0.0,"gold_gain":0.0,"event_name":"Shining Light","player_choice":"Entered Light","floor":2.0,"gold_loss":0.0,"damage_taken":14.0,"cards_upgraded":["Survivor","Defend_G"]},{"cards_removed":["Defend_G"],"damage_healed":0.0,"max_hp_gain":0.0,"max_hp_loss":0.0,"gold_gain":0.0,"event_name":"Golden Wing","player_choice":"Card Removal","floor":5.0,"gold_loss":0.0,"damage_taken":7.0},{"damage_healed":0.0,"max_hp_gain":0.0,"max_hp_loss":0.0,"gold_gain":0.0,"event_name":"WeMeetAgain","player_choice":"Gave Potion","floor":11.0,"gold_loss":0.0,"damage_taken":0.0,"relics_obtained":["Anchor"]},{"damage_healed":0.0,"max_hp_gain":0.0,"max_hp_loss":0.0,"gold_gain":0.0,"event_name":"Masked Bandits","player_choice":"Fought Bandits","floor":25.0,"gold_loss":0.0,"damage_taken":0.0},{"damage_healed":0.0,"max_hp_gain":0.0,"max_hp_loss":0.0,"gold_gain":99.0,"event_name":"Nest","player_choice":"Stole From Cult","floor":31.0,"gold_loss":0.0,"damage_taken":0.0},{"damage_healed":0.0,"max_hp_gain":0.0,"max_hp_loss":4.0,"gold_gain":0.0,"event_name":"Winding Halls","player_choice":"Max HP","floor":42.0,"gold_loss":0.0,"damage_taken":0.0}],"is_beta":false,"boss_relics":[{"not_picked":["Velvet Choker","Black Star"],"picked":"Sozu"},{"not_picked":["Snecko Eye","Lizard Tail"],"picked":"Coffee Dripper"}],"items_purged_floors":[29,37,48],"is_endless":false,"potions_floor_spawned":[1,7,16,18,20,21,25,27,36,38,39,46,54],"ascension_level":11}