{"gold_per_floor":[18,36,50,50,0,33,47,47,74,74,84,119,3,38,38,38],"floor_reached":16,"playtime":807,"items_purged":["Strike_B"],"score":283,"play_id":"6b6cde5d-954b-48c7-bbf5-ef9cf42bed05","local_time":"20190205202454","is_ascension_mode":true,"campfire_choices":[{"floor":8,"key":"REST"},{"data":"Defragment","floor":10,"key":"SMITH"},{"data":"Buffer","floor":15,"key":"SMITH"}],"neow_cost":"NO_GOLD","seed_source_timestamp":266355910191499,"circlet_count":0,"master_deck":["AscendersBane","Strike_B","Strike_B","Strike_B","Defend_B","Defend_B","Defend_B","Defend_B","Zap","Dualcast","Buffer+1","White Noise","Gash","Compile Driver","Defragment+1","Glacier","Gash","Auto Shields","FTL"],"relics":["Cracked Core","Bag of Preparation","Orichalcum","Oddly Smooth Stone","Boot"],"potions_floor_usage":[],"damage_taken":[{"damage":2,"enemies":"Jaw Worm","floor":1,"turns":4},{"damage":0,"enemies":"Small Slimes","floor":2,"turns":4},{"damage":17,"enemies":"2 Louse","floor":3,"turns":4},{"damage":35,"enemies":"3 Sentries","floor":6,"turns":8},{"damage":6,"enemies":"Blue Slaver","floor":7,"turns":4},{"damage":9,"enemies":"Exordium Wildlife","floor":11,"turns":3},{"damage":8,"enemies":"Lagavulin","floor":12,"turns":10},{"damage":0,"enemies":"Gremlin Nob","floor":14,"turns":6},{"damage":8,"enemies":"Slime Boss","floor":16,"turns":8}],"seed_played":"1312042312079086258","potions_obtained":[{"floor":3,"key":"SteroidPotion"},{"floor":6,"key":"FearPotion"}],"is_trial":false,"path_per_floor":["M","M","M","?","?","E","M","R","T","R","M","E","$","E","R","B"],"character_chosen":"DEFECT","items_purchased":["Auto Shields"],"campfire_rested":1,"item_purchase_floors":[13],"current_hp_per_floor":[62,62,45,45,45,10,4,25,25,25,16,8,8,8,8,0],"gold":38,"neow_bonus":"THREE_RARE_CARDS","is_prod":false,"is_daily":false,"chose_seed":false,"campfire_upgraded":2,"win_rate":0,"timestamp":1549427094,"path_taken":["M","M","M","?","?","E","M","R","T","R","M","E","$","E","R","BOSS"],"build_version":"2019-01-23","purchased_purges":1,"victory":false,"max_hp_per_floor":[71,71,71,71,71,71,71,71,71,71,71,71,71,71,71,71],"card_choices":[{"not_picked":["Amplify","Hyperbeam"],"picked":"Buffer","floor":0},{"not_picked":["Streamline","Stack"],"picked":"White Noise","floor":1},{"not_picked":["Doom and Gloom","Redo"],"picked":"Gash","floor":2},{"not_picked":["Fusion","Recycle"],"picked":"Compile Driver","floor":3},{"not_picked":["Sweeping Beam","Go for the Eyes","Barrage"],"picked":"SKIP","floor":6},{"not_picked":["Genetic Algorithm","Conserve Battery"],"picked":"Defragment","floor":7},{"not_picked":["Capacitor","Consume"],"picked":"Glacier","floor":11},{"not_picked":["Redo","Steam Power"],"picked":"Gash","floor":12},{"not_picked":["Chaos","Steam"],"picked":"FTL","floor":14}],"player_experience":633525,"relics_obtained":[{"floor":6,"key":"Bag of Preparation"},{"floor":9,"key":"Orichalcum"},{"floor":12,"key":"Oddly Smooth Stone"},{"floor":14,"key":"Boot"}],"event_choices":[{"damage_healed":0,"gold_gain":0,"player_choice":"Ignored","damage_taken":0,"max_hp_gain":0,"max_hp_loss":0,"event_name":"Liars Game","floor":4,"gold_loss":0},{"damage_healed":0,"gold_gain":0,"player_choice":"Left Gold","damage_taken":0,"max_hp_gain":0,"max_hp_loss":0,"event_name":"World of Goop","floor":5,"gold_loss":50}],"is_beta":false,"boss_relics":[],"items_purged_floors":[13],"is_endless":false,"potions_floor_spawned":[3,6,14],"killed_by":"Slime Boss","ascension_level":19}