{"gold_per_floor":[117,117,292,9,9,9,38,38,64,79,96,96,96,112,112,214,214,225,225,525,151,163,163,197,197,197,197,215,248,248,265,265,369,369,380,393,393,407,136,165,175,185,209,224,224,244,254,254,254,254,254,254,16,46,46],"floor_reached":55,"playtime":3471,"items_purged":["Doubt","Writhe"],"score":736,"play_id":"31976318-ee8d-4217-bca1-a16956505305","local_time":"20190115215652","is_ascension_mode":false,"campfire_choices":[{"floor":6,"key":"RECALL"},{"data":"Infinite Blades","floor":8,"key":"SMITH"},{"data":"Distraction","floor":13,"key":"SMITH"},{"floor":15,"key":"REST"},{"data":"Accuracy","floor":23,"key":"SMITH"},{"data":"Accuracy","floor":25,"key":"SMITH"},{"floor":32,"key":"REST"},{"data":"Noxious Fumes","floor":45,"key":"SMITH"},{"floor":49,"key":"REST"},{"data":"Wraith Form v2","floor":52,"key":"SMITH"}],"neow_cost":"NONE","seed_source_timestamp":596815116776388,"circlet_count":0,"master_deck":["Defend_G+1","Defend_G+1","Defend_G+1","Defend_G+1","Defend_G+1","Strike_G+1","Strike_G+1","Strike_G+1","Strike_G+1","Strike_G+1","Survivor","Neutralize+1","Blade Dance+1","Infinite Blades+1","Leg Sweep","Dagger Spray","Distraction+1","Adrenaline","Adrenaline","PiercingWail","Mind Blast","Accuracy+1","Accuracy+1","Cloak And Dagger+1","PiercingWail+1","Noxious Fumes","Wraith Form v2+1","Backflip+1","Backflip+1","Flying Knee+1","Finisher","PiercingWail","Crippling Poison","Noxious Fumes+1","Noxious Fumes+1","Cloak And Dagger+1","Dagger Spray+1","Accuracy","Dagger Throw"],"relics":["Ring of the Snake","Whetstone","TwistedFunnel","Boot","Lantern","Black Star","Old Coin","HandDrill","PreservedInsect","Ornamental Fan","Letter Opener","Happy Flower","Snake Skull","Cursed Key","NlothsMask","TheAbacus","Potion Belt","Orichalcum","Spirit Poop","Dodecahedron","Mercury Hourglass"],"potions_floor_usage":[24,33,33,41,50,50,50,55],"damage_taken":[{"damage":2,"enemies":"Small Slimes","floor":1,"turns":5},{"damage":22,"enemies":"Lagavulin","floor":7,"turns":6},{"damage":6,"enemies":"Jaw Worm","floor":10,"turns":3},{"damage":0,"enemies":"2 Louse","floor":11,"turns":1},{"damage":6,"enemies":"Large Slime","floor":14,"turns":3},{"damage":10,"enemies":"Slime Boss","floor":16,"turns":11},{"damage":9,"enemies":"2 Thieves","floor":18,"turns":4},{"damage":0,"enemies":"3 Byrds","floor":22,"turns":3},{"damage":8,"enemies":"Book of Stabbing","floor":24,"turns":7},{"damage":9,"enemies":"Snake Plant","floor":28,"turns":3},{"damage":12,"enemies":"Slavers","floor":29,"turns":5},{"damage":11,"enemies":"Colosseum Slavers","floor":30,"turns":4},{"damage":0,"enemies":"Snecko","floor":31,"turns":2},{"damage":22,"enemies":"Collector","floor":33,"turns":11},{"damage":0,"enemies":"3 Darklings","floor":35,"turns":3},{"damage":0,"enemies":"3 Shapes","floor":36,"turns":3},{"damage":0,"enemies":"Sphere and 2 Shapes","floor":38,"turns":3},{"damage":22,"enemies":"Reptomancer","floor":40,"turns":3},{"damage":15,"enemies":"Maw","floor":41,"turns":6},{"damage":0,"enemies":"4 Shapes","floor":42,"turns":4},{"damage":3,"enemies":"3 Darklings","floor":44,"turns":3},{"damage":5,"enemies":"Sphere and 2 Shapes","floor":46,"turns":3},{"damage":8,"enemies":"4 Shapes","floor":47,"turns":3},{"damage":52,"enemies":"Awakened One","floor":50,"turns":12},{"damage":16,"enemies":"Shield and Spear","floor":54,"turns":5},{"damage":59,"enemies":"The Heart","floor":55,"turns":3}],"seed_played":"3095426028044738866","potions_obtained":[{"floor":7,"key":"Explosive Potion"},{"floor":14,"key":"Weak Potion"},{"floor":16,"key":"SteroidPotion"},{"floor":22,"key":"Poison Potion"},{"floor":28,"key":"AttackPotion"},{"floor":31,"key":"PowerPotion"},{"floor":33,"key":"Regen Potion"},{"floor":38,"key":"Energy Potion"},{"floor":41,"key":"EssenceOfSteel"},{"floor":47,"key":"Strength Potion"}],"is_trial":false,"path_per_floor":["M","?","?","$","?","R","E","R","T","M","M","T","R","M","R","B",null,"M","?","?","$","M","R","E","R","T","?","M","E","?","M","R","B",null,"M","M","?","M","$","E","M","M","T","M","R","M","M","?","R","B",null,"R","$","E","B"],"character_chosen":"THE_SILENT","items_purchased":["TwistedFunnel","Infinite Blades","HandDrill","Mind Blast","Finisher","TheAbacus","SpeedPotion","Accuracy","Energy Potion"],"campfire_rested":3,"item_purchase_floors":[4,4,21,21,39,39,53,53,53],"current_hp_per_floor":[68,68,68,68,68,68,46,46,46,40,40,40,40,34,55,45,70,61,61,61,61,61,61,53,53,53,53,44,32,21,21,42,20,70,70,70,70,70,70,48,48,48,48,45,45,40,32,32,53,1,70,70,70,54,0],"gold":46,"neow_bonus":"RANDOM_COMMON_RELIC","is_prod":false,"is_daily":false,"chose_seed":false,"campfire_upgraded":6,"win_rate":0,"timestamp":1547607412,"path_taken":["M","?","?","?","?","R","E","R","T","M","M","?","R","M","R","BOSS","M","?","?","$","M","R","E","R","T","?","M","E","?","M","R","BOSS","M","M","?","M","$","E","M","M","T","?","R","?","M","?","R","BOSS","R","$","E","BOSS"],"build_version":"2019-01-10","purchased_purges":2,"victory":false,"max_hp_per_floor":[70,70,70,70,70,70,70,70,70,70,70,70,70,70,70,70,70,70,70,70,70,70,70,70,70,70,70,70,70,70,70,70,70,70,70,70,70,70,70,70,70,70,70,70,70,70,70,70,70,70,70,70,70,70,70],"card_choices":[{"not_picked":["Dash","PiercingWail"],"picked":"Blade Dance","floor":1},{"not_picked":["Deflect","Expertise"],"picked":"Leg Sweep","floor":7},{"not_picked":["Dodge and Roll","Blur"],"picked":"Dagger Spray","floor":10},{"not_picked":["Poisoned Stab","Deflect"],"picked":"Distraction","floor":11},{"not_picked":["Quick Slash","Outmaneuver"],"picked":"Adrenaline","floor":14},{"not_picked":["Burst","After Image"],"picked":"Adrenaline","floor":16},{"not_picked":["Bane","Deadly Poison"],"picked":"PiercingWail","floor":18},{"not_picked":["PiercingWail+1","Footwork"],"picked":"Accuracy","floor":22},{"not_picked":["Poisoned Stab","Reflex"],"picked":"Accuracy","floor":24},{"not_picked":["PiercingWail","Dodge and Roll"],"picked":"Cloak And Dagger+1","floor":28},{"not_picked":["Dagger Throw","Acrobatics"],"picked":"PiercingWail+1","floor":29},{"not_picked":["Escape Plan+1","Riddle With Holes+1"],"picked":"Noxious Fumes","floor":31},{"not_picked":["Glass Knife","Doppelganger"],"picked":"Wraith Form v2","floor":33},{"not_picked":["Poisoned Stab+1","Acrobatics"],"picked":"Backflip+1","floor":35},{"not_picked":["Quick Slash+1","Sucker Punch"],"picked":"Backflip+1","floor":36},{"not_picked":["Flechettes+1","Prepared"],"picked":"Flying Knee+1","floor":38},{"not_picked":["Bane","Masterful Stab"],"picked":"PiercingWail","floor":40},{"not_picked":["Distraction+1","Dagger Throw+1"],"picked":"Crippling Poison","floor":41},{"not_picked":["PiercingWail+1","Underhanded Strike+1"],"picked":"Noxious Fumes+1","floor":42},{"not_picked":["Tactician","Dagger Throw+1"],"picked":"Noxious Fumes","floor":44},{"not_picked":["Doppelganger","Bouncing Flask+1"],"picked":"Cloak And Dagger+1","floor":46},{"not_picked":["Sucker Punch","Quick Slash+1"],"picked":"Dagger Spray+1","floor":47},{"not_picked":["Catalyst","Tactician"],"picked":"Dagger Throw","floor":54}],"player_experience":60209,"relics_obtained":[{"floor":7,"key":"Boot"},{"floor":12,"key":"Lantern"},{"floor":24,"key":"PreservedInsect"},{"floor":24,"key":"Ornamental Fan"},{"floor":26,"key":"Letter Opener"},{"floor":29,"key":"Happy Flower"},{"floor":29,"key":"Snake Skull"},{"floor":40,"key":"Potion Belt"},{"floor":40,"key":"Orichalcum"},{"floor":54,"key":"Dodecahedron"},{"floor":54,"key":"Mercury Hourglass"}],"event_choices":[{"damage_healed":0,"gold_gain":0,"player_choice":"Grow","damage_taken":0,"max_hp_gain":0,"max_hp_loss":0,"event_name":"Living Wall","floor":2,"gold_loss":0,"cards_upgraded":["Blade Dance"]},{"damage_healed":0,"gold_gain":175,"player_choice":"AGREE","damage_taken":0,"max_hp_gain":0,"max_hp_loss":0,"event_name":"Liars Game","floor":3,"gold_loss":0,"cards_obtained":["Doubt"]},{"damage_healed":0,"gold_gain":0,"player_choice":"Leave","damage_taken":0,"max_hp_gain":0,"max_hp_loss":0,"event_name":"The Cleric","floor":5,"gold_loss":0},{"damage_healed":0,"gold_gain":0,"player_choice":"Simplicity","damage_taken":0,"max_hp_gain":0,"max_hp_loss":0,"event_name":"Back to Basics","floor":19,"gold_loss":0,"cards_upgraded":["Defend_G","Defend_G","Defend_G","Defend_G","Defend_G","Strike_G","Strike_G","Strike_G","Strike_G"]},{"damage_healed":0,"gold_gain":0,"player_choice":"Opened","damage_taken":0,"relics_obtained":["Old Coin"],"max_hp_gain":0,"max_hp_loss":0,"event_name":"The Mausoleum","floor":20,"gold_loss":0,"cards_obtained":["Writhe"]},{"damage_healed":0,"gold_gain":0,"player_choice":"Ignored","damage_taken":0,"max_hp_gain":0,"max_hp_loss":0,"event_name":"Ghosts","floor":27,"gold_loss":0},{"damage_healed":0,"gold_gain":0,"player_choice":"Fight","damage_taken":0,"max_hp_gain":0,"max_hp_loss":0,"event_name":"Colosseum","floor":30,"gold_loss":0},{"damage_healed":0,"gold_gain":0,"player_choice":"Fled From Nobs","damage_taken":0,"max_hp_gain":0,"max_hp_loss":0,"event_name":"Colosseum","floor":30,"gold_loss":0},{"damage_healed":0,"gold_gain":0,"player_choice":"Trade","damage_taken":0,"relics_obtained":["NlothsMask"],"max_hp_gain":0,"max_hp_loss":0,"event_name":"FaceTrader","floor":37,"gold_loss":0},{"cards_removed":["Normality"],"damage_healed":0,"gold_gain":0,"player_choice":"Offered Curse","damage_taken":0,"relics_obtained":["Spirit Poop"],"max_hp_gain":0,"max_hp_loss":0,"event_name":"Bonfire Elementals","floor":48,"gold_loss":0}],"is_beta":false,"boss_relics":[{"not_picked":["Ring of the Serpent","Lizard Tail"],"picked":"Black Star"},{"not_picked":["Velvet Choker","Eternal Feather"],"picked":"Cursed Key"}],"items_purged_floors":[21,53],"is_endless":false,"potions_floor_spawned":[7,14,16,22,28,31,33,38,41,47],"killed_by":"The Heart","ascension_level":0}