{"gold_per_floor":[114,114,189,189,204,234,234,249,249,249,249,0,15,30,30,130,130,145,160,120,135,135,135,165,165,165,195,170,200,200],"floor_reached":30,"playtime":3674,"items_purged":[],"score":311,"play_id":"e33494b1-1427-487d-9bab-6155c38810b3","local_time":"20190128224644","daily_mods":["Chimera","Flight","DeadlyEvents"],"is_ascension_mode":false,"campfire_choices":[{"data":"Rampage","floor":7,"key":"SMITH"},{"data":"Perfected Strike","floor":10,"key":"SMITH"},{"data":"Survivor","floor":11,"key":"SMITH"},{"data":"Zap","floor":15,"key":"SMITH"},{"floor":23,"key":"REST"},{"floor":25,"key":"REST"}],"neow_cost":"","seed_source_timestamp":0,"circlet_count":0,"master_deck":["Bash","Survivor+1","Zap+1","Strike_R","Strike_G","Strike_B","Defend_R","Defend_G","Defend_B","Flex","True Grit","Impervious","Rampage+1","Clothesline","Perfected Strike+1","Twin Strike","Clash","Anger","Feed+1","Twin Strike","Cleave+1","Clash+1","Ghostly Armor","Flex","Cleave","Juggernaut"],"special_seed":17924,"relics":["Black Blood","Self Forming Clay","Question Card","Paper Frog","Strange Spoon","Art of War","Kunai","Oddly Smooth Stone","Bottled Lightning"],"potions_floor_usage":[21,21,24,30,30],"damage_taken":[{"damage":1,"enemies":"Cultist","floor":1,"turns":4},{"damage":14,"enemies":"2 Louse","floor":5,"turns":4},{"damage":34,"enemies":"3 Sentries","floor":6,"turns":12},{"damage":8,"enemies":"Small Slimes","floor":8,"turns":4},{"damage":6,"enemies":"3 Louse","floor":13,"turns":3},{"damage":0,"enemies":"Exordium Thugs","floor":14,"turns":3},{"damage":32,"enemies":"The Guardian","floor":16,"turns":8},{"damage":33,"enemies":"3 Byrds","floor":18,"turns":6},{"damage":13,"enemies":"Shell Parasite","floor":19,"turns":5},{"damage":27,"enemies":"Shelled Parasite and Fungi","floor":21,"turns":6},{"damage":27,"enemies":"Book of Stabbing","floor":24,"turns":5},{"damage":31,"enemies":"Slavers","floor":27,"turns":5},{"damage":46,"enemies":"Book of Stabbing","floor":29,"turns":8},{"damage":36,"enemies":"Slavers","floor":30,"turns":1}],"seed_played":"4127696918694319240","potions_obtained":[{"floor":6,"key":"Weak Potion"},{"floor":8,"key":"SpeedPotion"},{"floor":14,"key":"Poison Potion"},{"floor":19,"key":"BloodPotion"},{"floor":21,"key":"Energy Potion"},{"floor":27,"key":"PowerPotion"},{"floor":29,"key":"Energy Potion"}],"is_trial":false,"path_per_floor":["M","$","T","?","M","E","R","M","T","R","R","$","M","M","R","B",null,"M","M","?","M","?","R","E","R","T","E","$","E","E"],"character_chosen":"IRONCLAD","items_purchased":["Twin Strike","Strange Spoon","Cleave"],"campfire_rested":2,"item_purchase_floors":[12,12,28],"current_hp_per_floor":[80,80,80,80,72,44,44,42,42,42,42,42,42,48,48,22,80,60,57,57,48,48,72,59,85,85,68,68,36,0],"gold":200,"neow_bonus":"","is_prod":false,"is_daily":true,"chose_seed":false,"campfire_upgraded":4,"win_rate":0.0,"timestamp":1548722804,"path_taken":["M","?","?","?","?","E","R","M","T","R","R","$","?","M","R","BOSS","M","M","?","?","?","R","E","R","T","E","?","E","?"],"build_version":"2019-01-23","purchased_purges":0,"victory":false,"max_hp_per_floor":[80,80,80,80,80,80,80,80,80,80,80,80,80,80,80,80,80,83,83,83,83,83,83,87,87,87,91,91,95,95],"card_choices":[{"not_picked":["Iron Wave","Pommel Strike"],"picked":"Flex","floor":1},{"not_picked":["Perfected Strike","Warcry"],"picked":"Rampage","floor":5},{"not_picked":["Seeing Red","Pummel"],"picked":"Clothesline","floor":6},{"not_picked":["Wild Strike","Sentinel","Shrug It Off"],"picked":"Perfected Strike","floor":8},{"not_picked":["Anger","Berserk","Clothesline"],"picked":"Clash","floor":13},{"not_picked":["Metallicize","Shrug It Off","Thunderclap"],"picked":"Anger","floor":14},{"not_picked":["Reaper","Brutality","Limit Break"],"picked":"Feed","floor":16},{"not_picked":["Havoc","Shrug It Off","Flex"],"picked":"Twin Strike","floor":18},{"not_picked":["Clothesline+1","Armaments","Flex"],"picked":"Cleave+1","floor":19},{"not_picked":["Blood for Blood","Warcry","Metallicize"],"picked":"Clash+1","floor":21},{"not_picked":["Fiend Fire","Barricade","Shockwave"],"picked":"Ghostly Armor","floor":24},{"not_picked":["Warcry+1","Bloodletting+1","Carnage"],"picked":"Flex","floor":27},{"not_picked":["Cleave","Combust","Heavy Blade"],"picked":"Juggernaut","floor":29}],"player_experience":31315,"relics_obtained":[{"floor":3,"key":"Self Forming Clay"},{"floor":6,"key":"Question Card"},{"floor":9,"key":"Paper Frog"},{"floor":24,"key":"Art of War"},{"floor":26,"key":"Kunai"},{"floor":27,"key":"Oddly Smooth Stone"},{"floor":29,"key":"Bottled Lightning"}],"event_choices":[{"damage_healed":0,"gold_gain":0,"player_choice":"2 cards matched","damage_taken":0,"max_hp_gain":0,"max_hp_loss":0,"event_name":"Match and Keep!","floor":4,"gold_loss":0,"cards_obtained":["True Grit","Impervious"]},{"damage_healed":0,"gold_gain":0,"player_choice":"Upgrade","damage_taken":0,"max_hp_gain":0,"max_hp_loss":0,"event_name":"Designer","floor":20,"gold_loss":40,"cards_upgraded":["Feed"]},{"damage_healed":0,"gold_gain":0,"player_choice":"Ignored","damage_taken":0,"max_hp_gain":0,"max_hp_loss":0,"event_name":"The Mausoleum","floor":22,"gold_loss":0}],"is_beta":false,"boss_relics":[{"not_picked":["Runic Pyramid","Astrolabe"],"picked":"Black Blood"}],"items_purged_floors":[],"is_endless":false,"potions_floor_spawned":[6,8,14,19,21,27,29],"killed_by":"Slavers","ascension_level":0}