{"gold_per_floor":[118,118,132,132,21,55,55,65,89,89,115,115,131,131,131,203,203,223,223,223,223,236,236,236],"floor_reached":24,"playtime":683,"items_purged":["Strike_B"],"score":431,"play_id":"0df6d345-9a69-43bc-841a-9524bc5c50c8","local_time":"20190128011700","is_ascension_mode":true,"campfire_choices":[{"data":"Loop","floor":7,"key":"SMITH"},{"data":"Defragment","floor":10,"key":"SMITH"},{"data":"Dualcast","floor":12,"key":"SMITH"},{"data":"Ball Lightning","floor":15,"key":"SMITH"},{"data":"Buffer","floor":23,"key":"SMITH"}],"neow_cost":"NONE","seed_source_timestamp":1500862817391100,"circlet_count":0,"master_deck":["AscendersBane","Strike_B","Defend_B","Defend_B","Defend_B","Defend_B","Zap+1","Dualcast+1","Ball Lightning+1","BootSequence","Loop+1","Core Surge","Defragment+1","Steam","Buffer+1","Writhe","Ball Lightning"],"relics":["FrozenCore","NeowsBlessing","Juzu Bracelet","Darkstone Periapt","Blood Vial","Anchor","Pen Nib"],"potions_floor_usage":[11,11,16],"damage_taken":[{"damage":0,"enemies":"Small Slimes","floor":1,"turns":1},{"damage":0,"enemies":"2 Louse","floor":3,"turns":1},{"damage":0,"enemies":"Lagavulin","floor":6,"turns":1},{"damage":0,"enemies":"Cultist","floor":8,"turns":3},{"damage":8,"enemies":"Gremlin Nob","floor":11,"turns":6},{"damage":0,"enemies":"Large Slime","floor":13,"turns":4},{"damage":6,"enemies":"The Guardian","floor":16,"turns":9},{"damage":0,"enemies":"Chosen","floor":18,"turns":7},{"damage":3,"enemies":"Spheric Guardian","floor":22,"turns":8},{"damage":55,"enemies":"Gremlin Leader","floor":24,"turns":4}],"seed_played":"-7053913225022129614","potions_obtained":[{"floor":3,"key":"Poison Potion"},{"floor":6,"key":"SkillPotion"},{"floor":11,"key":"Swift Potion"},{"floor":18,"key":"FearPotion"}],"is_trial":false,"path_per_floor":["M","?","M","?","$","E","R","M","T","R","E","R","M","?","R","B",null,"M","?","?","?","M","R","E"],"character_chosen":"DEFECT","items_purchased":["Loop"],"campfire_rested":0,"item_purchase_floors":[5],"current_hp_per_floor":[64,64,64,46,46,46,46,46,46,46,40,40,42,35,35,31,61,63,63,69,47,46,46,0],"gold":236,"neow_bonus":"THREE_ENEMY_KILL","is_prod":false,"is_daily":false,"chose_seed":false,"campfire_upgraded":5,"win_rate":0,"timestamp":1548667020,"path_taken":["M","?","M","?","$","E","R","M","T","R","E","R","M","?","R","BOSS","M","?","?","?","M","R","E"],"build_version":"2019-01-23","purchased_purges":1,"victory":false,"max_hp_per_floor":[71,71,71,71,71,71,71,71,71,71,71,71,71,71,71,71,71,71,71,77,82,82,82,82],"card_choices":[{"not_picked":["Gash","Darkness"],"picked":"Ball Lightning","floor":1},{"not_picked":["Cold Snap","Sweeping Beam"],"picked":"BootSequence","floor":3},{"not_picked":["Storm","Chaos"],"picked":"Core Surge","floor":6},{"not_picked":["Hologram","Auto Shields"],"picked":"Defragment","floor":8},{"not_picked":["Gash","Lockon","Barrage"],"picked":"SKIP","floor":11},{"not_picked":["Barrage","Undo"],"picked":"Steam","floor":13},{"not_picked":["All For One","Core Surge"],"picked":"Buffer","floor":16},{"not_picked":["Beam Cell+1","Gash","Go for the Eyes"],"picked":"SKIP","floor":18},{"not_picked":["Beam Cell","Turbo"],"picked":"Ball Lightning","floor":22}],"player_experience":600540,"relics_obtained":[{"floor":6,"key":"Darkstone Periapt"},{"floor":9,"key":"Blood Vial"},{"floor":11,"key":"Anchor"}],"event_choices":[{"damage_healed":0,"gold_gain":0,"player_choice":"Grow","damage_taken":0,"max_hp_gain":0,"max_hp_loss":0,"event_name":"Living Wall","floor":2,"gold_loss":0,"cards_upgraded":["Zap"]},{"damage_healed":0,"gold_gain":0,"player_choice":"Success","damage_taken":18,"relics_obtained":["Juzu Bracelet"],"max_hp_gain":0,"max_hp_loss":0,"event_name":"Scrap Ooze","floor":4,"gold_loss":0},{"cards_removed":["Strike_B"],"damage_healed":0,"gold_gain":0,"player_choice":"Card Removal","damage_taken":7,"max_hp_gain":0,"max_hp_loss":0,"event_name":"Golden Wing","floor":14,"gold_loss":0},{"cards_removed":["Strike_B"],"damage_healed":0,"gold_gain":0,"player_choice":"Purged","damage_taken":0,"max_hp_gain":0,"max_hp_loss":0,"event_name":"Purifier","floor":19,"gold_loss":0},{"damage_healed":0,"gold_gain":0,"player_choice":"Opened","damage_taken":0,"relics_obtained":["Pen Nib"],"max_hp_gain":0,"max_hp_loss":0,"event_name":"The Mausoleum","floor":20,"gold_loss":0,"cards_obtained":["Writhe"]},{"damage_healed":0,"gold_gain":0,"player_choice":"Shed Blood","damage_taken":27,"max_hp_gain":5,"max_hp_loss":0,"event_name":"Forgotten Altar","floor":21,"gold_loss":0}],"is_beta":false,"boss_relics":[{"not_picked":["Velvet Choker","Fusion Hammer"],"picked":"FrozenCore"}],"items_purged_floors":[5],"is_endless":false,"potions_floor_spawned":[3,6,11,18],"killed_by":"Gremlin Leader","ascension_level":18}