{"gold_per_floor":[110,110,127,127,127,127,73,73,73,84,116,127,141,160,160,262,262,282,302,312,161,161,161,177,177,177,197,197,197,210,227,227,323,323,333,333,333,333,352,384,384,384,437,437,454,479,497,276,276,276],"floor_reached":51,"playtime":2143,"items_purged":["Doubt"],"score":809,"play_id":"23067a97-9626-4cad-b98b-73d3d925305e","local_time":"20180910180329","is_ascension_mode":false,"campfire_choices":[{"data":"Perfected Strike","floor":6,"key":"SMITH"},{"data":"Pommel Strike","floor":8,"key":"SMITH"},{"data":"Clash","floor":15,"key":"SMITH"},{"data":"Double Tap","floor":23,"key":"SMITH"},{"floor":25,"key":"DIG"},{"floor":28,"key":"REST"},{"data":"Pommel Strike","floor":32,"key":"SMITH"},{"floor":41,"key":"REST"},{"floor":44,"key":"REST"},{"floor":49,"key":"REST"}],"neow_cost":"PERCENT_DAMAGE","seed_source_timestamp":331496657837855,"circlet_count":0,"master_deck":["Strike_R","Strike_R","Strike_R","Strike_R","Strike_R","Defend_R","Defend_R","Defend_R","Defend_R","Bash","Perfected Strike+1","Pommel Strike+1","Sword Boomerang","Clash+1","Double Tap+1","Pommel Strike","Twin Strike","Perfected Strike+1","Pommel Strike+1","Wild Strike","Twin Strike+1","Twin Strike","Wild Strike","Wild Strike","Perfected Strike+1","Clumsy","Pommel Strike+1","Wild Strike+1"],"relics":["Burning Blood","Shovel","Ice Cream","Oddly Smooth Stone","Pear","Shuriken","Cursed Key","Vajra","Bag of Marbles","Pen Nib","Orrery","Thread and Needle","Ginger","Red Skull","Toxic Egg 2"],"potions_floor_usage":[12,13,19,27,30,33,40,42,47,50,50,50],"damage_taken":[{"damage":5,"enemies":"Cultist","floor":1,"turns":4},{"damage":6,"enemies":"Jaw Worm","floor":3,"turns":3},{"damage":0,"enemies":"Small Slimes","floor":10,"turns":3},{"damage":28,"enemies":"Lagavulin","floor":11,"turns":7},{"damage":0,"enemies":"Gremlin Gang","floor":12,"turns":4},{"damage":1,"enemies":"Lots of Slimes","floor":13,"turns":2},{"damage":0,"enemies":"3 Louse","floor":14,"turns":3},{"damage":61,"enemies":"The Guardian","floor":16,"turns":9},{"damage":4,"enemies":"Chosen","floor":18,"turns":3},{"damage":0,"enemies":"3 Byrds","floor":19,"turns":4},{"damage":14,"enemies":"Cultist and Chosen","floor":20,"turns":4},{"damage":10,"enemies":"Chosen and Byrds","floor":24,"turns":3},{"damage":35,"enemies":"Shelled Parasite and Fungi","floor":27,"turns":4},{"damage":0,"enemies":"3 Cultists","floor":30,"turns":2},{"damage":0,"enemies":"Snake Plant","floor":31,"turns":2},{"damage":74,"enemies":"Collector","floor":33,"turns":9},{"damage":28,"enemies":"3 Darklings","floor":35,"turns":4},{"damage":0,"enemies":"Orb Walker","floor":39,"turns":1},{"damage":43,"enemies":"Giant Head","floor":40,"turns":6},{"damage":26,"enemies":"Mind Bloom Boss Battle","floor":42,"turns":4},{"damage":8,"enemies":"Reptomancer","floor":45,"turns":2},{"damage":0,"enemies":"Nemesis","floor":46,"turns":1},{"damage":21,"enemies":"Maw","floor":47,"turns":4},{"damage":65,"enemies":"Time Eater","floor":50,"turns":6}],"seed_played":"-4176627838134432026","potions_obtained":[{"floor":11,"key":"Poison Potion"},{"floor":12,"key":"Explosive Potion"},{"floor":16,"key":"Energy Potion"},{"floor":20,"key":"Swift Potion"},{"floor":27,"key":"Explosive Potion"},{"floor":31,"key":"Fire Potion"},{"floor":33,"key":"Dexterity Potion"},{"floor":40,"key":"LiquidBronze"},{"floor":45,"key":"Swift Potion"},{"floor":47,"key":"LiquidBronze"}],"is_trial":false,"path_per_floor":["M","T","M","T","$","R","$","R","T","M","E","M","M","M","R","B",null,"M","M","M","$","?","R","M","R","T","M","R","?","M","M","R","B",null,"M","?","?","?","M","E","R","?","T","R","M","E","M","$","R","B"],"character_chosen":"IRONCLAD","items_purchased":["Pommel Strike","Vajra","FearPotion","Strength Potion","Weak Potion"],"campfire_rested":4,"item_purchase_floors":[7,21,48,48,48],"current_hp_per_floor":[57,57,57,57,57,57,57,57,67,73,51,57,62,68,68,13,90,90,90,82,82,73,73,69,69,69,40,67,67,73,79,79,11,90,68,68,68,68,74,37,64,44,44,71,69,75,60,60,87,28],"gold":276,"neow_bonus":"ONE_RARE_RELIC","is_prod":false,"is_daily":false,"chose_seed":false,"campfire_upgraded":5,"win_rate":0.0,"timestamp":1536617009,"path_taken":["M","?","M","?","$","R","$","R","T","M","E","M","M","M","R","BOSS","M","M","?","$","?","R","M","R","T","M","R","?","M","?","R","BOSS","M","?","?","?","M","E","R","?","T","R","M","E","M","$","R","BOSS"],"build_version":"2018-09-06","purchased_purges":1,"victory":true,"max_hp_per_floor":[80,80,80,80,80,80,80,80,90,90,90,90,90,90,90,90,90,90,90,90,90,90,90,90,90,90,90,90,90,90,90,90,90,90,90,90,90,90,90,90,90,90,90,90,90,90,90,90,90,90],"card_choices":[{"not_picked":["Armaments","Headbutt"],"picked":"Perfected Strike","floor":1},{"not_picked":["Shrug It Off","Entrench","Heavy Blade"],"picked":"SKIP","floor":3},{"not_picked":["Thunderclap","Flex"],"picked":"Sword Boomerang","floor":10},{"not_picked":["Shrug It Off","Flex","Barricade"],"picked":"SKIP","floor":11},{"not_picked":["Heavy Blade","Carnage"],"picked":"Clash","floor":12},{"not_picked":["Warcry","Iron Wave","Clothesline"],"picked":"SKIP","floor":13},{"not_picked":["Rupture","Ghostly Armor","Clothesline"],"picked":"SKIP","floor":14},{"not_picked":["Barricade","Reaper"],"picked":"Double Tap","floor":16},{"not_picked":["Dual Wield","True Grit"],"picked":"Pommel Strike","floor":18},{"not_picked":["Shrug It Off","Disarm","Heavy Blade"],"picked":"SKIP","floor":19},{"not_picked":["Sword Boomerang","Searing Blow"],"picked":"Twin Strike","floor":20},{"not_picked":["Warcry","Iron Wave+1"],"picked":"Perfected Strike+1","floor":24},{"not_picked":["Warcry","Dropkick","Armaments+1"],"picked":"SKIP","floor":27},{"not_picked":["Shrug It Off","Battle Trance","Warcry+1"],"picked":"SKIP","floor":30},{"not_picked":["Brutality","Reckless Charge+1"],"picked":"Pommel Strike","floor":31},{"not_picked":["Feed","Bludgeon"],"picked":"Offering","floor":33},{"not_picked":["Havoc","Infernal Blade+1"],"picked":"Wild Strike","floor":34},{"not_picked":["Flame Barrier","Shockwave"],"picked":"Twin Strike+1","floor":34},{"not_picked":["Second Wind","Power Through+1"],"picked":"Twin Strike","floor":34},{"not_picked":["Power Through","Thunderclap"],"picked":"Wild Strike","floor":34},{"not_picked":["Body Slam","Iron Wave"],"picked":"Wild Strike","floor":35},{"not_picked":["Havoc","Flex","Body Slam+1"],"picked":"SKIP","floor":39},{"not_picked":["Barricade","Fire Breathing","Entrench+1"],"picked":"SKIP","floor":40},{"not_picked":["Ghostly Armor+1","Iron Wave","Sword Boomerang+1"],"picked":"SKIP","floor":45},{"not_picked":["Shrug It Off","Impervious"],"picked":"Pommel Strike+1","floor":46},{"not_picked":["Searing Blow+1","Shrug It Off+1"],"picked":"Wild Strike+1","floor":47}],"player_experience":72151,"relics_obtained":[{"floor":2,"key":"Ice Cream"},{"floor":4,"key":"Oddly Smooth Stone"},{"floor":9,"key":"Pear"},{"floor":11,"key":"Shuriken"},{"floor":25,"key":"Bag of Marbles"},{"floor":26,"key":"Pen Nib"},{"floor":40,"key":"Thread and Needle"},{"floor":42,"key":"Ginger"},{"floor":43,"key":"Red Skull"},{"floor":46,"key":"Toxic Egg 2"}],"event_choices":[{"event_name":"Knowing Skull","player_choice":"","floor":22,"damage_taken":0},{"event_name":"Beggar","player_choice":"Ignored","floor":29,"damage_taken":0},{"event_name":"Tomb of Lord Red Mask","player_choice":"Ignored","floor":36,"damage_taken":0},{"event_name":"Duplicator","player_choice":"One dupe","floor":37,"damage_taken":0},{"event_name":"Falling","player_choice":"Removed Skill","floor":38,"damage_taken":0},{"event_name":"MindBloom","player_choice":"Fight","floor":42,"damage_taken":0}],"is_beta":false,"boss_relics":[{"not_picked":["Runic Pyramid","Ectoplasm"],"picked":"Cursed Key"},{"not_picked":["Runic Dome","Black Star"],"picked":"Orrery"}],"items_purged_floors":[48],"is_endless":false,"potions_floor_spawned":[11,12,16,20,27,31,33,40,45,47],"ascension_level":0}