{"gold_per_floor":[118,134,24,24,41,67,82,116,116,128,128,128],"floor_reached":12,"playtime":1020,"items_purged":["Strike_G"],"score":104,"play_id":"9c7cf340-7b03-4587-bcdd-1364bf178a46","local_time":"20190125222509","is_ascension_mode":true,"campfire_choices":[{"floor":11,"key":"REST"}],"neow_cost":"NONE","seed_source_timestamp":151329757174370,"circlet_count":0,"master_deck":["Defend_G","Defend_G","Defend_G","Defend_G","Strike_G","Strike_G","Strike_G","Strike_G","Survivor","Neutralize","Prepared","Endless Agony","Reflex","Storm of Steel","Endless Agony","Flechettes","Flechettes","Masterful Stab"],"relics":["Ring of the Snake","Art of War","Happy Flower"],"potions_floor_usage":[6,8],"damage_taken":[{"damage":0,"enemies":"Small Slimes","floor":1,"turns":3},{"damage":1,"enemies":"Cultist","floor":2,"turns":3},{"damage":0,"enemies":"2 Louse","floor":5,"turns":3},{"damage":29,"enemies":"3 Sentries","floor":6,"turns":11},{"damage":6,"enemies":"Red Slaver","floor":7,"turns":4},{"damage":19,"enemies":"Gremlin Nob","floor":8,"turns":4},{"damage":16,"enemies":"Large Slime","floor":10,"turns":5},{"damage":20,"enemies":"Lagavulin","floor":12,"turns":7}],"seed_played":"5391839554341566300","potions_obtained":[{"floor":5,"key":"Strength Potion"},{"floor":7,"key":"Block Potion"}],"is_trial":false,"path_per_floor":["M","M","$","?","M","E","M","E","T","M","R","E"],"character_chosen":"THE_SILENT","items_purchased":["Reflex"],"campfire_rested":1,"item_purchase_floors":[3],"current_hp_per_floor":[77,76,76,76,76,47,41,22,22,6,29,9],"gold":128,"neow_bonus":"TEN_PERCENT_HP_BONUS","is_prod":false,"is_daily":false,"chose_seed":false,"campfire_upgraded":0,"win_rate":0,"timestamp":1548473109,"path_taken":["M","M","$","?","M","E","?","E","T","M","R","E"],"build_version":"2019-01-23","purchased_purges":1,"victory":false,"max_hp_per_floor":[77,77,77,77,77,77,77,77,77,77,77,77],"card_choices":[{"not_picked":["Underhanded Strike","Dodge and Roll"],"picked":"Prepared","floor":1},{"not_picked":["Acrobatics","Calculated Gamble"],"picked":"Endless Agony","floor":2},{"not_picked":["Caltrops","Outmaneuver"],"picked":"Storm of Steel","floor":5},{"not_picked":["Outmaneuver","Dodge and Roll"],"picked":"Endless Agony","floor":6},{"not_picked":["Dodge and Roll","Underhanded Strike"],"picked":"Flechettes","floor":7},{"not_picked":["Predator","Well Laid Plans"],"picked":"Flechettes","floor":8},{"not_picked":["Noxious Fumes","Quick Slash"],"picked":"Masterful Stab","floor":10}],"player_experience":147462,"relics_obtained":[{"floor":6,"key":"Art of War"},{"floor":8,"key":"Happy Flower"}],"event_choices":[{"cards_removed":["Defend_G"],"damage_healed":0,"gold_gain":0,"player_choice":"Offered Basic","damage_taken":0,"max_hp_gain":0,"max_hp_loss":0,"event_name":"Bonfire Elementals","floor":4,"gold_loss":0}],"is_beta":false,"boss_relics":[],"items_purged_floors":[3],"is_endless":false,"potions_floor_spawned":[5,7],"killed_by":"Lagavulin","ascension_level":3}