{"gold_per_floor":[112,112,130,130,17,48,48,48,48,64,64,80,113,132,132,209,209,227,242,14,31,45,45,22,34,34,69,82,114,114,125,125,125],"floor_reached":33,"playtime":1335,"items_purged":["Defend_R"],"score":551,"play_id":"f8f28885-28a5-4042-b793-17696b0145fb","local_time":"20190216074031","is_ascension_mode":true,"campfire_choices":[{"data":"True Grit","floor":7.0,"key":"SMITH"},{"data":"Anger","floor":11.0,"key":"SMITH"},{"data":"Offering","floor":15.0,"key":"SMITH"},{"data":"Evolve","floor":23,"key":"SMITH"},{"floor":32,"key":"REST"}],"neow_cost":"PERCENT_DAMAGE","seed_source_timestamp":32161500758856,"circlet_count":0,"master_deck":["AscendersBane","Strike_R","Strike_R","Strike_R","Strike_R","Defend_R","Bash","Perfected Strike","Offering+1","Anger+1","Disarm","True Grit+1","Clash","Fiend Fire","Power Through","Twin Strike","Limit Break","Wild Strike","Anger","Evolve+1","Uppercut","Shrug It Off","Perfected Strike","Wild Strike","Pommel Strike","Inflame","Burning Pact","Perfected Strike+1"],"special_seed":0,"relics":["Burning Blood","Mercury Hourglass","Lantern","Boot","Bronze Scales","Runic Dome","Pear","Bag of Preparation","PreservedInsect"],"potions_floor_usage":[27,33],"damage_taken":[{"damage":0.0,"enemies":"Small Slimes","floor":1.0,"turns":3.0},{"damage":1.0,"enemies":"Cultist","floor":3.0,"turns":3.0},{"damage":19.0,"enemies":"3 Sentries","floor":6.0,"turns":6.0},{"damage":0.0,"enemies":"2 Louse","floor":10.0,"turns":2.0},{"damage":6.0,"enemies":"Exordium Thugs","floor":12.0,"turns":3.0},{"damage":6.0,"enemies":"Gremlin Nob","floor":13.0,"turns":2.0},{"damage":0.0,"enemies":"3 Louse","floor":14.0,"turns":3.0},{"damage":51.0,"enemies":"Slime Boss","floor":16.0,"turns":9.0},{"damage":6.0,"enemies":"3 Byrds","floor":18.0,"turns":3.0},{"damage":0.0,"enemies":"Chosen","floor":19.0,"turns":3.0},{"damage":18.0,"enemies":"Centurion and Healer","floor":21.0,"turns":5.0},{"damage":12,"enemies":"Cultist and Chosen","floor":22,"turns":3},{"damage":18,"enemies":"Chosen and Byrds","floor":25,"turns":3},{"damage":13,"enemies":"Slavers","floor":27,"turns":4},{"damage":6,"enemies":"Shelled Parasite and Fungi","floor":28,"turns":1},{"damage":18,"enemies":"Gremlin Leader","floor":29,"turns":5},{"damage":20,"enemies":"Centurion and Healer","floor":31,"turns":4},{"damage":42,"enemies":"Automaton","floor":33,"turns":4}],"seed_played":"-5585093748016347404","potions_obtained":[{"floor":1.0,"key":"SpeedPotion"},{"floor":3.0,"key":"AttackPotion"},{"floor":16.0,"key":"AttackPotion"},{"floor":18.0,"key":"Block Potion"},{"floor":22,"key":"Dexterity Potion"},{"floor":27,"key":"EssenceOfSteel"}],"is_trial":false,"path_per_floor":["M","?","M","?","$","E","R","$","T","M","R","M","E","M","R","B",null,"M","M","$","M","M","R","$","M","T","E","M","E","?","M","R","B"],"character_chosen":"IRONCLAD","items_purchased":["Disarm","True Grit","Evolve","Uppercut","Shrug It Off","Wild Strike"],"campfire_rested":1,"item_purchase_floors":[5,5,20,20,20,24],"current_hp_per_floor":[56,56,61,61,61,48,48,48,48,54,54,54,54,60,60,15,60,60,66,66,54,48,48,48,36,46,39,39,27,27,13,38,0],"gold":125,"neow_bonus":"REMOVE_TWO","is_prod":false,"is_daily":false,"chose_seed":false,"campfire_upgraded":4,"win_rate":0,"timestamp":1550320831,"path_taken":["M","?","M","?","$","E","R","$","T","M","R","M","E","M","R","BOSS","M","M","$","M","?","R","?","M","T","E","M","E","?","?","R","BOSS"],"build_version":"2019-01-23","purchased_purges":1,"victory":false,"max_hp_per_floor":[75,75,75,75,75,75,75,75,75,75,75,75,75,75,75,75,75,75,75,75,75,75,75,75,75,85,85,85,85,85,85,85,85],"card_choices":[{"not_picked":["Entrench","Twin Strike"],"picked":"Perfected Strike","floor":1.0},{"not_picked":["Whirlwind","Flex"],"picked":"Anger","floor":3.0},{"not_picked":["Pummel","Sever Soul"],"picked":"Clash","floor":6.0},{"not_picked":["Dropkick","Clothesline"],"picked":"Fiend Fire","floor":10.0},{"not_picked":["Havoc","Hemokinesis"],"picked":"Power Through","floor":12.0},{"not_picked":["Cleave","Clash","Bloodletting"],"picked":"SKIP","floor":13.0},{"not_picked":["Iron Wave","Carnage"],"picked":"Twin Strike","floor":14.0},{"not_picked":["Offering","Impervious"],"picked":"Limit Break","floor":16.0},{"not_picked":["Combust","Headbutt"],"picked":"Wild Strike","floor":18.0},{"not_picked":["Searing Blow+1","True Grit"],"picked":"Anger","floor":19.0},{"not_picked":["Flex","Headbutt+1"],"picked":"Perfected Strike","floor":21},{"not_picked":["Armaments","Reckless Charge","Havoc"],"picked":"SKIP","floor":22},{"not_picked":["Thunderclap","Carnage","Fire Breathing"],"picked":"SKIP","floor":25},{"not_picked":["Burning Pact","Armaments"],"picked":"Pommel Strike","floor":27},{"not_picked":["Entrench","Cleave+1"],"picked":"Inflame","floor":28},{"not_picked":["Clothesline","Iron Wave"],"picked":"Burning Pact","floor":29},{"not_picked":["Body Slam","Second Wind"],"picked":"Perfected Strike+1","floor":31}],"player_experience":439968,"relics_obtained":[{"floor":6.0,"key":"Lantern"},{"floor":9.0,"key":"Boot"},{"floor":13.0,"key":"Bronze Scales"},{"floor":26,"key":"Pear"},{"floor":27,"key":"Bag of Preparation"},{"floor":29,"key":"PreservedInsect"}],"event_choices":[{"damage_healed":0.0,"max_hp_gain":0.0,"max_hp_loss":0.0,"gold_gain":0.0,"cards_transformed":["Defend_R"],"event_name":"Living Wall","player_choice":"Change","floor":2.0,"gold_loss":0.0,"damage_taken":0.0,"cards_obtained":["Offering"]},{"damage_healed":0.0,"max_hp_gain":0.0,"max_hp_loss":0.0,"gold_gain":0.0,"event_name":"WeMeetAgain","player_choice":"Gave Potion","floor":4.0,"gold_loss":0.0,"damage_taken":0.0,"relics_obtained":["Mercury Hourglass"]},{"damage_healed":0,"gold_gain":0,"player_choice":"Bought 0 Potions","damage_taken":0,"max_hp_gain":0,"max_hp_loss":0,"event_name":"The Woman in Blue","floor":30,"gold_loss":0}],"is_beta":false,"boss_relics":[{"not_picked":["Lizard Tail","White Beast Statue"],"picked":"Runic Dome"}],"items_purged_floors":[20],"is_endless":false,"potions_floor_spawned":[1,3,16,18,22,25,27],"killed_by":"Automaton","ascension_level":14}