{"gold_per_floor":[12,12,24,38,15,15,26,26,26,44,62,78,93,18,18,114,114,124,142,142,155,168,168,185,185],"floor_reached":25,"playtime":1279,"items_purged":["Defend_B"],"score":201,"play_id":"b286871c-8a79-41fa-851f-bf36dbd4d179","local_time":"20181230191616","is_ascension_mode":false,"campfire_choices":[{"data":"Tempest","floor":6.0,"key":"SMITH"},{"data":"Zap","floor":8.0,"key":"SMITH"},{"data":"1","floor":15.0,"key":"LIFT"},{"data":"2","floor":23,"key":"LIFT"}],"neow_cost":"NO_GOLD","seed_source_timestamp":461212232947714,"circlet_count":0,"master_deck":["Strike_B","Strike_B","Strike_B","Defend_B","Defend_B","Zap+1","Dualcast","Coolheaded","Cold Snap","Tempest+1","Cold Snap","Cold Snap","Conserve Battery","Glacier","Fission","Coolheaded","Chill+1"],"special_seed":0,"relics":["Cracked Core","Centennial Puzzle","Girya","Nuclear Battery"],"potions_floor_usage":[18,19,22,22],"damage_taken":[{"damage":0.0,"enemies":"Cultist","floor":1.0,"turns":2.0},{"damage":0.0,"enemies":"2 Louse","floor":3.0,"turns":3.0},{"damage":0.0,"enemies":"Small Slimes","floor":4.0,"turns":3.0},{"damage":0.0,"enemies":"Exordium Wildlife","floor":7.0,"turns":2.0},{"damage":0.0,"enemies":"Gremlin Gang","floor":10.0,"turns":3.0},{"damage":3.0,"enemies":"3 Louse","floor":11.0,"turns":3.0},{"damage":5.0,"enemies":"2 Fungi Beasts","floor":12.0,"turns":2.0},{"damage":0.0,"enemies":"Blue Slaver","floor":13.0,"turns":2.0},{"damage":24.0,"enemies":"Hexaghost","floor":16.0,"turns":13.0},{"damage":0,"enemies":"Chosen","floor":18,"turns":4},{"damage":0,"enemies":"Shell Parasite","floor":19,"turns":4},{"damage":24,"enemies":"3 Cultists","floor":21,"turns":9},{"damage":0,"enemies":"Snake Plant","floor":22,"turns":5},{"damage":4,"enemies":"Sentry and Sphere","floor":24,"turns":6}],"seed_played":"832832595509596076","potions_obtained":[{"floor":3.0,"key":"Swift Potion"},{"floor":12.0,"key":"EssenceOfSteel"},{"floor":13.0,"key":"Energy Potion"},{"floor":16.0,"key":"Block Potion"},{"floor":18,"key":"EssenceOfSteel"},{"floor":19,"key":"Energy Potion"},{"floor":20,"key":"Poison Potion"},{"floor":24,"key":"FearPotion"}],"is_trial":false,"path_per_floor":["M","T","M","M","$","R","M","R","T","M","M","M","M","$","R","B",null,"M","M","?","M","M","R","M","$"],"character_chosen":"DEFECT","items_purchased":["Cold Snap"],"campfire_rested":0,"item_purchase_floors":[5],"current_hp_per_floor":[75,75,75,75,75,75,75,75,75,75,72,67,67,67,67,43,75,75,75,75,51,51,51,47,47],"gold":185,"neow_bonus":"REMOVE_TWO","is_prod":false,"is_daily":false,"chose_seed":false,"campfire_upgraded":2,"win_rate":0,"timestamp":1546215376,"path_taken":["M","?","M","M","$","R","M","R","T","M","M","M","M","$","R","BOSS","M","M","?","M","M","R","M","$"],"build_version":"2018-12-20","purchased_purges":1,"victory":false,"max_hp_per_floor":[75,75,75,75,75,75,75,75,75,75,75,75,75,75,75,75,75,75,75,75,75,75,75,75,75],"card_choices":[{"not_picked":["Turbo","Conserve Battery"],"picked":"Coolheaded","floor":1.0},{"not_picked":["Fusion","Hello World"],"picked":"Cold Snap","floor":3.0},{"not_picked":["Coolheaded","Barrage"],"picked":"Tempest","floor":4.0},{"not_picked":["Doom and Gloom","Compile Driver"],"picked":"Cold Snap","floor":7.0},{"not_picked":["Scrape","Hologram"],"picked":"Conserve Battery","floor":10.0},{"not_picked":["Gash","Rebound","White Noise"],"picked":"SKIP","floor":11.0},{"not_picked":["Echo Form","BootSequence"],"picked":"Glacier","floor":12.0},{"not_picked":["Melter","Gash","Redo"],"picked":"SKIP","floor":13.0},{"not_picked":["Reboot","Biased Cognition"],"picked":"Fission","floor":16.0},{"not_picked":["Recycle+1","Turbo"],"picked":"Coolheaded","floor":18},{"not_picked":["Undo","Stack+1","Go for the Eyes+1"],"picked":"SKIP","floor":19},{"not_picked":["Melter","Sweeping Beam","Steam"],"picked":"SKIP","floor":21},{"not_picked":["Sweeping Beam","White Noise","Machine Learning"],"picked":"SKIP","floor":22},{"not_picked":["Redo","Go for the Eyes"],"picked":"Chill+1","floor":24}],"player_experience":365497,"relics_obtained":[{"floor":2.0,"key":"Centennial Puzzle"},{"floor":9.0,"key":"Girya"}],"event_choices":[{"damage_healed":0,"gold_gain":0,"player_choice":"Got Potions","damage_taken":0,"max_hp_gain":0,"max_hp_loss":0,"event_name":"Lab","floor":20,"gold_loss":0}],"is_beta":false,"boss_relics":[{"not_picked":["Eternal Feather","Tiny House"],"picked":"Nuclear Battery"}],"items_purged_floors":[14],"is_endless":false,"potions_floor_spawned":[3,12,13,16,18,19,24],"ascension_level":0}