{"gold_per_floor":[110,110,28,41,191,232,257,292,292,144,144,163,181,21,21,119,119,142,155,155,155],"floor_reached":21,"playtime":1072,"items_purged":["Doubt"],"score":357,"play_id":"f5bcc8d4-3f15-4c38-b307-117b6efe8f6f","local_time":"20190115203347","is_ascension_mode":true,"campfire_choices":[{"data":"Storm","floor":11,"key":"SMITH"},{"data":"Fusion","floor":15,"key":"SMITH"}],"neow_cost":"NONE","seed_source_timestamp":446681177799200,"circlet_count":0,"master_deck":["AscendersBane","Strike_B","Strike_B","Strike_B","Strike_B","Defend_B","Defend_B","Defend_B","Defend_B","Zap","Dualcast","Storm+1","Self Repair","White Noise","Storm","Force Field","Conserve Battery","Loop","Fusion+1","Electrodynamics","Creative AI","Redo+1","Ghostly","Ghostly","Ghostly"],"relics":["Cracked Core","NeowsBlessing","Golden Idol","Shuriken","Odd Mushroom","Gremlin Horn","Runic Pyramid"],"potions_floor_usage":[16,16],"damage_taken":[{"damage":0,"enemies":"Small Slimes","floor":1,"turns":1},{"damage":0,"enemies":"2 Louse","floor":4,"turns":1},{"damage":0,"enemies":"Gremlin Nob","floor":6,"turns":1},{"damage":2,"enemies":"Jaw Worm","floor":7,"turns":3},{"damage":1,"enemies":"The Mushroom Lair","floor":8,"turns":2},{"damage":7,"enemies":"2 Fungi Beasts","floor":12,"turns":4},{"damage":6,"enemies":"Blue Slaver","floor":13,"turns":3},{"damage":51,"enemies":"The Guardian","floor":16,"turns":9},{"damage":0,"enemies":"Spheric Guardian","floor":18,"turns":3},{"damage":38,"enemies":"3 Byrds","floor":19,"turns":4},{"damage":32,"enemies":"Snecko","floor":21,"turns":5}],"seed_played":"1216366728605607810","potions_obtained":[{"floor":4,"key":"Strength Potion"},{"floor":6,"key":"Poison Potion"},{"floor":12,"key":"LiquidBronze"}],"is_trial":false,"path_per_floor":["M","?","$","M","?","E","M","?","T","$","R","M","M","$","R","B",null,"M","M","?","M"],"character_chosen":"DEFECT","items_purchased":["Self Repair","Loop","Electrodynamics"],"campfire_rested":0,"item_purchase_floors":[3,10,14],"current_hp_per_floor":[64,40,40,47,47,47,52,51,51,51,51,51,52,52,52,8,55,55,17,17,0],"gold":155,"neow_bonus":"THREE_ENEMY_KILL","is_prod":false,"is_daily":false,"chose_seed":false,"campfire_upgraded":2,"win_rate":0,"timestamp":1547613227,"path_taken":["M","?","$","M","?","E","M","?","T","$","R","M","M","$","R","BOSS","M","M","?","M"],"build_version":"2019-01-10","purchased_purges":1,"victory":false,"max_hp_per_floor":[71,71,71,71,71,71,71,71,71,71,71,71,71,71,71,71,71,71,71,35,35],"card_choices":[{"not_picked":["Leap","Gash"],"picked":"Storm","floor":1},{"not_picked":["Redo","Reprogram"],"picked":"White Noise","floor":4},{"not_picked":["Turbo","Go for the Eyes"],"picked":"Storm","floor":6},{"not_picked":["Reinforced Body","Redo"],"picked":"Force Field","floor":7},{"not_picked":["Stack","Steam"],"picked":"Conserve Battery","floor":8},{"not_picked":["Rebound","Compile Driver"],"picked":"Fusion","floor":12},{"not_picked":["Cold Snap","Aggregate","Turbo"],"picked":"SKIP","floor":13},{"not_picked":["Thunder Strike","All For One"],"picked":"Creative AI","floor":16},{"not_picked":["Streamline","Turbo"],"picked":"Redo+1","floor":18},{"not_picked":["Hologram","Aggregate","Gash"],"picked":"SKIP","floor":19}],"player_experience":479751,"relics_obtained":[{"floor":6,"key":"Shuriken"},{"floor":8,"key":"Odd Mushroom"},{"floor":9,"key":"Gremlin Horn"}],"event_choices":[{"damage_healed":0,"gold_gain":0,"player_choice":"Take Damage","damage_taken":24,"relics_obtained":["Golden Idol"],"max_hp_gain":0,"max_hp_loss":0,"event_name":"Golden Idol","floor":2,"gold_loss":0},{"damage_healed":0,"gold_gain":150,"player_choice":"AGREE","damage_taken":0,"max_hp_gain":0,"max_hp_loss":0,"event_name":"Liars Game","floor":5,"gold_loss":0,"cards_obtained":["Doubt"]},{"damage_healed":0,"gold_gain":0,"player_choice":"Fought Mushrooms","damage_taken":0,"max_hp_gain":0,"max_hp_loss":0,"event_name":"Mushrooms","floor":8,"gold_loss":0},{"damage_healed":0,"gold_gain":0,"player_choice":"Became a Ghost","damage_taken":0,"max_hp_gain":0,"max_hp_loss":36,"event_name":"Ghosts","floor":20,"gold_loss":0,"cards_obtained":["Ghostly","Ghostly","Ghostly"]}],"is_beta":false,"boss_relics":[{"not_picked":["Black Star","Orrery"],"picked":"Runic Pyramid"}],"items_purged_floors":[10],"is_endless":false,"potions_floor_spawned":[4,6,12,13],"killed_by":"Snecko","ascension_level":15}