{"gold_per_floor":[115,46,121,140,151,179,14,26,26,26,41,53,53,69,69,170,170,181,193,193,206,226,258,258,308,308,308,326,326,251,0,30,30],"floor_reached":33,"playtime":1424,"items_purged":["Normality"],"score":321,"play_id":"d8e1fc94-b639-46d6-87aa-026fdaada56d","local_time":"20180907143435","is_ascension_mode":true,"campfire_choices":[{"data":"Zap","floor":10,"key":"SMITH"},{"data":"Electrodynamics","floor":15,"key":"SMITH"},{"data":"Machine Learning","floor":24,"key":"SMITH"},{"data":"Defragment","floor":27,"key":"SMITH"},{"data":"Hologram","floor":29,"key":"SMITH"},{"floor":32,"key":"DIG"}],"neow_cost":"CURSE","seed_source_timestamp":65370047175268,"circlet_count":0,"master_deck":["Zap+1","Dualcast","Static Discharge","Self Repair","Hologram+1","Undo","Ball Lightning","Self Repair","Conserve Battery+1","Hologram+1","Electrodynamics+1","Turbo+1","Ball Lightning","Machine Learning+1","Storm","Turbo+1","Cold Snap","Conserve Battery+1","Sweeping Beam","Turbo+1","Chaos+1","Tempest+1","Undo+1","Bite","Bite","Bite","Bite","Bite","Defragment+1","Fusion+1","Go for the Eyes+1","Hologram+1"],"relics":["Cracked Core","Mango","Toxic Egg 2","Shovel","Ginger","Pandora\u0027s Box","Calipers","Letter Opener","Tiny Chest"],"potions_floor_usage":[33,33],"damage_taken":[{"damage":6,"enemies":"Jaw Worm","floor":1,"turns":4},{"damage":7,"enemies":"Small Slimes","floor":4,"turns":4},{"damage":1,"enemies":"Cultist","floor":5,"turns":4},{"damage":12,"enemies":"Lagavulin","floor":6,"turns":9},{"damage":20,"enemies":"Red Slaver","floor":8,"turns":5},{"damage":13,"enemies":"Large Slime","floor":11,"turns":5},{"damage":0,"enemies":"2 Fungi Beasts","floor":12,"turns":3},{"damage":27,"enemies":"Gremlin Gang","floor":14,"turns":4},{"damage":35,"enemies":"Slime Boss","floor":16,"turns":6},{"damage":26,"enemies":"2 Thieves","floor":18,"turns":3},{"damage":32,"enemies":"3 Byrds","floor":19,"turns":3},{"damage":8,"enemies":"Snake Plant","floor":21,"turns":3},{"damage":21,"enemies":"3 Cultists","floor":22,"turns":5},{"damage":40,"enemies":"Book of Stabbing","floor":23,"turns":5},{"damage":20,"enemies":"Centurion and Healer","floor":28,"turns":4},{"damage":43,"enemies":"Collector","floor":33,"turns":7}],"seed_played":"4164174587478144339","potions_obtained":[{"floor":5,"key":"Explosive Potion"},{"floor":8,"key":"Weak Potion"},{"floor":12,"key":"Dexterity Potion"}],"is_trial":false,"path_per_floor":["M","$","?","M","M","E","$","M","T","R","M","M","?","M","R","B",null,"M","M","?","M","M","E","R","?","T","R","M","R","?","?","R"],"character_chosen":"DEFECT","items_purchased":["Self Repair","Self Repair","Conserve Battery+1"],"campfire_rested":0,"item_purchase_floors":[2,7,7],"current_hp_per_floor":[83,83,72,72,78,73,73,67,67,67,68,82,75,62,62,27,89,77,59,59,60,48,30,30,30,30,30,27,27,27,27,27,0],"gold":30,"neow_bonus":"ONE_RARE_RELIC","is_prod":false,"is_daily":false,"chose_seed":false,"campfire_upgraded":5,"win_rate":0,"timestamp":1536345275,"path_taken":["M","$","?","?","M","E","?","M","T","R","M","M","?","M","R","BOSS","M","?","?","?","M","E","R","?","T","R","M","R","?","?","R","BOSS"],"build_version":"2018-09-06","purchased_purges":1,"victory":false,"max_hp_per_floor":[89,89,89,89,89,89,89,89,89,89,89,89,89,89,89,89,89,89,89,62,62,62,62,62,62,62,62,62,62,62,62,62,62],"card_choices":[{"not_picked":["Barrage","Turbo"],"picked":"Static Discharge","floor":1},{"not_picked":["Steam","Turbo"],"picked":"Hologram","floor":4},{"not_picked":["Turbo","Rebound"],"picked":"Undo","floor":5},{"not_picked":["Go for the Eyes","Steam"],"picked":"Ball Lightning","floor":6},{"not_picked":["Barrage","Undo+1"],"picked":"Hologram+1","floor":8},{"not_picked":["Glacier+1","Cold Snap"],"picked":"Electrodynamics","floor":11},{"not_picked":["Compile Driver","Sweeping Beam"],"picked":"Turbo+1","floor":12},{"not_picked":["Beam Cell","Go for the Eyes"],"picked":"Ball Lightning","floor":14},{"not_picked":["Amplify+1","Meteor Strike"],"picked":"Machine Learning","floor":16},{"not_picked":["Beam Cell","Auto Shields+1"],"picked":"Tempest+1","floor":18},{"not_picked":["Beam Cell","Cold Snap"],"picked":"Undo+1","floor":19},{"not_picked":["Sweeping Beam","Darkness+1"],"picked":"Defragment","floor":21},{"not_picked":["Beam Cell+1","Rebound"],"picked":"Fusion+1","floor":22},{"not_picked":["Rip and Tear","Genetic Algorithm+1"],"picked":"Go for the Eyes+1","floor":23},{"not_picked":["Stack+1","Streamline"],"picked":"Hologram+1","floor":28}],"player_experience":161245,"relics_obtained":[{"floor":6,"key":"Toxic Egg 2"},{"floor":9,"key":"Shovel"},{"floor":23,"key":"Calipers"},{"floor":26,"key":"Letter Opener"},{"floor":32,"key":"Tiny Chest"}],"event_choices":[{"event_name":"World of Goop","player_choice":"Gather Gold","floor":3,"damage_taken":0},{"event_name":"Scrap Ooze","player_choice":"success","floor":13,"damage_taken":7},{"event_name":"Vampires","player_choice":"Became a vampire","floor":20,"damage_taken":0},{"event_name":"The Joust","player_choice":"Bet on Murderer","floor":25,"damage_taken":0},{"event_name":"Beggar","player_choice":"Gave Gold","floor":30,"damage_taken":0},{"event_name":"Masked Bandits","player_choice":"Paid Fearfully","floor":31,"damage_taken":0}],"is_beta":false,"boss_relics":[{"not_picked":["White Beast Statue","Tiny House"],"picked":"Pandora\u0027s Box"}],"items_purged_floors":[7],"is_endless":false,"potions_floor_spawned":[5,8,12,19,22,23],"killed_by":"Collector","ascension_level":2}