{"gold_per_floor":[111,111,111,130,206,206,217,217,241,241,316,326,56,56,56,154,154,122,26,36,36],"floor_reached":21,"playtime":1333,"items_purged":[],"score":167,"play_id":"22470f6f-1dc8-4120-97d5-e14618ed5b3a","local_time":"20180910025146","is_ascension_mode":false,"campfire_choices":[{"data":"Rampage","floor":6,"key":"SMITH"},{"data":"Anger","floor":8,"key":"SMITH"},{"data":"Bash","floor":10,"key":"SMITH"},{"floor":15,"key":"REST"}],"neow_cost":"NONE","seed_source_timestamp":277646654872939,"circlet_count":0,"master_deck":["Strike_R","Strike_R","Strike_R","Strike_R","Strike_R","Defend_R","Defend_R+1","Defend_R+1","Defend_R","Bash+1","Wild Strike","Rampage+1","Anger+1","Whirlwind","Swift Strike","Headbutt","Armaments","Dropkick","Barricade","Carnage","Armaments","Metallicize","Heavy Blade"],"relics":["Burning Blood","Blood Vial"],"potions_floor_usage":[16,21],"damage_taken":[{"damage":6,"enemies":"Jaw Worm","floor":1,"turns":4},{"damage":0,"enemies":"Small Slimes","floor":4,"turns":3},{"damage":6,"enemies":"2 Louse","floor":7,"turns":3},{"damage":5,"enemies":"Looter","floor":12,"turns":3},{"damage":57,"enemies":"Hexaghost","floor":16,"turns":11},{"damage":22,"enemies":"2 Thieves","floor":18,"turns":5},{"damage":28,"enemies":"Shell Parasite","floor":20,"turns":8},{"damage":62,"enemies":"3 Cultists","floor":21,"turns":6}],"seed_played":"517730838927608368","potions_obtained":[{"floor":1,"key":"Swift Potion"},{"floor":7,"key":"Weak Potion"},{"floor":20,"key":"BloodPotion"}],"is_trial":false,"path_per_floor":["M","?","?","M","?","R","M","R","T","R","?","M","$","?","R","B",null,"M","$","M"],"character_chosen":"IRONCLAD","items_purchased":["Swift Strike","Headbutt","Armaments","Dropkick","Armaments","Metallicize"],"campfire_rested":1,"item_purchase_floors":[13,13,13,13,19,19],"current_hp_per_floor":[88,88,70,76,76,76,76,76,76,76,65,68,68,68,88,37,88,72,72,52,0],"gold":36,"neow_bonus":"TEN_PERCENT_HP_BONUS","is_prod":false,"is_daily":false,"chose_seed":false,"campfire_upgraded":3,"win_rate":0.0,"timestamp":1536562306,"path_taken":["M","?","?","M","?","R","M","R","T","R","?","?","?","?","R","BOSS","M","$","M","M"],"build_version":"2018-09-06","purchased_purges":0,"victory":false,"max_hp_per_floor":[88,88,88,88,88,88,88,88,88,88,88,88,88,88,88,88,88,88,88,88,88],"card_choices":[{"not_picked":["Rupture","Battle Trance"],"picked":"Wild Strike","floor":1},{"not_picked":["Uppercut","Armaments"],"picked":"Rampage","floor":4},{"not_picked":["Rage","Power Through"],"picked":"Anger","floor":7},{"not_picked":["Perfected Strike","Wild Strike"],"picked":"Whirlwind","floor":12},{"not_picked":["Limit Break","Fiend Fire"],"picked":"Barricade","floor":16},{"not_picked":["Rupture+1","Sword Boomerang"],"picked":"Carnage","floor":18},{"not_picked":["Anger+1","Infernal Blade"],"picked":"Heavy Blade","floor":20}],"player_experience":41168,"relics_obtained":[{"floor":9,"key":"Blood Vial"}],"event_choices":[{"event_name":"Liars Game","player_choice":"disagreed","floor":2,"damage_taken":0},{"event_name":"Shining Light","player_choice":"Entered Light","floor":3,"damage_taken":0},{"event_name":"Golden Wing","player_choice":"Gained Gold","floor":5,"damage_taken":0},{"event_name":"World of Goop","player_choice":"Gather Gold","floor":11,"damage_taken":0},{"event_name":"Scrap Ooze","player_choice":"unsuccessful","floor":14,"damage_taken":0}],"is_beta":false,"boss_relics":[{"not_picked":["Velvet Choker","Fusion Hammer","Snecko Eye"]}],"items_purged_floors":[],"is_endless":false,"potions_floor_spawned":[1,7,20],"killed_by":"3 Cultists","ascension_level":0}