{"gold_per_floor":[156,156,63,117,171,273,273,273,273,377,410,495,534,20,50,294,294,343,82,82,115,161,255,255,362,362,460,107,195,220,327,327,568,568,627,960,1011,1059,1059,1446,82,169,169,226,373,409,487,520,520,520,520],"floor_reached":52,"playtime":783,"items_purged":[],"score":3851,"play_id":"189fed53-4d6a-4e26-a167-3bd7cd5f39ef","local_time":"20180911151944","daily_mods":["Draft","Heirloom","Insanity","Allstar","Cursed Run","Midas","Time Dilation","Hoarder"],"is_ascension_mode":true,"campfire_choices":[{"floor":7,"key":"DIG"},{"floor":15,"key":"DIG"},{"floor":24,"key":"DIG"},{"floor":32,"key":"DIG"},{"floor":49,"key":"DIG"}],"neow_cost":"","seed_source_timestamp":554663663164031,"circlet_count":0,"master_deck":["Sentinel","Whirlwind","Entrench","Uppercut","Inflame","Dual Wield","Fiend Fire","Power Through","Body Slam","Feed","Clothesline","Pommel Strike","Shrug It Off","Metallicize","Metallicize","Brutality","Pummel","Sword Boomerang","Impervious","Sentinel","Armaments","Dual Wield","Disarm","Metallicize","Heavy Blade","Bludgeon","Searing Blow","Hemokinesis","Rage","Second Wind","Uppercut","Bloodletting","Battle Trance","Power Through","Dropkick","Perfected Strike","Juggernaut","Searing Blow","Intimidate","Carnage","Barricade","Inflame","Flame Barrier","Barricade","Shrug It Off","Shrug It Off","Demon Form","Barricade","Clothesline","AscendersBane","Perfected Strike","Perfected Strike","Perfected Strike","Sever Soul","Sever Soul","Sever Soul","Wild Strike","Wild Strike","Wild Strike","Twin Strike","Twin Strike","Twin Strike","Twin Strike","Twin Strike","Twin Strike","Shrug It Off","Shrug It Off","Shrug It Off","Twin Strike","Twin Strike","Twin Strike","Power Through","Power Through","Power Through","Clothesline","Clothesline","Clothesline","Blood for Blood","Blood for Blood","Blood for Blood","Purity","Purity","Purity","Impatience","Impatience","Impatience","Shrug It Off","Shrug It Off","Shrug It Off","Perfected Strike","Perfected Strike","Perfected Strike","Dark Shackles","Dark Shackles","Dark Shackles","Shockwave","Shockwave","Shockwave","Thunderclap","Thunderclap","Thunderclap","Finesse","Finesse","Finesse","Armaments","Armaments","Armaments","Cleave","Cleave","Cleave","Perfected Strike","Perfected Strike","Perfected Strike","Injury","Injury","Injury","Normality","Normality","Normality","Warcry","Warcry","Warcry","Mind Blast","Mind Blast","Mind Blast","Feel No Pain","Feel No Pain","Feel No Pain","Rampage","Rampage","Rampage","Master of Strategy","Master of Strategy","Master of Strategy","Armaments","Armaments","Armaments","Carnage","Carnage","Carnage","Normality","Normality","Normality","Impervious","Impervious","Impervious","Inflame","Inflame","Inflame","Thunderclap+1","Thunderclap+1","Thunderclap+1","Immolate","Immolate","Immolate","Enlightenment","Enlightenment","Enlightenment","Ghostly","Ghostly","Ghostly","Ghostly","Ghostly","Ghostly","Ghostly","Ghostly","Ghostly","Ghostly","Ghostly","Ghostly","Ghostly","Ghostly","Ghostly","Clothesline","Clothesline","Clothesline","Finesse+1","Finesse+1","Finesse+1","Heavy Blade+1","Heavy Blade+1","Heavy Blade+1","Doubt","Doubt","Doubt","Uppercut+1","Uppercut+1","Uppercut+1","Perfected Strike+1","Perfected Strike+1","Perfected Strike+1","Disarm","Disarm","Disarm","Hemokinesis+1","Hemokinesis+1","Hemokinesis+1","Clash+1","Clash+1","Clash+1","Normality","Normality","Normality","Bandage Up","Bandage Up","Bandage Up","The Bomb","The Bomb","The Bomb","Twin Strike+1","Twin Strike+1","Twin Strike+1","Twin Strike+1","Twin Strike+1","Twin Strike+1","Dual Wield","Dual Wield","Dual Wield","Mind Blast+1","Mind Blast+1","Mind Blast+1","Impatience","Impatience","Impatience","Master of Strategy","Master of Strategy","Master of Strategy","Clothesline+1","Clothesline+1","Clothesline+1","Heavy Blade+1","Heavy Blade+1","Heavy Blade+1","Immolate+1","Immolate+1","Immolate+1","Bloodletting","Bloodletting","Bloodletting","Seeing Red","Seeing Red","Seeing Red","Feel No Pain","Feel No Pain","Feel No Pain","Transmutation","Transmutation","Transmutation","Madness","Madness","Madness","Dropkick+1","Dropkick+1","Dropkick+1","Swift Strike+1","Swift Strike+1","Swift Strike+1","Twin Strike+1","Twin Strike+1","Twin Strike+1","Havoc+1","Havoc+1","Havoc+1","Entrench+1","Entrench+1","Entrench+1","Blind","Blind","Blind","Normality","Normality","Normality","Normality","Normality","Normality"],"relics":["Cursed Key","Darkstone Periapt","Du-Vu Doll","Shovel","StoneCalendar","FossilizedHelix","Bag of Marbles","Mummified Hand","Ginger","Juzu Bracelet","PreservedInsect","Tiny Chest","Pandora\u0027s Box","Bottled Flame","Molten Egg 2","Pear","Dodecahedron","Dream Catcher","Anchor","Mercury Hourglass","Omamori","Red Mask","Pantograph","Black Star","Girya","Old Coin","Gremlin Horn","MealTicket","Shuriken","Meat on the Bone","Dead Branch","Oddly Smooth Stone","Pen Nib","Centennial Puzzle"],"potions_floor_usage":[51,51],"damage_taken":[{"damage":0,"enemies":"Cultist","floor":1,"turns":2},{"damage":0,"enemies":"Jaw Worm","floor":4,"turns":2},{"damage":0,"enemies":"2 Louse","floor":5,"turns":2},{"damage":6,"enemies":"Gremlin Nob","floor":6,"turns":3},{"damage":0,"enemies":"3 Sentries","floor":10,"turns":1},{"damage":3,"enemies":"Lots of Slimes","floor":11,"turns":2},{"damage":0,"enemies":"Gremlin Nob","floor":12,"turns":1},{"damage":0,"enemies":"Large Slime","floor":13,"turns":1},{"damage":0,"enemies":"The Guardian","floor":16,"turns":1},{"damage":0,"enemies":"3 Byrds","floor":18,"turns":3},{"damage":0,"enemies":"Chosen","floor":21,"turns":1},{"damage":0,"enemies":"Sentry and Sphere","floor":22,"turns":1},{"damage":0,"enemies":"Slavers","floor":23,"turns":2},{"damage":0,"enemies":"Gremlin Leader","floor":25,"turns":1},{"damage":0,"enemies":"Slavers","floor":27,"turns":1},{"damage":0,"enemies":"Gremlin Leader","floor":29,"turns":1},{"damage":0,"enemies":"Masked Bandits","floor":31,"turns":1},{"damage":0,"enemies":"Collector","floor":33,"turns":1},{"damage":0,"enemies":"Orb Walker","floor":35,"turns":1},{"damage":14,"enemies":"3 Shapes","floor":37,"turns":1},{"damage":0,"enemies":"Reptomancer","floor":38,"turns":1},{"damage":0,"enemies":"Nemesis","floor":40,"turns":1},{"damage":0,"enemies":"Giant Head","floor":42,"turns":1},{"damage":0,"enemies":"Maw","floor":44,"turns":1},{"damage":0,"enemies":"Mysterious Sphere","floor":45,"turns":1},{"damage":0,"enemies":"3 Darklings","floor":46,"turns":1},{"damage":0,"enemies":"2 Orb Walkers","floor":47,"turns":1},{"damage":0,"enemies":"Spire Growth","floor":48,"turns":1},{"damage":0,"enemies":"Time Eater","floor":50,"turns":1},{"damage":0,"enemies":"Awakened One","floor":51,"turns":3}],"seed_played":"-2849532773409948651","potions_obtained":[{"floor":5,"key":"Block Potion"},{"floor":10,"key":"SkillPotion"}],"is_trial":true,"path_per_floor":["M","?","$","M","M","E","R","?","T","E","M","E","M","$","R","B",null,"M","$","?","M","M","E","R","E","T","E","$","E","T","?","R","B",null,"M","?","M","M","?","E","$","E","T","M","?","M","E","M","R","B","B"],"character_chosen":"IRONCLAD","items_purchased":["Thunderclap","Finesse","PreservedInsect","Master of Strategy","Armaments","Carnage","Immolate","Enlightenment","Perfected Strike+1","Disarm","Hemokinesis+1","Anchor","Gremlin Horn","MealTicket","Heavy Blade+1","Immolate+1","Bloodletting","Seeing Red","Feel No Pain","Transmutation","Madness","Fruit Juice"],"campfire_rested":0,"item_purchase_floors":[3,3,14,14,14,14,19,19,28,28,28,28,41,41,41,41,41,41,41,41,41,41],"current_hp_per_floor":[68,23,23,23,23,17,17,23,29,29,26,26,26,26,26,32,78,78,78,46,46,46,46,46,56,62,62,62,62,68,68,68,68,68,68,68,54,54,44,44,44,44,44,44,44,44,44,44,44,74,85],"gold":520,"neow_bonus":"","is_prod":false,"is_daily":false,"chose_seed":false,"campfire_upgraded":0,"win_rate":0,"timestamp":1536646784,"path_taken":["M","?","$","M","?","E","R","?","T","E","M","E","M","?","R","BOSS","M","$","?","M","M","E","R","E","T","E","?","E","?","?","R","BOSS","M","?","M","M","?","E","$","E","T","M","?","M","E","M","R","BOSS","BOSS"],"build_version":"2018-09-06","purchased_purges":0,"victory":true,"max_hp_per_floor":[75,75,75,75,75,75,75,81,87,87,87,87,87,87,87,93,93,93,93,46,46,46,46,46,56,62,62,62,62,68,68,68,68,68,68,68,68,68,68,68,68,68,68,68,68,68,68,68,68,74,85],"card_choices":[{"not_picked":["PanicButton","Headbutt"],"picked":"Perfected Strike","floor":0},{"not_picked":["Havoc","Anger"],"picked":"Sever Soul","floor":0},{"not_picked":["Clothesline","Cleave"],"picked":"Wild Strike","floor":0},{"not_picked":["Good Instincts","Warcry"],"picked":"Twin Strike","floor":0},{"not_picked":["Rampage","Warcry"],"picked":"Twin Strike","floor":0},{"not_picked":["Power Through","Anger"],"picked":"Shrug It Off","floor":0},{"not_picked":["Body Slam","Havoc"],"picked":"Twin Strike","floor":0},{"not_picked":["Body Slam","Armaments"],"picked":"Power Through","floor":0},{"not_picked":["Headbutt","Armaments"],"picked":"Clothesline","floor":0},{"not_picked":["Anger","Body Slam"],"picked":"Blood for Blood","floor":0},{"not_picked":["Hemokinesis","Rupture"],"picked":"Purity","floor":0},{"not_picked":["Sword Boomerang","Deep Breath"],"picked":"Impatience","floor":0},{"not_picked":["Clothesline","Jack Of All Trades"],"picked":"Shrug It Off","floor":0},{"not_picked":["Disarm","Purity"],"picked":"Perfected Strike","floor":0},{"not_picked":["Clash","Clothesline"],"picked":"Dark Shackles","floor":0},{"not_picked":["Entrench","Clash"],"picked":"Shockwave","floor":1},{"not_picked":["Havoc","Armaments","Clothesline"],"picked":"SKIP","floor":4},{"not_picked":["Havoc","Clothesline"],"picked":"Armaments","floor":4},{"not_picked":["Purity","Power Through"],"picked":"Cleave","floor":5},{"not_picked":["Anger","Corruption"],"picked":"Perfected Strike","floor":6},{"not_picked":["Second Wind","Iron Wave"],"picked":"Warcry","floor":10},{"not_picked":["Second Wind","Anger"],"picked":"Mind Blast","floor":11},{"not_picked":["Offering","Swift Strike"],"picked":"Feel No Pain","floor":12},{"not_picked":["Combust","Warcry"],"picked":"Rampage","floor":13},{"not_picked":["Secret Weapon","Reaper"],"picked":"Impervious","floor":16},{"not_picked":["Cleave","Anger"],"picked":"Thunderclap+1","floor":18},{"not_picked":["Pommel Strike","Headbutt"],"picked":"Clothesline","floor":21},{"not_picked":["Twin Strike","Pommel Strike"],"picked":"Finesse+1","floor":22},{"not_picked":["Impervious","Sword Boomerang","Iron Wave"],"picked":"SKIP","floor":23},{"not_picked":["Good Instincts","Bandage Up"],"picked":"Heavy Blade+1","floor":25},{"not_picked":["Sentinel","Anger+1"],"picked":"Uppercut+1","floor":27},{"not_picked":["Burning Pact","Warcry"],"picked":"Clash+1","floor":29},{"not_picked":["Purity","Entrench"],"picked":"Bandage Up","floor":31},{"not_picked":["Impervious","Thinking Ahead"],"picked":"The Bomb","floor":33},{"not_picked":["Enlightenment","Flex"],"picked":"Twin Strike+1","floor":35},{"not_picked":["Body Slam+1","Clash+1"],"picked":"Twin Strike+1","floor":37},{"not_picked":["Cleave+1","Shrug It Off"],"picked":"Dual Wield","floor":38},{"not_picked":["Mayhem","Panacea"],"picked":"Mind Blast+1","floor":39},{"not_picked":["Dark Shackles","Secret Weapon"],"picked":"Impatience","floor":39},{"not_picked":["Jack Of All Trades","PanicButton"],"picked":"Master of Strategy","floor":39},{"not_picked":["Headbutt+1","Bloodletting"],"picked":"Clothesline+1","floor":40},{"not_picked":["Body Slam+1","Clash+1"],"picked":"Dropkick+1","floor":42},{"not_picked":["Searing Blow+1","Burning Pact"],"picked":"Swift Strike+1","floor":44},{"not_picked":["Havoc","Heavy Blade+1"],"picked":"Twin Strike+1","floor":45},{"not_picked":["Anger+1","Armaments"],"picked":"Havoc+1","floor":46},{"not_picked":["Iron Wave+1","Clothesline+1"],"picked":"Entrench+1","floor":47},{"not_picked":["Good Instincts","Anger+1"],"picked":"Blind","floor":48}],"player_experience":651156,"relics_obtained":[{"floor":6,"key":"FossilizedHelix"},{"floor":7,"key":"Bag of Marbles"},{"floor":9,"key":"Mummified Hand"},{"floor":10,"key":"Ginger"},{"floor":12,"key":"Juzu Bracelet"},{"floor":15,"key":"Tiny Chest"},{"floor":23,"key":"Bottled Flame"},{"floor":24,"key":"Molten Egg 2"},{"floor":25,"key":"Pear"},{"floor":26,"key":"Dodecahedron"},{"floor":27,"key":"Dream Catcher"},{"floor":29,"key":"Mercury Hourglass"},{"floor":30,"key":"Omamori"},{"floor":31,"key":"Red Mask"},{"floor":32,"key":"Pantograph"},{"floor":40,"key":"Girya"},{"floor":40,"key":"Old Coin"},{"floor":42,"key":"Shuriken"},{"floor":43,"key":"Meat on the Bone"},{"floor":45,"key":"Dead Branch"},{"floor":47,"key":"Oddly Smooth Stone"},{"floor":47,"key":"Pen Nib"},{"floor":49,"key":"Centennial Puzzle"}],"event_choices":[{"event_name":"Scrap Ooze","player_choice":"success","floor":2,"damage_taken":45},{"event_name":"Golden Idol","player_choice":"Take Wound","floor":8,"damage_taken":0},{"event_name":"Ghosts","player_choice":"Became a Ghost","floor":20,"damage_taken":0},{"event_name":"Masked Bandits","player_choice":"Fought Bandits","floor":31,"damage_taken":0},{"event_name":"The Moai Head","player_choice":"Gave Idol","floor":36,"damage_taken":0},{"event_name":"SensoryStone","player_choice":"Memory 3","floor":39,"damage_taken":0},{"event_name":"Mysterious Sphere","player_choice":"Fight","floor":45,"damage_taken":0}],"is_beta":false,"boss_relics":[{"not_picked":["Eternal Feather","Ectoplasm"],"picked":"Pandora\u0027s Box"},{"not_picked":["Busted Crown","Runic Pyramid"],"picked":"Black Star"}],"items_purged_floors":[],"is_endless":false,"potions_floor_spawned":[5,10,13,16,25,27,29,40,44,47],"ascension_level":20}