{"gold_per_floor":[116,66,84,104,115,115,448,448,448,478,492,136,136,152,152,257,257,271,271,65,65,85,115,115,131,178,213,213,227,257,276,276,380,380,400,400,419,430,248,278,278,309,309,28,58,58,78,90,90,90,90,90,90,124,124],"floor_reached":55,"playtime":3956,"items_purged":["Defend_B","Defend_B"],"score":1533,"play_id":"e7c8411b-2ba3-4dd3-8def-a9fe26f4c553","local_time":"20190212222507","is_ascension_mode":true,"campfire_choices":[{"data":"Hologram","floor":6.0,"key":"SMITH"},{"data":"Chaos","floor":15.0,"key":"SMITH"},{"floor":28.0,"key":"REST"},{"floor":32.0,"key":"RECALL"},{"floor":41.0,"key":"REST"},{"data":"Zap","floor":46.0,"key":"PURGE"},{"data":"Dualcast","floor":49.0,"key":"PURGE"},{"data":"Strike_B","floor":52.0,"key":"PURGE"}],"neow_cost":"PERCENT_DAMAGE","seed_source_timestamp":0,"circlet_count":0,"master_deck":["AscendersBane","Tempest","Cold Snap","Auto Shields","Hologram+1","Steam","Chaos+1","Coolheaded","Blizzard","Redo+1","Blizzard","Glacier+1","White Noise+1","Secret Weapon+1","Rip and Tear","Consume+1","Fission+1","Melter","BootSequence+1","Skim+1","Conserve Battery+1","Conserve Battery+1","Ball Lightning+1","Electrodynamics","Chaos+1","Conserve Battery+1","Rainbow+1","FTL","Coolheaded+1","Defragment","Impatience+1","Compile Driver+1","Undo+1","Dark Shackles+1","Ball Lightning+1","Chill+1","Loop+1","Coolheaded+1","Redo+1","White Noise+1"],"special_seed":0,"relics":["Cracked Core","Old Coin","Kunai","Toxic Egg 2","Fusion Hammer","Runic Capacitor","Matryoshka","Juzu Bracelet","Lantern","Bag of Preparation","Centennial Puzzle","Ginger","Prayer Wheel","Nuclear Battery","Art of War","Blue Candle","Frozen Egg 2","OrangePellets","Peace Pipe","Gremlin Horn"],"potions_floor_usage":[55],"damage_taken":[{"damage":3.0,"enemies":"Small Slimes","floor":1.0,"turns":3.0},{"damage":0.0,"enemies":"2 Louse","floor":3.0,"turns":3.0},{"damage":0.0,"enemies":"Cultist","floor":4.0,"turns":4.0},{"damage":1.0,"enemies":"Exordium Wildlife","floor":5.0,"turns":3.0},{"damage":8.0,"enemies":"Gremlin Nob","floor":7.0,"turns":4.0},{"damage":7.0,"enemies":"3 Sentries","floor":10.0,"turns":7.0},{"damage":0.0,"enemies":"Red Slaver","floor":11.0,"turns":4.0},{"damage":0.0,"enemies":"Looter","floor":14.0,"turns":4.0},{"damage":0.0,"enemies":"Hexaghost","floor":16.0,"turns":7.0},{"damage":0.0,"enemies":"Spheric Guardian","floor":18.0,"turns":3.0},{"damage":0.0,"enemies":"Chosen","floor":22.0,"turns":4.0},{"damage":0.0,"enemies":"Gremlin Leader","floor":23.0,"turns":8.0},{"damage":2.0,"enemies":"Shelled Parasite and Fungi","floor":25.0,"turns":4.0},{"damage":0.0,"enemies":"Book of Stabbing","floor":27.0,"turns":6.0},{"damage":0.0,"enemies":"Snake Plant","floor":29.0,"turns":3.0},{"damage":4.0,"enemies":"Gremlin Leader","floor":30.0,"turns":7.0},{"damage":0.0,"enemies":"Sentry and Sphere","floor":31.0,"turns":3.0},{"damage":27.0,"enemies":"Automaton","floor":33.0,"turns":8.0},{"damage":0.0,"enemies":"Orb Walker","floor":35.0,"turns":3.0},{"damage":0.0,"enemies":"3 Shapes","floor":37.0,"turns":2.0},{"damage":0.0,"enemies":"Spire Growth","floor":38.0,"turns":6.0},{"damage":0.0,"enemies":"Nemesis","floor":40.0,"turns":5.0},{"damage":28.0,"enemies":"Giant Head","floor":42.0,"turns":7.0},{"damage":0.0,"enemies":"Nemesis","floor":45.0,"turns":7.0},{"damage":0.0,"enemies":"4 Shapes","floor":47.0,"turns":5.0},{"damage":0.0,"enemies":"3 Darklings","floor":48.0,"turns":3.0},{"damage":25.0,"enemies":"Time Eater","floor":50.0,"turns":12.0},{"damage":16.0,"enemies":"Shield and Spear","floor":54.0,"turns":3.0},{"damage":52,"enemies":"The Heart","floor":55,"turns":9}],"seed_played":"-7798379363972200865","potions_obtained":[{"floor":3.0,"key":"Strength Potion"},{"floor":4.0,"key":"EssenceOfSteel"},{"floor":5.0,"key":"FearPotion"},{"floor":22.0,"key":"Energy Potion"},{"floor":29.0,"key":"Weak Potion"}],"is_trial":false,"path_per_floor":["M","?","M","M","M","R","E","?","T","E","M","$","?","M","R","B",null,"M","?","$","?","M","E","T","M","T","E","R","M","E","M","R","B",null,"M","?","M","M","$","E","R","E","T","$","E","R","M","M","R","B",null,"R","$","E","B"],"character_chosen":"DEFECT","items_purchased":["Glacier+1","White Noise+1","Secret Weapon+1","Runic Capacitor","Impatience+1","OrangePellets","Dark Shackles+1"],"campfire_rested":2,"item_purchase_floors":[12,12,12,20,39,44,44],"current_hp_per_floor":[47,47,47,47,46,46,38,38,38,31,31,31,31,31,31,31,64,64,50,50,50,50,50,50,48,48,48,72,72,68,68,68,41,70,70,70,70,70,70,70,80,52,52,52,52,52,52,52,52,27,67,67,67,51,0],"gold":124,"neow_bonus":"TRANSFORM_TWO_CARDS","is_prod":false,"is_daily":false,"chose_seed":false,"campfire_upgraded":2,"win_rate":0,"timestamp":1550028307,"path_taken":["M","?","M","M","M","R","E","?","T","E","?","$","?","M","R","BOSS","M","?","$","?","M","E","?","M","T","E","R","M","E","M","R","BOSS","M","?","M","M","$","E","R","E","T","$","E","R","M","M","R","BOSS","R","$","E","BOSS"],"build_version":"2019-01-23","purchased_purges":2,"victory":false,"max_hp_per_floor":[75,75,75,75,75,75,75,75,75,75,75,75,75,75,75,75,75,75,80,80,80,80,80,80,80,80,80,80,80,80,80,80,80,80,80,80,80,80,80,80,80,80,80,80,80,80,80,80,80,80,80,80,80,80,80],"card_choices":[{"not_picked":["Turbo","Storm"],"picked":"Auto Shields","floor":1.0},{"not_picked":["Gash","Redo"],"picked":"Hologram","floor":3.0},{"not_picked":["Beam Cell","Leap"],"picked":"Steam","floor":4.0},{"not_picked":["Redo","Leap"],"picked":"Chaos","floor":5.0},{"not_picked":["Creative AI","Reprogram"],"picked":"Coolheaded","floor":7.0},{"not_picked":["Consume","Conserve Battery"],"picked":"Redo","floor":10.0},{"not_picked":["Skim+1","Redo+1"],"picked":"Blizzard","floor":11.0},{"not_picked":["Sweeping Beam","Streamline"],"picked":"Consume+1","floor":14.0},{"not_picked":["Reboot+1","Rainbow+1"],"picked":"Fission+1","floor":16.0},{"not_picked":["Streamline","Gash"],"picked":"Melter","floor":18.0},{"not_picked":["Turbo+1","Streamline"],"picked":"BootSequence+1","floor":22.0},{"not_picked":["Steam+1","Leap+1"],"picked":"Skim+1","floor":23.0},{"not_picked":["Gash","Echo Form"],"picked":"Conserve Battery+1","floor":25.0},{"not_picked":["Leap+1","Go for the Eyes"],"picked":"Conserve Battery+1","floor":27.0},{"not_picked":["Cold Snap","Beam Cell"],"picked":"Ball Lightning+1","floor":29.0},{"not_picked":["FTL+1","Melter"],"picked":"Electrodynamics","floor":30.0},{"not_picked":["Beam Cell","Hologram+1"],"picked":"Chaos+1","floor":31.0},{"not_picked":["Leap+1","Conserve Battery+1","Streamline"],"picked":"SKIP","floor":31.0},{"not_picked":["Leap+1","Streamline"],"picked":"Conserve Battery+1","floor":31.0},{"not_picked":["Amplify+1","Thunder Strike"],"picked":"Rainbow+1","floor":33.0},{"not_picked":["Leap+1","Beam Cell+1"],"picked":"FTL","floor":35.0},{"not_picked":["Barrage","Ball Lightning","Redo+1"],"picked":"SKIP","floor":35.0},{"not_picked":["Turbo+1","Barrage"],"picked":"Coolheaded+1","floor":37.0},{"not_picked":["Beam Cell","Stack+1"],"picked":"Defragment","floor":37.0},{"not_picked":["Turbo+1","BootSequence+1","Cold Snap"],"picked":"SKIP","floor":38.0},{"not_picked":["Leap+1","Static Discharge+1","Streamline"],"picked":"SKIP","floor":38.0},{"not_picked":["Buffer","Turbo+1"],"picked":"Compile Driver+1","floor":40.0},{"not_picked":["Beam Cell+1","Gash+1"],"picked":"Undo+1","floor":42.0},{"not_picked":["Auto Shields+1","Gash"],"picked":"Ball Lightning+1","floor":45.0},{"not_picked":["Steam+1","Ball Lightning"],"picked":"Chill+1","floor":47.0},{"not_picked":["Barrage","Gash+1"],"picked":"Loop+1","floor":47.0},{"not_picked":["Redo+1","Go for the Eyes"],"picked":"Coolheaded+1","floor":48.0},{"not_picked":["Rebound+1","Streamline"],"picked":"Redo+1","floor":48.0},{"not_picked":["Scrape","Double Energy+1"],"picked":"White Noise+1","floor":54.0}],"player_experience":408257,"relics_obtained":[{"floor":7.0,"key":"Old Coin"},{"floor":9.0,"key":"Kunai"},{"floor":10.0,"key":"Toxic Egg 2"},{"floor":23.0,"key":"Juzu Bracelet"},{"floor":24.0,"key":"Lantern"},{"floor":26.0,"key":"Bag of Preparation"},{"floor":26.0,"key":"Centennial Puzzle"},{"floor":27.0,"key":"Ginger"},{"floor":30.0,"key":"Prayer Wheel"},{"floor":40.0,"key":"Art of War"},{"floor":42.0,"key":"Blue Candle"},{"floor":43.0,"key":"Frozen Egg 2"},{"floor":45.0,"key":"Peace Pipe"},{"floor":54.0,"key":"Gremlin Horn"}],"event_choices":[{"cards_removed":["Defend_B"],"damage_healed":0.0,"max_hp_gain":0.0,"max_hp_loss":0.0,"gold_gain":0.0,"event_name":"The Cleric","player_choice":"Card Removal","floor":2.0,"gold_loss":50.0,"damage_taken":0.0},{"damage_healed":0.0,"max_hp_gain":0.0,"max_hp_loss":0.0,"gold_gain":0.0,"cards_transformed":["Strike_B"],"event_name":"Transmorgrifier","player_choice":"Transformed","floor":8.0,"gold_loss":0.0,"damage_taken":0.0,"cards_obtained":["Blizzard"]},{"damage_healed":0.0,"max_hp_gain":0.0,"max_hp_loss":0.0,"gold_gain":0.0,"cards_transformed":["Defend_B"],"event_name":"Transmorgrifier","player_choice":"Transformed","floor":13.0,"gold_loss":0.0,"damage_taken":0.0,"cards_obtained":["Rip and Tear"]},{"damage_healed":0.0,"max_hp_gain":5.0,"max_hp_loss":0.0,"gold_gain":0.0,"event_name":"Forgotten Altar","player_choice":"Shed Blood","floor":19.0,"gold_loss":0.0,"damage_taken":19.0},{"damage_healed":0.0,"max_hp_gain":0.0,"max_hp_loss":0.0,"gold_gain":0.0,"event_name":"The Mausoleum","player_choice":"Opened","floor":21.0,"gold_loss":0.0,"damage_taken":0.0,"relics_obtained":["Matryoshka"]},{"damage_healed":0.0,"max_hp_gain":0.0,"max_hp_loss":0.0,"gold_gain":0.0,"event_name":"Tomb of Lord Red Mask","player_choice":"Ignored","floor":36.0,"gold_loss":0.0,"damage_taken":0.0}],"is_beta":false,"boss_relics":[{"not_picked":["Lizard Tail","White Beast Statue"],"picked":"Fusion Hammer"},{"not_picked":["Pandora\u0027s Box","Coffee Dripper"],"picked":"Nuclear Battery"}],"items_purged_floors":[12,39],"is_endless":false,"potions_floor_spawned":[3,4,5,22,23,25,29,30,35,40,47],"killed_by":"The Heart","ascension_level":12}