{"gold_per_floor":[112,112,112,131,156,156,12,12,37,53,53,94,94,94,94,222,222,236,31,45,45,45,45,61,61,61,61,12,46,46,66,66,66],"floor_reached":33,"playtime":1592,"items_purged":[],"score":405,"play_id":"2ff62ba2-864a-4d12-b485-84b24205693f","local_time":"20190306033131","is_ascension_mode":true,"campfire_choices":[{"data":"Uppercut","floor":6,"key":"SMITH"},{"data":"Hemokinesis","floor":8,"key":"SMITH"},{"data":"True Grit","floor":11,"key":"SMITH"},{"data":"Rupture","floor":13,"key":"SMITH"},{"floor":15,"key":"REST"},{"data":"J.A.X.","floor":23,"key":"SMITH"},{"data":"Bash","floor":25,"key":"SMITH"},{"floor":32,"key":"REST"}],"neow_cost":"NONE","seed_source_timestamp":3941098603625,"circlet_count":0,"master_deck":["AscendersBane","Strike_R+1","Strike_R+1","Strike_R+1","Strike_R+1","Strike_R+1","Defend_R+1","Defend_R+1","Defend_R+1","Defend_R+1","Bash+1","Cleave+1","Rupture+1","Hemokinesis+1","Uppercut+1","True Grit+1","Brutality","J.A.X.+1","Rupture","Writhe"],"relics":["Burning Blood","Bloody Idol","Anchor","Juzu Bracelet","Lantern","Centennial Puzzle","Black Star","Lee\u0027s Waffle","Art of War","Shuriken","Strawberry","Bronze Scales"],"potions_floor_usage":[5,12,12,18,29,33],"damage_taken":[{"damage":3,"enemies":"2 Louse","floor":1,"turns":2},{"damage":10,"enemies":"Small Slimes","floor":4,"turns":3},{"damage":3,"enemies":"Cultist","floor":5,"turns":2},{"damage":5,"enemies":"Exordium Thugs","floor":10,"turns":4},{"damage":3,"enemies":"3 Sentries","floor":12,"turns":5},{"damage":54,"enemies":"Hexaghost","floor":16,"turns":9},{"damage":12,"enemies":"2 Thieves","floor":18,"turns":5},{"damage":17,"enemies":"3 Byrds","floor":20,"turns":7},{"damage":10,"enemies":"Cultist and Chosen","floor":24,"turns":4},{"damage":35,"enemies":"Slavers","floor":29,"turns":6},{"damage":30,"enemies":"Centurion and Healer","floor":31,"turns":4},{"damage":82,"enemies":"Collector","floor":33,"turns":6}],"seed_played":"1602317890386710131","potions_obtained":[{"floor":1,"key":"Strength Potion"},{"floor":4,"key":"AttackPotion"},{"floor":5,"key":"Energy Potion"},{"floor":12,"key":"SpeedPotion"},{"floor":29,"key":"EssenceOfSteel"}],"is_trial":false,"path_per_floor":["M","?","?","M","M","R","$","R","T","M","R","E","R","?","R","B",null,"M","$","M","?","?","R","M","R","T","?","$","E","?","M","R","B"],"character_chosen":"IRONCLAD","items_purchased":["Anchor","Lee\u0027s Waffle","Block Potion"],"campfire_rested":2,"item_purchase_floors":[7,19,28],"current_hp_per_floor":[75,55,55,51,54,54,54,54,54,55,55,58,58,51,75,27,67,61,87,76,76,76,76,77,77,77,77,77,60,60,41,69,0],"gold":66,"neow_bonus":"THREE_CARDS","is_prod":false,"is_daily":false,"chose_seed":false,"campfire_upgraded":6,"win_rate":0,"timestamp":1551864691,"path_taken":["M","?","?","M","?","R","?","R","T","M","R","E","R","?","R","BOSS","M","$","M","?","?","R","M","R","T","?","$","E","?","M","R","BOSS"],"build_version":"2019-01-23","purchased_purges":0,"victory":false,"max_hp_per_floor":[80,80,80,80,80,80,80,80,80,80,80,80,80,80,80,80,80,80,87,87,87,87,87,87,87,87,87,87,94,94,94,94,94],"card_choices":[{"not_picked":["Perfected Strike","Hemokinesis"],"picked":"Cleave","floor":0},{"not_picked":["Seeing Red","Feel No Pain"],"picked":"Rupture","floor":1},{"not_picked":["Carnage","Perfected Strike"],"picked":"Hemokinesis","floor":4},{"not_picked":["Headbutt","Clothesline"],"picked":"Uppercut","floor":5},{"not_picked":["Battle Trance","Rage"],"picked":"True Grit","floor":10},{"not_picked":["Anger","Pommel Strike","Barricade"],"picked":"SKIP","floor":12},{"not_picked":["Impervious","Exhume"],"picked":"Brutality","floor":16},{"not_picked":["Heavy Blade","Clothesline","Rampage+1"],"picked":"SKIP","floor":18},{"not_picked":["Iron Wave","Perfected Strike","Clash"],"picked":"SKIP","floor":20},{"not_picked":["Armaments","Havoc+1","Spot Weakness"],"picked":"SKIP","floor":24},{"not_picked":["Body Slam+1","Spot Weakness"],"picked":"Rupture","floor":29},{"not_picked":["Rupture","Seeing Red","Feed"],"picked":"SKIP","floor":31}],"player_experience":198236,"relics_obtained":[{"floor":9,"key":"Juzu Bracelet"},{"floor":12,"key":"Lantern"},{"floor":26,"key":"Art of War"},{"floor":29,"key":"Shuriken"},{"floor":29,"key":"Strawberry"}],"event_choices":[{"damage_healed":0,"gold_gain":0,"player_choice":"Take Damage","damage_taken":20,"relics_obtained":["Golden Idol"],"max_hp_gain":0,"max_hp_loss":0,"event_name":"Golden Idol","floor":2,"gold_loss":0},{"damage_healed":0,"gold_gain":0,"player_choice":"Forge","damage_taken":0,"max_hp_gain":0,"max_hp_loss":0,"event_name":"Accursed Blacksmith","floor":3,"gold_loss":0,"cards_upgraded":["Cleave"]},{"damage_healed":0,"gold_gain":0,"player_choice":"Success","damage_taken":7,"relics_obtained":["Centennial Puzzle"],"max_hp_gain":0,"max_hp_loss":0,"event_name":"Scrap Ooze","floor":14,"gold_loss":0},{"damage_healed":0,"gold_gain":0,"player_choice":"Obtain J.A.X.","damage_taken":0,"max_hp_gain":0,"max_hp_loss":0,"event_name":"Drug Dealer","floor":21,"gold_loss":0,"cards_obtained":["J.A.X."]},{"damage_healed":0,"gold_gain":0,"player_choice":"Gave Idol","damage_taken":0,"relics_obtained":["Bloody Idol"],"max_hp_gain":0,"max_hp_loss":0,"event_name":"Forgotten Altar","floor":22,"relics_lost":["Golden Idol"],"gold_loss":0},{"damage_healed":0,"gold_gain":0,"player_choice":"Simplicity","damage_taken":0,"max_hp_gain":0,"max_hp_loss":0,"event_name":"Back to Basics","floor":27,"gold_loss":0,"cards_upgraded":["Strike_R","Strike_R","Strike_R","Strike_R","Strike_R","Defend_R","Defend_R","Defend_R","Defend_R"]},{"damage_healed":0,"gold_gain":0,"player_choice":"Opened","damage_taken":0,"relics_obtained":["Bronze Scales"],"max_hp_gain":0,"max_hp_loss":0,"event_name":"The Mausoleum","floor":30,"gold_loss":0,"cards_obtained":["Writhe"]}],"is_beta":false,"boss_relics":[{"not_picked":["Pandora\u0027s Box","Runic Dome"],"picked":"Black Star"}],"items_purged_floors":[],"is_endless":false,"potions_floor_spawned":[1,4,5,12,29],"killed_by":"Collector","ascension_level":11}