{"gold_per_floor":[119,136,136,150,5,5,19,19,19,38,54,54,67,101,101,200,200,212,88,105,105,121,121,149,149,173,173,173,188,63,74,74,171,171,188,198,214,64,64,64,81,96,173,173,173,173,188,206,206,206,206,206,31,65,65],"floor_reached":55,"playtime":3722,"items_purged":["Strike_B","Defend_B","Defend_B","Zap","Self Repair"],"score":673,"play_id":"27e6ca41-2893-446d-8010-042d8c13d5a2","local_time":"20181223192204","is_ascension_mode":false,"campfire_choices":[{"data":"Defragment","floor":6,"key":"SMITH"},{"data":"Conserve Battery","floor":12,"key":"SMITH"},{"floor":15,"key":"RECALL"},{"data":"Gash","floor":23,"key":"SMITH"},{"floor":27,"key":"REST"},{"data":"Blizzard","floor":32,"key":"SMITH"},{"floor":44,"key":"REST"},{"data":"Blizzard","floor":46,"key":"SMITH"},{"data":"Buffer","floor":49,"key":"SMITH"},{"data":"Conserve Battery","floor":52,"key":"SMITH"}],"neow_cost":"NONE","seed_source_timestamp":117871258622828,"circlet_count":0,"master_deck":["Strike_B","Strike_B","Dualcast","Conserve Battery+1","Cold Snap","Defragment+1","Coolheaded","Conserve Battery+1","Conserve Battery","Coolheaded","Defragment+1","Gash+1","Blizzard+1","Clumsy","Blizzard+1","Gash","Buffer+1","Blizzard+1","Cold Snap"],"relics":["Cracked Core","Orichalcum","Kunai","Cursed Key","Pen Nib","Omamori","Inserter","Blue Candle","Gremlin Horn"],"potions_floor_usage":[7,16,16,24,29,29,29,31,36,37,42,48],"damage_taken":[{"damage":0,"enemies":"Cultist","floor":1,"turns":3},{"damage":6,"enemies":"Jaw Worm","floor":2,"turns":4},{"damage":0,"enemies":"2 Louse","floor":4,"turns":3},{"damage":0,"enemies":"Lots of Slimes","floor":7,"turns":4},{"damage":5,"enemies":"Looter","floor":10,"turns":3},{"damage":2,"enemies":"Blue Slaver","floor":11,"turns":3},{"damage":2,"enemies":"2 Fungi Beasts","floor":13,"turns":4},{"damage":9,"enemies":"3 Sentries","floor":14,"turns":14},{"damage":5,"enemies":"The Guardian","floor":16,"turns":18},{"damage":0,"enemies":"Shell Parasite","floor":18,"turns":9},{"damage":0,"enemies":"Spheric Guardian","floor":20,"turns":7},{"damage":1,"enemies":"Centurion and Healer","floor":22,"turns":18},{"damage":75,"enemies":"Gremlin Leader","floor":24,"turns":12},{"damage":5,"enemies":"Snake Plant","floor":29,"turns":6},{"damage":0,"enemies":"Snecko","floor":31,"turns":8},{"damage":8,"enemies":"Collector","floor":33,"turns":13},{"damage":1,"enemies":"3 Shapes","floor":35,"turns":5},{"damage":43,"enemies":"3 Darklings","floor":36,"turns":8},{"damage":15,"enemies":"Sphere and 2 Shapes","floor":37,"turns":6},{"damage":0,"enemies":"Transient","floor":41,"turns":5},{"damage":0,"enemies":"Jaw Worm Horde","floor":42,"turns":4},{"damage":1,"enemies":"Maw","floor":47,"turns":9},{"damage":0,"enemies":"Spire Growth","floor":48,"turns":6},{"damage":17,"enemies":"Donu and Deca","floor":50,"turns":12},{"damage":58,"enemies":"Shield and Spear","floor":54,"turns":9},{"damage":56,"enemies":"The Heart","floor":55,"turns":2}],"seed_played":"-1379116326148995427","potions_obtained":[{"floor":1,"key":"GamblersBrew"},{"floor":4,"key":"SkillPotion"},{"floor":7,"key":"Poison Potion"},{"floor":14,"key":"Fruit Juice"},{"floor":16,"key":"Weak Potion"},{"floor":18,"key":"Fire Potion"},{"floor":22,"key":"Regen Potion"},{"floor":24,"key":"Dexterity Potion"},{"floor":29,"key":"GamblersBrew"},{"floor":35,"key":"SkillPotion"},{"floor":36,"key":"Weak Potion"},{"floor":41,"key":"SkillPotion"},{"floor":47,"key":"EssenceOfSteel"},{"floor":48,"key":"SmokeBomb"}],"is_trial":false,"path_per_floor":["M","M","?","M","$","R","M","T","T","M","M","R","M","E","R","B",null,"M","$","M","?","M","R","E","?","T","R","?","M","$","M","R","B",null,"M","M","M","$","?","?","M","M","T","R","?","R","M","M","R","B",null,"R","$","E","B"],"character_chosen":"DEFECT","items_purchased":["Defragment","Coolheaded"],"campfire_rested":2,"item_purchase_floors":[5,19],"current_hp_per_floor":[82,82,82,82,82,82,82,82,82,77,82,82,82,80,80,87,87,87,87,87,70,76,76,8,8,8,35,35,52,52,59,59,58,92,92,56,48,48,48,48,55,55,55,81,81,81,87,87,87,77,87,87,87,29,0],"gold":65,"neow_bonus":"TEN_PERCENT_HP_BONUS","is_prod":false,"is_daily":false,"chose_seed":false,"campfire_upgraded":7,"win_rate":0,"timestamp":1545610924,"path_taken":["M","?","?","M","?","R","M","?","T","M","M","R","M","E","R","BOSS","M","$","M","?","M","R","E","?","T","R","?","M","$","?","R","BOSS","M","M","M","$","?","?","M","M","T","R","?","R","M","M","R","BOSS","R","$","E","BOSS"],"build_version":"2018-12-20","purchased_purges":5,"victory":false,"max_hp_per_floor":[82,82,82,82,82,82,82,82,82,82,82,82,82,82,82,87,87,87,87,87,92,92,92,92,92,92,92,92,92,92,92,92,92,92,92,92,92,92,87,87,87,87,87,87,87,87,87,87,87,87,87,87,87,87,87],"card_choices":[{"not_picked":["Auto Shields","Steam"],"picked":"Self Repair","floor":1},{"not_picked":["Barrage","Beam Cell"],"picked":"Conserve Battery","floor":2},{"not_picked":["Double Energy","Heatsinks"],"picked":"Cold Snap","floor":4},{"not_picked":["Lockon","Leap"],"picked":"Coolheaded","floor":7},{"not_picked":["Stack","Go for the Eyes","Scrape"],"picked":"SKIP","floor":10},{"not_picked":["Hologram","Fusion"],"picked":"Conserve Battery","floor":11},{"not_picked":["Reprogram","Redo"],"picked":"Conserve Battery","floor":13},{"not_picked":["Steam","Recycle","Doom and Gloom"],"picked":"SKIP","floor":14},{"not_picked":["Streamline","Lockon","Go for the Eyes"],"picked":"SKIP","floor":18},{"not_picked":["Leap+1","Compile Driver+1"],"picked":"Defragment+1","floor":20},{"not_picked":["Conserve Battery+1","Rebound+1"],"picked":"Gash","floor":22},{"not_picked":["Conserve Battery","Compile Driver"],"picked":"Blizzard","floor":24},{"not_picked":["Steam+1","Chaos","Turbo+1"],"picked":"SKIP","floor":29},{"not_picked":["Storm","Hologram"],"picked":"Gash","floor":31},{"not_picked":["Machine Learning","Hyperbeam"],"picked":"Buffer","floor":33},{"not_picked":["Hologram+1","Darkness+1","Melter+1"],"picked":"SKIP","floor":35},{"not_picked":["Go for the Eyes","Turbo+1"],"picked":"Blizzard+1","floor":36},{"not_picked":["Reprogram","Auto Shields"],"picked":"Cold Snap","floor":37},{"not_picked":["Chaos+1","White Noise","Scrape"],"picked":"SKIP","floor":41},{"not_picked":["Auto Shields+1","Steam+1","Redo"],"picked":"SKIP","floor":42},{"not_picked":["Reinforced Body+1","Chaos+1","Scrape+1"],"picked":"SKIP","floor":47},{"not_picked":["Redo+1","Ball Lightning","Stack"],"picked":"SKIP","floor":48},{"not_picked":["Rip and Tear","Loop","Fusion+1"],"picked":"SKIP","floor":54}],"player_experience":349348,"relics_obtained":[{"floor":9,"key":"Orichalcum"},{"floor":14,"key":"Kunai"},{"floor":24,"key":"Pen Nib"},{"floor":26,"key":"Omamori"},{"floor":43,"key":"Blue Candle"},{"floor":54,"key":"Gremlin Horn"}],"event_choices":[{"cards_removed":["Defend_B"],"damage_healed":0,"gold_gain":0,"player_choice":"Purged","damage_taken":0,"max_hp_gain":0,"max_hp_loss":0,"event_name":"Purifier","floor":3,"gold_loss":0},{"damage_healed":0,"gold_gain":0,"player_choice":"Shed Blood","damage_taken":22,"max_hp_gain":5,"max_hp_loss":0,"event_name":"Forgotten Altar","floor":21,"gold_loss":0},{"cards_removed":["Defend_B"],"damage_healed":0,"gold_gain":0,"player_choice":"Elegance","damage_taken":0,"max_hp_gain":0,"max_hp_loss":0,"event_name":"Back to Basics","floor":25,"gold_loss":0},{"damage_healed":0,"gold_gain":0,"player_choice":"Copied","damage_taken":0,"max_hp_gain":0,"max_hp_loss":0,"event_name":"Duplicator","floor":28,"gold_loss":0,"cards_obtained":["Blizzard"]},{"damage_healed":0,"gold_gain":0,"player_choice":"Max HP","damage_taken":0,"max_hp_gain":0,"max_hp_loss":5,"event_name":"Winding Halls","floor":39,"gold_loss":0},{"damage_healed":0,"gold_gain":0,"player_choice":"Memory 1","damage_taken":0,"max_hp_gain":0,"max_hp_loss":0,"event_name":"SensoryStone","floor":40,"gold_loss":0},{"cards_removed":["Strike_B"],"damage_healed":0,"gold_gain":0,"player_choice":"Removed Attack","damage_taken":0,"max_hp_gain":0,"max_hp_loss":0,"event_name":"Falling","floor":45,"gold_loss":0}],"is_beta":false,"boss_relics":[{"not_picked":["Snecko Eye","Lizard Tail"],"picked":"Cursed Key"},{"not_picked":["Sozu","Empty Cage"],"picked":"Inserter"}],"items_purged_floors":[5,19,30,38,53],"is_endless":false,"potions_floor_spawned":[1,4,7,14,16,18,22,24,29,35,36,41,47,48],"killed_by":"The Heart","ascension_level":0}