{"gold_per_floor":[116,116,116,128,140,181,193,233,245,269,306,333,345,377,389,498,510,533,192,211,231,231,231,231,259,308,308,327,327,227,258,258,359,359,372,389,489,489,540,540,567,567,567,29,47,57,57,89,89,89],"floor_reached":51,"playtime":11134,"items_purged":["Strike_G","Strike_G","Doppelganger"],"score":1109,"play_id":"132a1165-4dfc-4f06-9ffc-2fd859ae1b80","local_time":"20190308144002","is_ascension_mode":true,"campfire_choices":[{"data":"Skewer","floor":7,"key":"SMITH"},{"data":"Leg Sweep","floor":13,"key":"SMITH"},{"data":"Crippling Poison","floor":15,"key":"SMITH"},{"data":"Noxious Fumes","floor":23,"key":"SMITH"},{"data":"Accuracy","floor":27,"key":"SMITH"},{"data":"Malaise","floor":32,"key":"SMITH"},{"data":"Bandage Up","floor":40,"key":"SMITH"},{"data":"Blur","floor":42,"key":"SMITH"},{"floor":49,"key":"REST"}],"neow_cost":"NONE","seed_source_timestamp":97991601613378,"circlet_count":0,"master_deck":["Survivor","Neutralize+1","Crippling Poison+1","Malaise","Skewer+1","Leg Sweep+1","Caltrops","Malaise+1","Die Die Die+1","Accuracy+1","Infinite Blades","Bandage Up+1","Noxious Fumes+1","Well Laid Plans","Backflip","Noxious Fumes+1","Backflip","Backflip","Blur+1","Bane+1","Choke+1","Underhanded Strike+1","Noxious Fumes","Cloak And Dagger+1","Bane+1","Dagger Throw+1","Panache","Flash of Steel+1","Dodge and Roll","Footwork+1","Poisoned Stab+1","Terror","Madness","Madness","Blur"],"relics":["Ring of the Snake","NeowsBlessing","MawBank","Mummified Hand","The Specimen","Orichalcum","Kunai","Ninja Scroll","Velvet Choker","Regal Pillow","Nilry\u0027s Codex","Molten Egg 2","Snake Skull","Ancient Tea Set","Pandora\u0027s Box","Mango","Incense Burner","The Courier","Whetstone","OrangePellets","Pantograph","Gambling Chip"],"potions_floor_usage":[16,16,16,28,31,39,39,45,48,50],"damage_taken":[{"damage":0,"enemies":"2 Louse","floor":1,"turns":1},{"damage":0,"enemies":"Lagavulin","floor":6,"turns":1},{"damage":0,"enemies":"Gremlin Nob","floor":8,"turns":1},{"damage":0,"enemies":"Small Slimes","floor":10,"turns":5},{"damage":14,"enemies":"Lagavulin","floor":11,"turns":10},{"damage":0,"enemies":"Jaw Worm","floor":12,"turns":2},{"damage":0,"enemies":"Blue Slaver","floor":14,"turns":4},{"damage":12,"enemies":"Slime Boss","floor":16,"turns":19},{"damage":0,"enemies":"3 Byrds","floor":18,"turns":2},{"damage":0,"enemies":"Spheric Guardian","floor":20,"turns":6},{"damage":6,"enemies":"Cultist and Chosen","floor":21,"turns":6},{"damage":0,"enemies":"Gremlin Leader","floor":25,"turns":5},{"damage":6,"enemies":"3 Cultists","floor":28,"turns":3},{"damage":0,"enemies":"Book of Stabbing","floor":31,"turns":5},{"damage":45,"enemies":"Automaton","floor":33,"turns":7},{"damage":0,"enemies":"3 Shapes","floor":35,"turns":2},{"damage":8,"enemies":"Orb Walker","floor":36,"turns":4},{"damage":3,"enemies":"Mind Bloom Boss Battle","floor":37,"turns":6},{"damage":47,"enemies":"2 Orb Walkers","floor":39,"turns":5},{"damage":5,"enemies":"Nemesis","floor":41,"turns":7},{"damage":4,"enemies":"Sphere and 2 Shapes","floor":45,"turns":3},{"damage":3,"enemies":"Writhing Mass","floor":46,"turns":6},{"damage":11,"enemies":"Reptomancer","floor":48,"turns":7},{"damage":41,"enemies":"Donu and Deca","floor":50,"turns":8}],"seed_played":"-5659304370744748861","potions_obtained":[{"floor":1,"key":"GhostInAJar"},{"floor":11,"key":"AttackPotion"},{"floor":14,"key":"PowerPotion"},{"floor":16,"key":"GamblersBrew"},{"floor":18,"key":"Weak Potion"},{"floor":21,"key":"Poison Potion"},{"floor":36,"key":"Regen Potion"},{"floor":37,"key":"FearPotion"},{"floor":45,"key":"SkillPotion"},{"floor":46,"key":"Dexterity Potion"}],"is_trial":false,"path_per_floor":["M","?","?","$","T","E","R","E","T","M","E","M","R","M","R","B",null,"M","$","M","M","?","R","?","E","T","R","M","?","$","E","R","B",null,"M","M","?","?","?","R","E","R","T","$","M","M","?","E","R","B",null],"character_chosen":"THE_SILENT","items_purchased":["Regal Pillow","Infinite Blades","Bandage Up","OrangePellets","Pantograph","SpeedPotion","PowerPotion"],"campfire_rested":1,"item_purchase_floors":[19,19,19,44,44,44,44],"current_hp_per_floor":[63,63,45,45,45,45,45,45,45,45,31,31,31,31,31,19,57,57,57,61,59,59,59,43,47,47,47,45,45,45,49,49,8,55,59,55,70,65,37,37,38,38,38,38,34,37,26,21,61,43],"gold":89,"neow_bonus":"THREE_ENEMY_KILL","is_prod":false,"is_daily":false,"chose_seed":false,"campfire_upgraded":8,"win_rate":0,"timestamp":1552056002,"path_taken":["M","?","?","$","?","E","R","E","T","M","E","M","R","M","R","BOSS","M","$","M","M","?","R","?","E","T","R","M","?","$","E","R","BOSS","M","?","?","?","?","R","E","R","T","$","M","M","?","E","R","BOSS"],"build_version":"2019-01-23","purchased_purges":3,"victory":true,"max_hp_per_floor":[70,70,70,70,70,70,70,70,70,70,70,70,70,70,70,70,70,70,70,70,70,70,70,70,70,70,70,70,70,70,70,70,70,70,70,70,84,84,84,84,84,84,84,84,84,84,84,84,84,84],"card_choices":[{"not_picked":["Flying Knee","Outmaneuver"],"picked":"Crippling Poison","floor":1},{"not_picked":["Acrobatics","Backflip"],"picked":"Skewer","floor":6},{"not_picked":["Bane","Bouncing Flask"],"picked":"Leg Sweep","floor":8},{"not_picked":["PiercingWail","Underhanded Strike"],"picked":"Caltrops","floor":10},{"not_picked":["Deadly Poison","Predator","Quick Slash"],"picked":"SKIP","floor":11},{"not_picked":["Blade Dance","Riddle With Holes"],"picked":"Malaise","floor":12},{"not_picked":["Slice","Finisher","Backstab"],"picked":"SKIP","floor":14},{"not_picked":["Phantasmal Killer","Grand Finale"],"picked":"Die Die Die","floor":16},{"not_picked":["Prepared","Crippling Poison"],"picked":"Accuracy","floor":18},{"not_picked":["Dagger Spray","Crippling Poison"],"picked":"Noxious Fumes","floor":20},{"not_picked":["Deflect+1","Underhanded Strike","Prepared"],"picked":"SKIP","floor":21},{"not_picked":["Dodge and Roll","Quick Slash+1"],"picked":"Backflip","floor":25},{"not_picked":["Predator+1","Deflect","Backflip"],"picked":"SKIP","floor":28},{"not_picked":["Caltrops+1","Underhanded Strike+1"],"picked":"Backflip","floor":31},{"not_picked":["Outmaneuver+1","Prepared"],"picked":"Cloak And Dagger+1","floor":35},{"not_picked":["Dodge and Roll","Flying Knee+1"],"picked":"Bane+1","floor":36},{"not_picked":["Skewer+1","Slice+1"],"picked":"Dagger Throw+1","floor":37},{"not_picked":["Transmutation","Enlightenment"],"picked":"Panache","floor":38},{"not_picked":["PanicButton","Finesse"],"picked":"Flash of Steel+1","floor":38},{"not_picked":["Poisoned Stab+1","Slice+1"],"picked":"Dodge and Roll","floor":39},{"not_picked":["Noxious Fumes+1","Prepared+1"],"picked":"Footwork+1","floor":41},{"not_picked":["Sucker Punch+1","Riddle With Holes+1"],"picked":"Poisoned Stab+1","floor":45},{"not_picked":["Dagger Spray+1","Flying Knee+1"],"picked":"Terror","floor":46},{"not_picked":["Concentrate","Eviscerate+1"],"picked":"Blur","floor":48}],"player_experience":523831,"relics_obtained":[{"floor":5,"key":"Mummified Hand"},{"floor":6,"key":"The Specimen"},{"floor":8,"key":"Orichalcum"},{"floor":9,"key":"Kunai"},{"floor":11,"key":"Ninja Scroll"},{"floor":24,"key":"Nilry\u0027s Codex"},{"floor":25,"key":"Molten Egg 2"},{"floor":26,"key":"Snake Skull"},{"floor":31,"key":"Ancient Tea Set"},{"floor":37,"key":"Mango"},{"floor":39,"key":"Incense Burner"},{"floor":41,"key":"The Courier"},{"floor":43,"key":"Whetstone"},{"floor":48,"key":"Gambling Chip"}],"event_choices":[{"damage_healed":0,"gold_gain":0,"cards_transformed":["Strike_G"],"player_choice":"Change","damage_taken":0,"max_hp_gain":0,"max_hp_loss":0,"event_name":"Living Wall","floor":2,"gold_loss":0,"cards_obtained":["Malaise"]},{"damage_healed":0,"gold_gain":0,"player_choice":"Success","damage_taken":18,"relics_obtained":["MawBank"],"max_hp_gain":0,"max_hp_loss":0,"event_name":"Scrap Ooze","floor":3,"gold_loss":0},{"damage_healed":0,"gold_gain":0,"player_choice":"Read","damage_taken":0,"max_hp_gain":0,"max_hp_loss":0,"event_name":"The Library","floor":22,"gold_loss":0,"cards_obtained":["Well Laid Plans"]},{"damage_healed":0,"gold_gain":0,"player_choice":"Obtained Book","damage_taken":16,"max_hp_gain":0,"max_hp_loss":0,"event_name":"Cursed Tome","floor":24,"gold_loss":0},{"damage_healed":0,"gold_gain":0,"player_choice":"Copied","damage_taken":0,"max_hp_gain":0,"max_hp_loss":0,"event_name":"Duplicator","floor":29,"gold_loss":0,"cards_obtained":["Noxious Fumes"]},{"damage_healed":0,"gold_gain":0,"player_choice":"Fight","damage_taken":0,"max_hp_gain":0,"max_hp_loss":0,"event_name":"MindBloom","floor":37,"gold_loss":0},{"damage_healed":0,"gold_gain":0,"player_choice":"Memory 2","damage_taken":5,"max_hp_gain":0,"max_hp_loss":0,"event_name":"SensoryStone","floor":38,"gold_loss":0},{"damage_healed":0,"gold_gain":0,"player_choice":"Fight","damage_taken":0,"max_hp_gain":0,"max_hp_loss":0,"event_name":"Mysterious Sphere","floor":39,"gold_loss":0},{"damage_healed":0,"gold_gain":0,"player_choice":"Embrace Madness","damage_taken":11,"max_hp_gain":0,"max_hp_loss":0,"event_name":"Winding Halls","floor":47,"gold_loss":0,"cards_obtained":["Madness","Madness"]}],"is_beta":false,"boss_relics":[{"not_picked":["Sozu","Lizard Tail"],"picked":"Velvet Choker"},{"not_picked":["Tiny House","Runic Dome"],"picked":"Pandora\u0027s Box"}],"items_purged_floors":[19,30,44],"is_endless":false,"potions_floor_spawned":[1,11,14,16,18,21,36,37,45,46],"ascension_level":6}