{"gold_per_floor":[211,222,246,9,33,67,87,98,123,141,155,218,235,250,250,250],"floor_reached":16,"playtime":645,"items_purged":["Defend_G"],"score":212,"play_id":"a197cb9e-59e8-485d-bfa8-b5f51a33b491","local_time":"20181018164848","is_ascension_mode":true,"campfire_choices":[{"data":"Skewer","floor":15.0,"key":"SMITH"}],"neow_cost":"NONE","seed_source_timestamp":135861766604982,"circlet_count":0,"master_deck":["Defend_G","Defend_G","Defend_G","Defend_G","Strike_G","Strike_G","Strike_G","Strike_G","Strike_G","Survivor","Neutralize","AscendersBane","Skewer+1","Well Laid Plans","Masterful Stab","Leg Sweep","Dagger Throw","Deflect"],"special_seed":0,"relics":["Ring of the Snake","Potion Belt","Pen Nib","Art of War","Snake Skull"],"potions_floor_usage":[16,16,16,16],"damage_taken":[{"damage":2.0,"enemies":"Cultist","floor":1.0,"turns":5.0},{"damage":0.0,"enemies":"Jaw Worm","floor":2.0,"turns":5.0},{"damage":32.0,"enemies":"Lagavulin","floor":6.0,"turns":7.0},{"damage":0.0,"enemies":"2 Louse","floor":7.0,"turns":2.0},{"damage":9.0,"enemies":"Exordium Thugs","floor":8.0,"turns":5.0},{"damage":0.0,"enemies":"Large Slime","floor":10.0,"turns":6.0},{"damage":3.0,"enemies":"2 Fungi Beasts","floor":11.0,"turns":3.0},{"damage":5.0,"enemies":"Blue Slaver","floor":13.0,"turns":4.0},{"damage":0.0,"enemies":"3 Louse","floor":14.0,"turns":2.0},{"damage":14,"enemies":"Slime Boss","floor":16,"turns":6}],"seed_played":"-1866188496252707643","potions_obtained":[{"floor":1.0,"key":"PowerPotion"},{"floor":2.0,"key":"Block Potion"},{"floor":6.0,"key":"Strength Potion"},{"floor":8.0,"key":"Poison Potion"},{"floor":11.0,"key":"AttackPotion"}],"is_trial":false,"path_per_floor":["M","M","T","$","T","E","M","M","T","M","M","?","M","M","R"],"character_chosen":"THE_SILENT","items_purchased":["Masterful Stab","GhostInAJar"],"campfire_rested":0,"item_purchase_floors":[4,4],"current_hp_per_floor":[57,57,57,57,57,25,25,16,16,16,13,13,8,8,8,0],"gold":250,"neow_bonus":"HUNDRED_GOLD","is_prod":false,"is_daily":false,"chose_seed":false,"campfire_upgraded":1,"win_rate":0,"timestamp":1539848928,"path_taken":["M","M","?","$","?","E","M","M","T","M","?","?","M","M","R","BOSS"],"build_version":"2018-10-11","purchased_purges":1,"victory":false,"max_hp_per_floor":[66,66,66,66,66,66,66,66,66,66,66,66,66,66,66,66],"card_choices":[{"not_picked":["Backstab","Underhanded Strike"],"picked":"Skewer","floor":1.0},{"not_picked":["Quick Slash","Distraction"],"picked":"Well Laid Plans","floor":2.0},{"not_picked":["Predator","Tactician"],"picked":"Leg Sweep","floor":6.0},{"not_picked":["Outmaneuver","Crippling Poison"],"picked":"Dagger Throw","floor":7.0},{"not_picked":["Dodge and Roll","Poisoned Stab"],"picked":"Deflect","floor":8.0},{"not_picked":["Slice","Setup","Underhanded Strike"],"picked":"SKIP","floor":10.0},{"not_picked":["Crippling Poison","Skewer","Underhanded Strike"],"picked":"SKIP","floor":11.0},{"not_picked":["Tactician","Slice","Prepared"],"picked":"SKIP","floor":13.0},{"not_picked":["PiercingWail","Deadly Poison","Slice"],"picked":"SKIP","floor":14.0}],"player_experience":707230,"relics_obtained":[{"floor":3.0,"key":"Potion Belt"},{"floor":5.0,"key":"Pen Nib"},{"floor":6.0,"key":"Art of War"},{"floor":9.0,"key":"Snake Skull"}],"event_choices":[{"event_name":"Golden Wing","player_choice":"Gained Gold","floor":12.0,"damage_taken":0.0}],"is_beta":false,"boss_relics":[],"items_purged_floors":[4],"is_endless":false,"potions_floor_spawned":[1,2,6,8,11],"killed_by":"Slime Boss","ascension_level":20}