{"gold_per_floor":[15,27,38,48,68,95,95,111,136,136,155,5,24,55,55,160,160,85,10,21,21],"floor_reached":21,"playtime":1472,"items_purged":["Decay"],"score":228,"play_id":"15a49e62-649e-4647-bd6d-732d19e8f5eb","local_time":"20180923010918","is_ascension_mode":true,"campfire_choices":[{"data":"Streamline","floor":7,"key":"SMITH"},{"data":"Capacitor","floor":10,"key":"SMITH"},{"floor":15,"key":"REST"}],"neow_cost":"NO_GOLD","seed_source_timestamp":333341566409400,"circlet_count":0,"master_deck":["Strike_B+1","Strike_B","Strike_B","Strike_B","Defend_B","Defend_B","Defend_B","Defend_B","Zap","Dualcast","Go for the Eyes+1","Gash","Capacitor+1","Streamline+1","Cold Snap","Coolheaded","Go for the Eyes","Gash","Gash","Self Repair","Creative AI","Writhe","Writhe","Ball Lightning+1"],"relics":["Cracked Core","Whetstone","Boot","Ancient Tea Set","PreservedInsect","Calling Bell","Blood Vial","Singing Bowl","Shovel"],"potions_floor_usage":[6,14,16],"damage_taken":[{"damage":0,"enemies":"Cultist","floor":1,"turns":3},{"damage":0,"enemies":"Jaw Worm","floor":2,"turns":4},{"damage":8,"enemies":"2 Louse","floor":3,"turns":2},{"damage":5,"enemies":"Looter","floor":4,"turns":4},{"damage":7,"enemies":"Blue Slaver","floor":5,"turns":3},{"damage":6,"enemies":"Gremlin Nob","floor":6,"turns":4},{"damage":16,"enemies":"Gremlin Gang","floor":8,"turns":5},{"damage":7,"enemies":"Looter","floor":11,"turns":2},{"damage":5,"enemies":"3 Louse","floor":13,"turns":2},{"damage":15,"enemies":"3 Sentries","floor":14,"turns":5},{"damage":16,"enemies":"Slime Boss","floor":16,"turns":11},{"damage":49,"enemies":"2 Thieves","floor":18,"turns":5},{"damage":29,"enemies":"Spheric Guardian","floor":20,"turns":5},{"damage":35,"enemies":"3 Cultists","floor":21,"turns":4}],"seed_played":"-1213851572893844983","potions_obtained":[{"floor":2,"key":"SteroidPotion"},{"floor":3,"key":"Block Potion"},{"floor":11,"key":"Strength Potion"},{"floor":13,"key":"SpeedPotion"},{"floor":14,"key":"Explosive Potion"}],"is_trial":false,"path_per_floor":["M","M","M","M","M","E","R","M","T","R","M","$","M","E","R","B",null,"M","$","M"],"character_chosen":"DEFECT","items_purchased":["Ancient Tea Set"],"campfire_rested":1,"item_purchase_floors":[12],"current_hp_per_floor":[89,89,81,76,69,63,63,47,47,47,40,40,35,20,46,37,89,49,49,29,0],"gold":21,"neow_bonus":"TWENTY_PERCENT_HP_BONUS","is_prod":false,"is_daily":false,"chose_seed":false,"campfire_upgraded":2,"win_rate":0,"timestamp":1537690158,"path_taken":["M","?","M","?","M","E","R","M","T","R","M","$","M","E","R","BOSS","M","$","M","M"],"build_version":"2018-09-20","purchased_purges":1,"victory":false,"max_hp_per_floor":[89,89,89,89,89,89,89,89,89,89,89,89,89,89,89,89,89,91,91,91,91],"card_choices":[{"not_picked":["Cold Snap","Conserve Battery"],"picked":"Go for the Eyes","floor":1},{"not_picked":["Defragment","Ball Lightning"],"picked":"Gash","floor":2},{"not_picked":["Rainbow","Rebound"],"picked":"Capacitor","floor":3},{"not_picked":["Fusion","Compile Driver"],"picked":"Streamline","floor":4},{"not_picked":["Coolheaded","Force Field"],"picked":"Cold Snap","floor":5},{"not_picked":["Reinforced Body","Seek"],"picked":"Coolheaded","floor":6},{"not_picked":["Compile Driver","Ball Lightning"],"picked":"Go for the Eyes","floor":8},{"not_picked":["Aggregate","Stack"],"picked":"Gash","floor":11},{"not_picked":["Hologram","Lockon"],"picked":"Gash","floor":13},{"not_picked":["Consume","Turbo"],"picked":"Self Repair","floor":14},{"not_picked":["Electrodynamics","Rainbow"],"picked":"Creative AI","floor":16},{"not_picked":["Redo+1","Skim","Ball Lightning+1"],"picked":"Singing Bowl","floor":18},{"not_picked":["Sunder","Steam+1"],"picked":"Ball Lightning+1","floor":20}],"player_experience":152278,"relics_obtained":[{"floor":6,"key":"Whetstone"},{"floor":9,"key":"Boot"},{"floor":14,"key":"PreservedInsect"},{"floor":17,"key":"Blood Vial"},{"floor":17,"key":"Singing Bowl"},{"floor":17,"key":"Shovel"}],"event_choices":[],"is_beta":false,"boss_relics":[{"not_picked":["Empty Cage","Ectoplasm"],"picked":"Calling Bell"}],"items_purged_floors":[19],"is_endless":false,"potions_floor_spawned":[2,3,11,13,14],"killed_by":"3 Cultists","ascension_level":1}