{"path_per_floor":["M","?","$","?","M","E","R","E","T","M","R","M","E","M","R","B",null,"M","?","?","?","$","R","$","R","T","E","R","M","M","?","R","B",null,"M","?","$","M","?","R","E","R","T","?","M","$","M","M","R","B"],"character_chosen":"DEFECT","items_purchased":["Thread and Needle","Defragment","Capacitor","Bag of Preparation","Block Potion","Regen Potion"],"gold_per_floor":[113,413,26,26,37,65,65,97,97,110,110,127,153,171,171,274,274,284,284,209,209,132,132,98,98,124,155,155,175,191,191,191,296,296,306,306,306,320,320,320,347,347,398,445,457,91,104,114,114,114],"floor_reached":51,"campfire_rested":2,"playtime":2734,"item_purchase_floors":[3,22,24,46,46,46],"current_hp_per_floor":[68,68,68,68,68,82,82,58,58,58,58,58,54,52,52,36,76,75,59,59,59,59,59,59,59,59,31,57,44,39,39,39,46,78,76,76,76,67,67,67,51,51,51,49,37,37,37,44,70,56],"items_purged":["Regret","Injury"],"gold":114,"score":1191,"play_id":"67f5e058-fae0-42ea-b3dc-951d976091f1","local_time":"20180603003850","is_prod":false,"is_daily":false,"chose_seed":false,"is_ascension_mode":true,"campfire_upgraded":8,"win_rate":0,"timestamp":1527979130,"campfire_choices":[{"data":"Zap","floor":7,"key":"SMITH"},{"data":"Hologram","floor":11,"key":"SMITH"},{"data":"Chaos","floor":15,"key":"SMITH"},{"data":"Recycle","floor":23,"key":"SMITH"},{"data":"Capacitor","floor":25,"key":"SMITH"},{"floor":28,"key":"REST"},{"data":"Creative AI","floor":32,"key":"SMITH"},{"data":"Defragment","floor":40,"key":"SMITH"},{"data":"Recycle","floor":42,"key":"SMITH"},{"floor":49,"key":"REST"}],"path_taken":["M","?","$","?","M","E","R","E","T","M","R","?","E","M","R","BOSS","M","?","?","?","$","R","$","R","T","E","R","?","M","?","R","BOSS","M","?","$","M","?","R","E","R","T","?","M","$","M","M","R","BOSS"],"build_version":"2018-05-31","seed_source_timestamp":144581790353848,"purchased_purges":2,"victory":true,"master_deck":["Defend_B","Defend_B","Defend_B","Zap+1","Dualcast","AscendersBane","Conserve Battery","Go for the Eyes","Hologram+1","Leap","Stack","Chaos+1","Self Repair","Creative AI+1","FTL+1","Electrodynamics+1","Storm+1","Genetic Algorithm+1","Necronomicurse","Recycle+1","Defragment+1","Capacitor+1","Force Field+1","White Noise","Machine Learning","Storm","Hologram","Recycle+1","Conserve Battery+1","Auto Shields+1","Conserve Battery+1","Coolheaded","Redo+1"],"max_hp_per_floor":[75,75,75,75,75,89,89,89,89,89,89,89,89,89,89,89,89,89,89,89,89,89,89,89,89,89,89,89,89,89,89,89,89,89,89,89,89,89,89,89,89,89,89,89,89,89,89,89,89,89],"relics":["Cracked Core","NeowsBlessing","Old Coin","Thread and Needle","Mango","Centennial Puzzle","Turnip","Bag of Marbles","Astrolabe","Necronomicon","Art of War","Orichalcum","Cursed Key","Dead Branch","Lantern","Prayer Wheel","Bag of Preparation"],"card_choices":[{"not_picked":["Darkness","Sweeping Beam"],"picked":"Conserve Battery","floor":1},{"not_picked":["Sweeping Beam","Turbo"],"picked":"Go for the Eyes","floor":5},{"not_picked":["Compile Driver","Stack"],"picked":"Hologram","floor":6},{"not_picked":["Rebound","Turbo"],"picked":"Meteor Strike","floor":8},{"not_picked":["Force Field","Rebound"],"picked":"Leap","floor":10},{"not_picked":["Beam Cell","Storm"],"picked":"Stack","floor":12},{"not_picked":["Chill","Steam"],"picked":"Chaos","floor":13},{"not_picked":["Beam Cell","Rainbow"],"picked":"Self Repair","floor":14},{"not_picked":["Core Surge","Rainbow"],"picked":"Creative AI","floor":16},{"not_picked":["Barrage+1","Rebound"],"picked":"Genetic Algorithm+1","floor":18},{"not_picked":["Electrodynamics","Redo"],"picked":"Force Field+1","floor":27},{"not_picked":["Steam+1","Go for the Eyes+1"],"picked":"White Noise","floor":29},{"not_picked":["Coolheaded","Undo","Sunder"],"picked":"SKIP","floor":30},{"not_picked":["Buffer","Hyperbeam"],"picked":"Machine Learning","floor":33},{"not_picked":["Stack","Coolheaded"],"picked":"Storm","floor":35},{"not_picked":["Beam Cell+1","Streamline+1"],"picked":"Hologram","floor":38},{"not_picked":["Reinforced Body","Melter+1"],"picked":"Recycle","floor":41},{"not_picked":["All For One","Heatsinks+1"],"picked":"Conserve Battery+1","floor":45},{"not_picked":["Rip and Tear+1","Streamline"],"picked":"Auto Shields+1","floor":45},{"not_picked":["Gash","Beam Cell"],"picked":"Conserve Battery+1","floor":47},{"not_picked":["Stack","Streamline","Aggregate"],"picked":"SKIP","floor":47},{"not_picked":["Steam","Go for the Eyes"],"picked":"Coolheaded","floor":48},{"not_picked":["Gash","Auto Shields"],"picked":"Redo+1","floor":48}],"player_experience":601233,"potions_floor_usage":[8,8,16,27,33,44,44,48,50,50,50],"damage_taken":[{"damage":0,"enemies":"Small Slimes","floor":1,"turns":1},{"damage":0,"enemies":"Cultist","floor":5,"turns":1},{"damage":0,"enemies":"Lagavulin","floor":6,"turns":1},{"damage":24,"enemies":"Gremlin Nob","floor":8,"turns":5},{"damage":0,"enemies":"Jaw Worm","floor":10,"turns":4},{"damage":0,"enemies":"2 Fungi Beasts","floor":12,"turns":3},{"damage":4,"enemies":"3 Sentries","floor":13,"turns":8},{"damage":2,"enemies":"3 Louse","floor":14,"turns":5},{"damage":23,"enemies":"Hexaghost","floor":16,"turns":11},{"damage":1,"enemies":"Spheric Guardian","floor":18,"turns":3},{"damage":28,"enemies":"Book of Stabbing","floor":27,"turns":5},{"damage":13,"enemies":"2 Thieves","floor":29,"turns":4},{"damage":19,"enemies":"Slaver and Parasite","floor":30,"turns":4},{"damage":0,"enemies":"Champ","floor":33,"turns":10},{"damage":2,"enemies":"Orb Walker","floor":35,"turns":4},{"damage":9,"enemies":"3 Darklings","floor":38,"turns":4},{"damage":16,"enemies":"Giant Head","floor":41,"turns":7},{"damage":2,"enemies":"Mysterious Sphere","floor":44,"turns":4},{"damage":19,"enemies":"Maw","floor":45,"turns":4},{"damage":0,"enemies":"4 Shapes","floor":47,"turns":2},{"damage":0,"enemies":"Sphere and 2 Shapes","floor":48,"turns":3},{"damage":24,"enemies":"Donu and Deca","floor":50,"turns":6}],"relics_obtained":[{"floor":6,"key":"Mango"},{"floor":8,"key":"Centennial Puzzle"},{"floor":9,"key":"Turnip"},{"floor":13,"key":"Bag of Marbles"},{"floor":19,"key":"Necronomicon"},{"floor":26,"key":"Art of War"},{"floor":27,"key":"Orichalcum"},{"floor":41,"key":"Dead Branch"},{"floor":43,"key":"Lantern"},{"floor":44,"key":"Prayer Wheel"}],"event_choices":[{"event_name":"Big Fish","player_choice":"Box","floor":2,"damage_taken":0},{"event_name":"Scrap Ooze","player_choice":"unsuccessful","floor":4,"damage_taken":0},{"event_name":"Cursed Tome","player_choice":"Obtained Book","floor":19,"damage_taken":0},{"event_name":"Beggar","player_choice":"Gave Gold","floor":20,"damage_taken":0},{"event_name":"Match and Keep!","player_choice":"1 cards matched","floor":21,"damage_taken":0},{"event_name":"Purifier","player_choice":"One Purge","floor":31,"damage_taken":0},{"event_name":"Tomb of Lord Red Mask","player_choice":"Ignored","floor":36,"damage_taken":0},{"event_name":"Mysterious Sphere","player_choice":"Fight","floor":44,"damage_taken":0}],"boss_relics":[{"not_picked":["Runic Pyramid","Tiny House"],"picked":"Astrolabe"},{"not_picked":["Eternal Feather","Lizard Tail"],"picked":"Cursed Key"}],"items_purged_floors":[3,46],"potions_floor_spawned":[1,5,10,12,18,30,33,44,47,48],"seed_played":"931963962159858729","ascension_level":11,"potions_obtained":[{"floor":1,"key":"Poison Potion"},{"floor":5,"key":"Block Potion"},{"floor":10,"key":"PowerPotion"},{"floor":12,"key":"EssenceOfSteel"},{"floor":18,"key":"LiquidBronze"},{"floor":30,"key":"Block Potion"},{"floor":33,"key":"Swift Potion"},{"floor":44,"key":"LiquidBronze"},{"floor":47,"key":"Dexterity Potion"},{"floor":48,"key":"FocusPotion"}],"is_trial":false}