{"gold_per_floor":[112,112,112,132,145,145,156,103,128,159,124,72,103,103,103,202,202,216,109,109,109,124,124,135,163,163,188,188,188,206,217,217,312,312,324,50,69,0,14,14,32,132,185,185,185,196,196,214,214,214],"floor_reached":51,"playtime":4660,"items_purged":["Pain"],"score":695,"play_id":"70d9ed96-fb5c-4929-b4d2-fffad276416a","local_time":"20190106152315","is_ascension_mode":false,"campfire_choices":[{"data":"Poisoned Stab","floor":6,"key":"SMITH"},{"floor":15,"key":"REST"},{"data":"Envenom","floor":23,"key":"SMITH"},{"floor":28,"key":"REST"},{"floor":32,"key":"REST"},{"data":"Infinite Blades","floor":40,"key":"SMITH"},{"floor":47,"key":"REST"},{"floor":49,"key":"REST"}],"neow_cost":"NONE","seed_source_timestamp":1432131804881064,"circlet_count":0,"master_deck":["Defend_G","Defend_G+1","Defend_G","Defend_G","Defend_G","Strike_G","Strike_G","Strike_G","Strike_G","Survivor","Neutralize","Sucker Punch+1","Poisoned Stab+1","All Out Attack","Venomology","Quick Slash","Poisoned Stab+1","Dagger Spray","Envenom+1","Poisoned Stab+1","Poisoned Stab","PiercingWail","Poisoned Stab","Poisoned Stab","Bane+1","Noxious Fumes","Bouncing Flask","Prepared+1","Infinite Blades+1","Bane+1","PiercingWail","Poisoned Stab","Footwork+1","Adrenaline","Clumsy","Doubt","Backflip","Dagger Spray+1","Backstab","Deadly Poison+1","Flying Knee","Prepared","Dodge and Roll+1"],"relics":["Ring of the Snake","Bag of Preparation","Anchor","Mummified Hand","Orrery","Question Card","Peace Pipe","The Specimen","WingedGreaves","Whetstone","Calling Bell","Bronze Scales","Frozen Egg 2","Du-Vu Doll","ClockworkSouvenir","Red Mask","StoneCalendar","Smiling Mask"],"potions_floor_usage":[16,18,25,27,27,31,33,33,41,42,46,48,50,50,50],"damage_taken":[{"damage":0,"enemies":"Jaw Worm","floor":1,"turns":4},{"damage":1,"enemies":"Cultist","floor":4,"turns":4},{"damage":0,"enemies":"Small Slimes","floor":5,"turns":3},{"damage":10,"enemies":"Exordium Wildlife","floor":7,"turns":4},{"damage":13,"enemies":"Gremlin Nob","floor":10,"turns":4},{"damage":13,"enemies":"3 Sentries","floor":13,"turns":5},{"damage":45,"enemies":"The Guardian","floor":16,"turns":10},{"damage":3,"enemies":"Shell Parasite","floor":18,"turns":5},{"damage":16,"enemies":"3 Byrds","floor":22,"turns":5},{"damage":11,"enemies":"Centurion and Healer","floor":24,"turns":5},{"damage":24,"enemies":"Book of Stabbing","floor":25,"turns":5},{"damage":18,"enemies":"Gremlin Leader","floor":27,"turns":5},{"damage":9,"enemies":"Snake Plant","floor":30,"turns":4},{"damage":9,"enemies":"3 Cultists","floor":31,"turns":4},{"damage":26,"enemies":"Collector","floor":33,"turns":7},{"damage":9,"enemies":"3 Shapes","floor":35,"turns":3},{"damage":8,"enemies":"3 Darklings","floor":37,"turns":4},{"damage":2,"enemies":"Spire Growth","floor":39,"turns":4},{"damage":3,"enemies":"4 Shapes","floor":41,"turns":5},{"damage":0,"enemies":"Mind Bloom Boss Battle","floor":42,"turns":4},{"damage":12,"enemies":"3 Darklings","floor":46,"turns":4},{"damage":22,"enemies":"Maw","floor":48,"turns":5},{"damage":61,"enemies":"Donu and Deca","floor":50,"turns":8}],"seed_played":"8216212870416373654","potions_obtained":[{"floor":1,"key":"Strength Potion"},{"floor":7,"key":"Ancient Potion"},{"floor":18,"key":"Dexterity Potion"},{"floor":30,"key":"SkillPotion"},{"floor":33,"key":"SmokeBomb"},{"floor":42,"key":"Poison Potion"}],"is_trial":false,"path_per_floor":["M","?","?","M","M","R","M","$","T","E","?","$","E","$","R","B",null,"M","$","?","?","M","R","M","E","T","E","R","T","M","M","R","B",null,"M","$","M","?","M","R","M","?","T","?","?","M","R","M","R","B",null],"character_chosen":"THE_SILENT","items_purchased":["Prepared","Poisoned Stab","Noxious Fumes","Bouncing Flask","ClockworkSouvenir"],"campfire_rested":5,"item_purchase_floors":[8,12,19,19,36],"current_hp_per_floor":[77,62,62,61,61,61,51,51,51,38,57,57,44,44,67,22,77,74,74,74,74,58,58,47,23,23,5,28,28,19,10,33,7,77,68,68,60,60,58,58,55,55,55,55,55,43,66,44,67,6],"gold":214,"neow_bonus":"TEN_PERCENT_HP_BONUS","is_prod":false,"is_daily":false,"chose_seed":false,"campfire_upgraded":3,"win_rate":0.0,"timestamp":1546806195,"path_taken":["M","?","?","M","?","R","M","$","T","E","?","?","E","$","R","BOSS","M","$","?","?","M","R","M","E","T","E","R","?","?","M","R","BOSS","M","$","M","?","M","R","M","?","T","?","?","M","R","M","R","BOSS"],"build_version":"2019-01-03v4","purchased_purges":1,"victory":true,"max_hp_per_floor":[77,77,77,77,77,77,77,77,77,77,77,77,77,77,77,77,77,77,77,77,77,77,77,77,77,77,77,77,77,77,77,77,77,77,77,77,77,77,77,77,77,77,77,77,77,77,77,77,77,77],"card_choices":[{"not_picked":["Bouncing Flask","Blade Dance"],"picked":"Sucker Punch","floor":1},{"not_picked":["Deflect","Sucker Punch"],"picked":"Poisoned Stab","floor":4},{"not_picked":["Blade Dance","Predator"],"picked":"All Out Attack","floor":5},{"not_picked":["Choke","Expertise"],"picked":"Venomology","floor":7},{"not_picked":["Bane","Outmaneuver"],"picked":"Quick Slash","floor":10},{"not_picked":["Bane","Endless Agony"],"picked":"Dagger Spray","floor":13},{"not_picked":["Phantasmal Killer","Unload"],"picked":"Envenom","floor":16},{"not_picked":["Endless Agony","Dash"],"picked":"Poisoned Stab","floor":17},{"not_picked":["Dash","Sucker Punch"],"picked":"Poisoned Stab","floor":17},{"not_picked":["Acrobatics","Prepared"],"picked":"PiercingWail","floor":17},{"not_picked":["Blade Dance","Prepared"],"picked":"Poisoned Stab","floor":17},{"not_picked":["Acrobatics","Bane"],"picked":"Poisoned Stab","floor":17},{"not_picked":["PiercingWail","Wraith Form v2"],"picked":"Bane+1","floor":18},{"not_picked":["Backstab","Outmaneuver","Choke"],"picked":"Prepared+1","floor":22},{"not_picked":["Choke","Flechettes+1","Riddle With Holes"],"picked":"Infinite Blades","floor":24},{"not_picked":["Masterful Stab","Flechettes","Phantasmal Killer"],"picked":"Bane+1","floor":25},{"not_picked":["Choke+1","Envenom","Dash"],"picked":"PiercingWail","floor":27},{"not_picked":["Tactician","Footwork","Blur+1"],"picked":"Poisoned Stab","floor":30},{"not_picked":["Endless Agony","Heel Hook","Dagger Throw"],"picked":"Footwork+1","floor":31},{"not_picked":["Night Terror","Tools of the Trade","Glass Knife"],"picked":"Adrenaline","floor":33},{"not_picked":["Bouncing Flask","Skewer+1","Poisoned Stab"],"picked":"Backflip","floor":35},{"not_picked":["Die Die Die","Blade Dance+1","Footwork+1"],"picked":"Dagger Spray+1","floor":37},{"not_picked":["Finisher","Flying Knee","Poisoned Stab+1"],"picked":"Backstab","floor":39},{"not_picked":["Underhanded Strike+1","Eviscerate","Sucker Punch"],"picked":"Deadly Poison+1","floor":41},{"not_picked":["Dagger Throw","Blade Dance","Endless Agony"],"picked":"Flying Knee","floor":42},{"not_picked":["Eviscerate+1","Sucker Punch","Deadly Poison+1"],"picked":"Prepared","floor":46},{"not_picked":["Sucker Punch+1","Outmaneuver+1","PiercingWail+1"],"picked":"Dodge and Roll+1","floor":48}],"player_experience":23798,"relics_obtained":[{"floor":9,"key":"Bag of Preparation"},{"floor":10,"key":"Anchor"},{"floor":13,"key":"Mummified Hand"},{"floor":25,"key":"Peace Pipe"},{"floor":26,"key":"The Specimen"},{"floor":27,"key":"WingedGreaves"},{"floor":29,"key":"Whetstone"},{"floor":34,"key":"Bronze Scales"},{"floor":34,"key":"Frozen Egg 2"},{"floor":34,"key":"Du-Vu Doll"},{"floor":42,"key":"StoneCalendar"},{"floor":43,"key":"Smiling Mask"}],"event_choices":[{"damage_healed":0,"gold_gain":0,"player_choice":"Entered Light","damage_taken":15,"max_hp_gain":0,"max_hp_loss":0,"event_name":"Shining Light","floor":2,"gold_loss":0,"cards_upgraded":["Sucker Punch","Defend_G"]},{"cards_removed":["Strike_G"],"damage_healed":0,"gold_gain":0,"player_choice":"Offered Basic","damage_taken":0,"max_hp_gain":0,"max_hp_loss":0,"event_name":"Bonfire Elementals","floor":3,"gold_loss":0},{"damage_healed":19,"gold_gain":0,"player_choice":"Healed","damage_taken":0,"max_hp_gain":0,"max_hp_loss":0,"event_name":"The Cleric","floor":11,"gold_loss":35},{"damage_healed":0,"gold_gain":0,"player_choice":"Opened","damage_taken":0,"relics_obtained":["Question Card"],"max_hp_gain":0,"max_hp_loss":0,"event_name":"The Mausoleum","floor":20,"gold_loss":0},{"damage_healed":0,"gold_gain":0,"player_choice":"Ignored","damage_taken":0,"max_hp_gain":0,"max_hp_loss":0,"event_name":"Ghosts","floor":21,"gold_loss":0},{"damage_healed":0,"gold_gain":0,"player_choice":"Paid","damage_taken":0,"relics_obtained":["Red Mask"],"max_hp_gain":0,"max_hp_loss":0,"event_name":"Tomb of Lord Red Mask","floor":38,"gold_loss":69},{"damage_healed":0,"gold_gain":0,"player_choice":"Fight","damage_taken":0,"max_hp_gain":0,"max_hp_loss":0,"event_name":"MindBloom","floor":42,"gold_loss":0},{"cards_removed":["Prepared"],"damage_healed":0,"gold_gain":0,"player_choice":"Removed Skill","damage_taken":0,"max_hp_gain":0,"max_hp_loss":0,"event_name":"Falling","floor":44,"gold_loss":0},{"damage_healed":0,"gold_gain":0,"player_choice":"Ignored","damage_taken":0,"max_hp_gain":0,"max_hp_loss":0,"event_name":"Mysterious Sphere","floor":45,"gold_loss":0}],"is_beta":false,"boss_relics":[{"not_picked":["Coffee Dripper","Tiny House"],"picked":"Orrery"},{"not_picked":["Ring of the Serpent","Cursed Key"],"picked":"Calling Bell"}],"items_purged_floors":[36],"is_endless":false,"potions_floor_spawned":[1,7,10,16,18,22,24,30,33,35,39,42,46],"ascension_level":0}