{"gold_per_floor":[11,30,30,48,65,65,65,65,140,140,140,157,157,185,185,281,281,295,307,307,307,307,342,359,359,359,359,129,142,142,142,142,237,237,256,6,22,38,38,38,38,38,38,0,20,34,50,50,50,50],"floor_reached":50,"playtime":2860,"items_purged":["Defend_B"],"score":577,"play_id":"8a0c0d17-1f51-4a54-9d0e-d89f270f305e","local_time":"20180909143029","is_ascension_mode":true,"campfire_choices":[{"data":"Lockon","floor":6,"key":"SMITH"},{"data":"Hello World","floor":8,"key":"SMITH"},{"data":"Double Energy","floor":13,"key":"SMITH"},{"floor":15,"key":"REST"},{"floor":27,"key":"REST"},{"data":"Chaos","floor":30,"key":"SMITH"},{"data":"Glacier","floor":32,"key":"SMITH"},{"floor":40,"key":"REST"},{"data":"Apotheosis","floor":42,"key":"SMITH"},{"floor":49,"key":"REST"}],"neow_cost":"NO_GOLD","seed_source_timestamp":236500663062572,"circlet_count":0,"master_deck":["Strike_B+1","Defend_B","Zap","Dualcast","Leap","Lockon+1","Hello World+1","Double Energy+1","Multi-Cast","Glacier+1","Rainbow","Conserve Battery","Chaos+1","Capacitor+1","Auto Shields","Loop","White Noise","Ball Lightning","Meteor Strike","Apotheosis+1","Capacitor+1","Conserve Battery+1","Madness","Madness","Blizzard","Storm+1","Barrage","Secret Technique"],"relics":["Cracked Core","FaceOfCleric","Juzu Bracelet","Symbiotic Virus","Letter Opener","Sozu","Whetstone","Regal Pillow","Question Card","Nuclear Battery","Blue Candle","Red Mask"],"potions_floor_usage":[50],"damage_taken":[{"damage":0,"enemies":"2 Louse","floor":1,"turns":2},{"damage":1,"enemies":"Cultist","floor":2,"turns":3},{"damage":0,"enemies":"Small Slimes","floor":4,"turns":2},{"damage":3,"enemies":"3 Louse","floor":5,"turns":3},{"damage":8,"enemies":"Blue Slaver","floor":12,"turns":3},{"damage":36,"enemies":"3 Sentries","floor":14,"turns":8},{"damage":22,"enemies":"The Guardian","floor":16,"turns":13},{"damage":0,"enemies":"Chosen","floor":18,"turns":3},{"damage":7,"enemies":"Shell Parasite","floor":19,"turns":4},{"damage":20,"enemies":"Slavers","floor":23,"turns":6},{"damage":21,"enemies":"Snake Plant","floor":24,"turns":3},{"damage":12,"enemies":"Centurion and Healer","floor":29,"turns":5},{"damage":39,"enemies":"Collector","floor":33,"turns":13},{"damage":7,"enemies":"3 Shapes","floor":35,"turns":5},{"damage":0,"enemies":"Orb Walker","floor":37,"turns":3},{"damage":41,"enemies":"Spire Growth","floor":38,"turns":5},{"damage":35,"enemies":"Maw","floor":45,"turns":8},{"damage":15,"enemies":"Sphere and 2 Shapes","floor":46,"turns":5},{"damage":9,"enemies":"3 Darklings","floor":47,"turns":4},{"damage":75,"enemies":"Donu and Deca","floor":50,"turns":6}],"seed_played":"-8298883981852097039","potions_obtained":[{"floor":14,"key":"SteroidPotion"},{"floor":16,"key":"Poison Potion"}],"is_trial":false,"path_per_floor":["M","M","?","M","M","R","?","R","T","?","?","M","R","E","R","B",null,"M","M","?","?","?","E","M","?","T","R","$","M","R","T","R","B",null,"M","$","M","M","?","R","?","R","T","?","M","M","M","?","R"],"character_chosen":"DEFECT","items_purchased":["Loop","White Noise","Apotheosis","Conserve Battery"],"campfire_rested":4,"item_purchase_floors":[28,28,36,36],"current_hp_per_floor":[75,74,74,75,73,73,70,70,70,70,63,56,56,21,44,23,80,81,75,75,75,75,56,36,28,28,68,68,57,57,57,57,19,86,80,80,81,48,48,89,78,78,78,78,44,30,22,22,64,0],"gold":50,"neow_bonus":"REMOVE_TWO","is_prod":false,"is_daily":false,"chose_seed":false,"campfire_upgraded":6,"win_rate":0,"timestamp":1536517829,"path_taken":["M","M","?","M","M","R","?","R","T","?","?","M","R","E","R","BOSS","M","M","?","?","?","E","M","?","T","R","$","M","R","?","R","BOSS","M","$","M","M","?","R","?","R","T","?","M","M","M","?","R","BOSS"],"build_version":"2018-09-06","purchased_purges":1,"victory":false,"max_hp_per_floor":[75,75,75,76,77,77,77,77,77,77,77,78,78,79,79,80,80,81,82,82,82,82,83,84,84,84,84,84,85,85,85,85,86,86,87,87,88,89,89,89,89,89,89,89,90,91,92,92,92,92],"card_choices":[{"not_picked":["Redo","Steam"],"picked":"Leap","floor":1},{"not_picked":["Stack","Rebound"],"picked":"Lockon","floor":2},{"not_picked":["Compile Driver","Conserve Battery"],"picked":"Hello World","floor":4},{"not_picked":["Compile Driver","Beam Cell"],"picked":"Double Energy","floor":5},{"not_picked":["Ball Lightning","Stack"],"picked":"Multi-Cast","floor":12},{"not_picked":["Skim","Gash"],"picked":"Glacier","floor":14},{"not_picked":["Fission","Biased Cognition"],"picked":"Rainbow","floor":16},{"not_picked":["Reprogram+1","Leap"],"picked":"Conserve Battery","floor":18},{"not_picked":["Rebound","Reprogram","Sweeping Beam"],"picked":"SKIP","floor":19},{"not_picked":["Sunder+1","Turbo"],"picked":"Capacitor+1","floor":23},{"not_picked":["Undo","Barrage"],"picked":"Auto Shields","floor":24},{"not_picked":["Steam","Steam Power"],"picked":"Ball Lightning","floor":29},{"not_picked":["Fission","Core Surge","Machine Learning"],"picked":"Meteor Strike","floor":33},{"not_picked":["Redo","Hologram","Rip and Tear","BootSequence"],"picked":"SKIP","floor":35},{"not_picked":["Lockon+1","Steam+1","Double Energy+1"],"picked":"Capacitor+1","floor":37},{"not_picked":["Hologram","Doom and Gloom","Cold Snap+1"],"picked":"Conserve Battery+1","floor":38},{"not_picked":["Hologram","Rebound","Darkness+1"],"picked":"Blizzard","floor":45},{"not_picked":["Beam Cell","Turbo+1","Gash"],"picked":"Storm+1","floor":46},{"not_picked":["Doom and Gloom+1","Turbo+1","Redo+1"],"picked":"Barrage","floor":47},{"not_picked":["Violence","HandOfGreed","Blind"],"picked":"Secret Technique","floor":48}],"player_experience":175719,"relics_obtained":[{"floor":9,"key":"Symbiotic Virus"},{"floor":14,"key":"Letter Opener"},{"floor":23,"key":"Whetstone"},{"floor":26,"key":"Regal Pillow"},{"floor":31,"key":"Question Card"},{"floor":43,"key":"Blue Candle"}],"event_choices":[{"event_name":"FaceTrader","player_choice":"Trade","floor":3,"damage_taken":0},{"event_name":"Scrap Ooze","player_choice":"success","floor":7,"damage_taken":3},{"event_name":"Purifier","player_choice":"One Purge","floor":10,"damage_taken":0},{"event_name":"Golden Wing","player_choice":"Card Removal","floor":11,"damage_taken":0},{"event_name":"Purifier","player_choice":"One Purge","floor":20,"damage_taken":0},{"event_name":"Vampires","player_choice":"Ignored","floor":21,"damage_taken":0},{"event_name":"The Library","player_choice":"Read","floor":22,"damage_taken":0},{"event_name":"Wheel of Change","player_choice":"Damage","floor":25,"damage_taken":0},{"event_name":"Falling","player_choice":"Removed Skill","floor":39,"damage_taken":0},{"event_name":"Winding Halls","player_choice":"Embrace Madness","floor":41,"damage_taken":0},{"event_name":"Tomb of Lord Red Mask","player_choice":"Paid","floor":44,"damage_taken":0},{"event_name":"SensoryStone","player_choice":"Memory 1","floor":48,"damage_taken":0}],"is_beta":false,"boss_relics":[{"not_picked":["Inserter","Runic Dome"],"picked":"Sozu"},{"not_picked":["Cursed Key","Philosopher\u0027s Stone"],"picked":"Nuclear Battery"}],"items_purged_floors":[28],"is_endless":false,"potions_floor_spawned":[14,16,19,24,33,37,38],"killed_by":"Donu and Deca","ascension_level":4}