{"gold_per_floor":[367,367,382,396,37,68,85,85,85,85,85,115,115,115,115,186,186,204,129,139,139,156,156,181,201,201,212,51,51,83,113,125,211,223,246,313,147,162,162,190,207,222,222,255,275,302,321,332,332,332,332,332,15,40,40],"floor_reached":55,"playtime":3263,"items_purged":["Strike_R","Strike_R"],"score":1387,"play_id":"8c3b4065-b7dc-457a-8539-b3a5f076627c","local_time":"20190219065703","is_ascension_mode":true,"campfire_choices":[{"data":"Havoc","floor":8.0,"key":"SMITH"},{"floor":11.0,"key":"REST"},{"data":"Disarm","floor":13.0,"key":"SMITH"},{"data":"Thunderclap","floor":15.0,"key":"SMITH"},{"data":"Uppercut","floor":23.0,"key":"SMITH"},{"data":"Shrug It Off","floor":32.0,"key":"SMITH"},{"floor":49.0,"key":"RECALL"},{"data":"Brutality","floor":52.0,"key":"SMITH"}],"neow_cost":"PERCENT_DAMAGE","seed_source_timestamp":113518268048454,"circlet_count":0,"master_deck":["AscendersBane","Defend_R","Defend_R","Defend_R","Defend_R","Bash","Clothesline","Twin Strike","Reckless Charge","Shrug It Off+1","Bandage Up","Disarm+1","Havoc+1","Regret","Thunderclap+1","Pummel","Offering+1","Uppercut+1","Thunderclap+1","True Grit+1","Heavy Blade+1","Shrug It Off+1","Pommel Strike+1","Impervious","Power Through","Brutality+1","Feed+1","Twin Strike+1","Disarm","Burning Pact","Uppercut+1","Wild Strike+1","Feel No Pain+1","Clumsy","Body Slam+1","Pummel+1","Pain","Headbutt+1","Sentinel+1","Iron Wave+1","Sever Soul+1"],"special_seed":0,"relics":["Burning Blood","ClockworkSouvenir","Du-Vu Doll","Calipers","Nunchaku","Oddly Smooth Stone","Velvet Choker","Vajra","Molten Egg 2","MawBank","Cursed Key","Pocketwatch","Letter Opener","Pear","War Paint","Kunai","Red Skull"],"potions_floor_usage":[55,55],"damage_taken":[{"damage":0.0,"enemies":"2 Louse","floor":1.0,"turns":4.0},{"damage":5.0,"enemies":"Jaw Worm","floor":3.0,"turns":6.0},{"damage":0.0,"enemies":"Small Slimes","floor":4.0,"turns":3.0},{"damage":44.0,"enemies":"3 Sentries","floor":6.0,"turns":13.0},{"damage":16.0,"enemies":"Exordium Thugs","floor":7.0,"turns":5.0},{"damage":28.0,"enemies":"Gremlin Nob","floor":12.0,"turns":4.0},{"damage":17.0,"enemies":"The Guardian","floor":16.0,"turns":11.0},{"damage":14.0,"enemies":"3 Byrds","floor":18.0,"turns":5.0},{"damage":6.0,"enemies":"Chosen","floor":20.0,"turns":3.0},{"damage":5.0,"enemies":"Centurion and Healer","floor":22.0,"turns":6.0},{"damage":26.0,"enemies":"Slavers","floor":24.0,"turns":5.0},{"damage":22.0,"enemies":"Sentry and Sphere","floor":25.0,"turns":4.0},{"damage":2.0,"enemies":"Snecko","floor":27.0,"turns":3.0},{"damage":23.0,"enemies":"Book of Stabbing","floor":30.0,"turns":4.0},{"damage":4.0,"enemies":"Cultist and Chosen","floor":31.0,"turns":5.0},{"damage":28.0,"enemies":"Champ","floor":33.0,"turns":11.0},{"damage":10.0,"enemies":"3 Darklings","floor":35.0,"turns":8.0},{"damage":30.0,"enemies":"2 Orb Walkers","floor":36.0,"turns":4.0},{"damage":4.0,"enemies":"3 Shapes","floor":38.0,"turns":5.0},{"damage":43.0,"enemies":"Reptomancer","floor":40.0,"turns":8.0},{"damage":8.0,"enemies":"3 Darklings","floor":41.0,"turns":4.0},{"damage":11.0,"enemies":"Jaw Worm Horde","floor":42.0,"turns":3.0},{"damage":7.0,"enemies":"Nemesis","floor":44.0,"turns":7.0},{"damage":6.0,"enemies":"Sphere and 2 Shapes","floor":45.0,"turns":3.0},{"damage":6.0,"enemies":"Transient","floor":47.0,"turns":5.0},{"damage":7.0,"enemies":"Writhing Mass","floor":48.0,"turns":5.0},{"damage":44.0,"enemies":"Time Eater","floor":50.0,"turns":12.0},{"damage":65.0,"enemies":"Shield and Spear","floor":54.0,"turns":6.0},{"damage":39,"enemies":"The Heart","floor":55,"turns":2}],"seed_played":"-2194494356601453681","potions_obtained":[{"floor":6.0,"key":"SneckoOil"},{"floor":7.0,"key":"EssenceOfSteel"},{"floor":16.0,"key":"Dexterity Potion"},{"floor":21.0,"key":"Regen Potion"},{"floor":27.0,"key":"Fire Potion"},{"floor":33.0,"key":"FearPotion"},{"floor":38.0,"key":"Poison Potion"},{"floor":40.0,"key":"Fire Potion"},{"floor":45.0,"key":"PowerPotion"},{"floor":54.0,"key":"Ancient Potion"}],"is_trial":false,"path_per_floor":["M","?","M","M","$","E","M","R","T","?","R","E","R","?","R","B",null,"M","?","M","?","M","R","E","M","T","M","$","$","E","M","R","B",null,"M","?","$","M","?","E","M","M","T","E","M","T","M","M","R","B",null,"R","$","E","B"],"character_chosen":"IRONCLAD","items_purchased":["Shrug It Off","Bandage Up","ClockworkSouvenir","Impervious","Burning Pact","Kunai","Iron Wave+1"],"campfire_rested":1,"item_purchase_floors":[5,5,5,28,37,53,53],"current_hp_per_floor":[56,49,50,56,56,22,16,16,16,16,38,20,20,20,20,13,60,56,56,60,60,65,65,49,49,49,53,53,53,40,46,46,28,63,63,43,43,53,53,20,26,29,29,42,42,42,46,49,49,15,77,77,77,22,0],"gold":40,"neow_bonus":"TWO_FIFTY_GOLD","is_prod":false,"is_daily":false,"chose_seed":false,"campfire_upgraded":6,"win_rate":0,"timestamp":1550577423,"path_taken":["M","?","M","M","$","E","M","R","T","?","R","E","R","?","R","BOSS","M","?","M","?","M","R","E","?","T","M","?","$","E","M","R","BOSS","M","?","$","M","?","E","M","M","T","E","M","?","M","?","R","BOSS","R","$","E","BOSS"],"build_version":"2019-01-23","purchased_purges":2,"victory":false,"max_hp_per_floor":[75,75,75,75,75,75,75,75,75,75,75,75,75,75,75,75,75,75,75,75,75,75,75,75,75,75,75,75,75,75,75,75,75,75,75,75,75,79,79,79,83,87,87,97,97,97,97,97,97,97,97,97,97,97,97],"card_choices":[{"not_picked":["Pommel Strike","Heavy Blade"],"picked":"Clothesline","floor":1.0},{"not_picked":["Shockwave","Warcry"],"picked":"Twin Strike","floor":3.0},{"not_picked":["Warcry","Battle Trance"],"picked":"Reckless Charge","floor":4.0},{"not_picked":["True Grit","Twin Strike"],"picked":"Disarm","floor":6.0},{"not_picked":["Anger","Blood for Blood"],"picked":"Havoc","floor":7.0},{"not_picked":["Wild Strike","Hemokinesis"],"picked":"Thunderclap","floor":12.0},{"not_picked":["Impervious","Fiend Fire"],"picked":"Offering","floor":16.0},{"not_picked":["Searing Blow","Inflame"],"picked":"Uppercut","floor":18.0},{"not_picked":["Havoc","Battle Trance"],"picked":"Thunderclap+1","floor":20.0},{"not_picked":["Corruption","Sword Boomerang"],"picked":"True Grit+1","floor":22.0},{"not_picked":["Clothesline","Burning Pact"],"picked":"Heavy Blade+1","floor":24.0},{"not_picked":["Reckless Charge","Rage"],"picked":"Shrug It Off","floor":25.0},{"not_picked":["Second Wind","Disarm"],"picked":"Pommel Strike+1","floor":27.0},{"not_picked":["Twin Strike+1","Intimidate"],"picked":"Power Through","floor":30.0},{"not_picked":["Rupture","Iron Wave+1"],"picked":"Brutality","floor":31.0},{"not_picked":["Dark Embrace","Barricade"],"picked":"Feed+1","floor":33.0},{"not_picked":["Pommel Strike+1","Sever Soul+1"],"picked":"Twin Strike+1","floor":35.0},{"not_picked":["Wild Strike+1","Flex"],"picked":"Disarm","floor":36.0},{"not_picked":["Hemokinesis+1","Anger+1"],"picked":"Uppercut+1","floor":38.0},{"not_picked":["Twin Strike+1","Infernal Blade","Brutality"],"picked":"SKIP","floor":40.0},{"not_picked":["Anger+1","Perfected Strike+1"],"picked":"Wild Strike+1","floor":41.0},{"not_picked":["True Grit","Clothesline+1"],"picked":"Feel No Pain+1","floor":42.0},{"not_picked":["Bloodletting","Perfected Strike+1"],"picked":"Body Slam+1","floor":44.0},{"not_picked":["Searing Blow+1","Wild Strike+1"],"picked":"Pummel+1","floor":45.0},{"not_picked":["Combust+1","Flex"],"picked":"Headbutt+1","floor":47.0},{"not_picked":["Clothesline+1","Sword Boomerang+1"],"picked":"Sentinel+1","floor":48.0},{"not_picked":["Perfected Strike+1","Clash+1"],"picked":"Sever Soul+1","floor":54.0}],"player_experience":491999,"relics_obtained":[{"floor":6.0,"key":"Du-Vu Doll"},{"floor":9.0,"key":"Calipers"},{"floor":12.0,"key":"Oddly Smooth Stone"},{"floor":24.0,"key":"Vajra"},{"floor":26.0,"key":"Molten Egg 2"},{"floor":30.0,"key":"MawBank"},{"floor":36.0,"key":"Pocketwatch"},{"floor":40.0,"key":"Letter Opener"},{"floor":44.0,"key":"Pear"},{"floor":46.0,"key":"War Paint"},{"floor":54.0,"key":"Red Skull"}],"event_choices":[{"cards_removed":["Strike_R"],"damage_healed":0.0,"max_hp_gain":0.0,"max_hp_loss":0.0,"gold_gain":0.0,"event_name":"Golden Wing","player_choice":"Card Removal","floor":2.0,"gold_loss":0.0,"damage_taken":7.0},{"damage_healed":0.0,"max_hp_gain":0.0,"max_hp_loss":0.0,"gold_gain":0.0,"event_name":"Big Fish","player_choice":"Box","floor":10.0,"gold_loss":0.0,"damage_taken":0.0,"relics_obtained":["Nunchaku"],"cards_obtained":["Regret"]},{"damage_healed":0.0,"max_hp_gain":0.0,"max_hp_loss":0.0,"gold_gain":0.0,"cards_transformed":["Strike_R"],"event_name":"Living Wall","player_choice":"Change","floor":14.0,"gold_loss":0.0,"damage_taken":0.0,"cards_obtained":["Pummel"]},{"cards_removed":["Strike_R"],"damage_healed":0.0,"max_hp_gain":0.0,"max_hp_loss":0.0,"gold_gain":0.0,"event_name":"Beggar","player_choice":"Gave Gold","floor":19.0,"gold_loss":75.0,"damage_taken":0.0},{"damage_healed":0.0,"max_hp_gain":0.0,"max_hp_loss":0.0,"gold_gain":0.0,"event_name":"Lab","player_choice":"Got Potions","floor":21.0,"gold_loss":0.0,"damage_taken":0.0},{"damage_healed":0.0,"max_hp_gain":0.0,"max_hp_loss":0.0,"gold_gain":0.0,"event_name":"Mysterious Sphere","player_choice":"Fight","floor":36.0,"gold_loss":0.0,"damage_taken":0.0},{"damage_healed":0.0,"max_hp_gain":0.0,"max_hp_loss":0.0,"gold_gain":0.0,"event_name":"Tomb of Lord Red Mask","player_choice":"Ignored","floor":39.0,"gold_loss":0.0,"damage_taken":0.0}],"is_beta":false,"boss_relics":[{"not_picked":["Empty Cage","Orrery"],"picked":"Velvet Choker"},{"not_picked":["Sozu","Lizard Tail"],"picked":"Cursed Key"}],"items_purged_floors":[28,37],"is_endless":false,"potions_floor_spawned":[6,7,16,22,27,30,31,33,38,40,45,47,54],"killed_by":"The Heart","ascension_level":16}