{"gold_per_floor":[118,118,118,43,53,53,68,143,143,143,170,170,202,216,216,216],"floor_reached":16,"playtime":460,"items_purged":["Regret"],"score":157,"play_id":"401a7506-39c4-431b-91a9-7de250165f86","local_time":"20190202221731","is_ascension_mode":true,"campfire_choices":[{"data":"Clothesline","floor":6.0,"key":"SMITH"},{"data":"Cleave","floor":10.0,"key":"SMITH"},{"data":"Body Slam","floor":15,"key":"SMITH"}],"neow_cost":"NONE","seed_source_timestamp":1185966532451,"circlet_count":0,"master_deck":["Strike_R+1","Strike_R","Strike_R","Strike_R","Defend_R","Defend_R","Defend_R","Defend_R","Bash","Clothesline+1","Cleave+1","Rampage+1","Reckless Charge","Metallicize","Body Slam+1"],"special_seed":0,"relics":["Burning Blood","Blue Candle","Blood Vial","Oddly Smooth Stone","Gremlin Horn"],"potions_floor_usage":[],"damage_taken":[{"damage":1.0,"enemies":"Cultist","floor":1.0,"turns":4.0},{"damage":8.0,"enemies":"2 Louse","floor":5.0,"turns":3.0},{"damage":4.0,"enemies":"Jaw Worm","floor":7.0,"turns":3.0},{"damage":20.0,"enemies":"Lagavulin","floor":11.0,"turns":7.0},{"damage":24.0,"enemies":"Gremlin Nob","floor":13.0,"turns":4.0},{"damage":2,"enemies":"Exordium Thugs","floor":14,"turns":4},{"damage":29,"enemies":"Hexaghost","floor":16,"turns":9}],"seed_played":"537434826380138376","potions_obtained":[{"floor":5.0,"key":"Swift Potion"},{"floor":14,"key":"SteroidPotion"}],"is_trial":false,"path_per_floor":["M","?","?","$","M","R","M","?","T","R","E","?","E","M","R","B"],"character_chosen":"IRONCLAD","items_purchased":[],"campfire_rested":0,"item_purchase_floors":[],"current_hp_per_floor":[77,70,70,70,70,70,74,63,63,63,51,35,19,25,25,0],"gold":216,"neow_bonus":"REMOVE_CARD","is_prod":false,"is_daily":false,"chose_seed":false,"campfire_upgraded":3,"win_rate":0,"timestamp":1549163851,"path_taken":["M","?","?","?","M","R","?","?","T","R","E","?","E","M","R","BOSS"],"build_version":"2019-01-23","purchased_purges":1,"victory":false,"max_hp_per_floor":[80,80,80,80,80,80,80,80,80,80,80,80,80,80,80,80],"card_choices":[{"not_picked":["Sword Boomerang","Armaments"],"picked":"Clothesline","floor":1.0},{"not_picked":["Body Slam","Shockwave"],"picked":"Cleave","floor":5.0},{"not_picked":["Infernal Blade","Dark Embrace"],"picked":"Rampage","floor":7.0},{"not_picked":["Anger","Demon Form"],"picked":"Reckless Charge","floor":11.0},{"not_picked":["Offering","Shrug It Off"],"picked":"Metallicize","floor":13},{"not_picked":["Anger","Wild Strike"],"picked":"Body Slam","floor":14}],"player_experience":313939,"relics_obtained":[{"floor":11.0,"key":"Oddly Smooth Stone"},{"floor":13,"key":"Gremlin Horn"}],"event_choices":[{"damage_healed":0.0,"max_hp_gain":0.0,"max_hp_loss":0.0,"gold_gain":0.0,"event_name":"Scrap Ooze","player_choice":"Success","floor":2.0,"gold_loss":0.0,"damage_taken":7.0,"relics_obtained":["Blue Candle"]},{"damage_healed":0.0,"max_hp_gain":0.0,"max_hp_loss":0.0,"gold_gain":0.0,"event_name":"Big Fish","player_choice":"Box","floor":3.0,"gold_loss":0.0,"damage_taken":0.0,"relics_obtained":["Blood Vial"],"cards_obtained":["Regret"]},{"damage_healed":0.0,"max_hp_gain":0.0,"max_hp_loss":0.0,"gold_gain":75.0,"event_name":"World of Goop","player_choice":"Gather Gold","floor":8.0,"gold_loss":0.0,"damage_taken":11.0},{"damage_healed":0.0,"max_hp_gain":0.0,"max_hp_loss":0.0,"gold_gain":0.0,"event_name":"Shining Light","player_choice":"Entered Light","floor":12.0,"gold_loss":0.0,"damage_taken":16.0,"cards_upgraded":["Rampage","Strike_R"]}],"is_beta":false,"boss_relics":[],"items_purged_floors":[4],"is_endless":false,"potions_floor_spawned":[5,14],"killed_by":"Hexaghost","ascension_level":9}