{"gold_per_floor":[114,39,39,54,70,70,70,86,138,138,138,38,38,38,38,134,134,145,20,34,48,59,90,160,160,160,179,209,221,239,254,254,356,356,372,372,197,214,232,259,276,276,276,276,101,101,120,139,139,139],"floor_reached":51,"playtime":1753,"items_purged":["Body Slam","Body Slam","Shrug It Off","Shrug It Off","Headbutt"],"score":986,"play_id":"e9de09d5-0511-4468-8edc-26b4cc62efb6","local_time":"20180912012158","daily_mods":["Draft"],"is_ascension_mode":false,"campfire_choices":[{"data":"Flex","floor":6,"key":"SMITH"},{"data":"Anger","floor":10,"key":"SMITH"},{"data":"Flex","floor":13,"key":"SMITH"},{"data":"Flex","floor":15,"key":"SMITH"},{"data":"Clash","floor":25,"key":"SMITH"},{"data":"Flex","floor":32,"key":"SMITH"},{"data":"Rage","floor":42,"key":"SMITH"},{"data":"Flex","floor":44,"key":"SMITH"},{"floor":49,"key":"REST"}],"neow_cost":"","seed_source_timestamp":0,"circlet_count":0,"master_deck":["Flex+1","Anger+1","Clash+1","Flex+1","Flex+1","Flex+1","Flex+1","Clash","Rage+1","Flex+1","Clash+1","Clash+1","Anger+1","Clash+1","Anger+1","Anger+1","Anger+1"],"relics":["Unceasing Top","Regal Pillow","Empty Cage","Bag of Preparation","Paper Frog","Question Card","Molten Egg 2","Sozu","Bottled Lightning","Matryoshka","Mango"],"potions_floor_usage":[8,50,50],"damage_taken":[{"damage":0,"enemies":"2 Louse","floor":1,"turns":1},{"damage":0,"enemies":"Jaw Worm","floor":4,"turns":2},{"damage":0,"enemies":"Cultist","floor":5,"turns":2},{"damage":0,"enemies":"Large Slime","floor":8,"turns":2},{"damage":29,"enemies":"The Guardian","floor":16,"turns":5},{"damage":0,"enemies":"Spheric Guardian","floor":18,"turns":1},{"damage":0,"enemies":"Shell Parasite","floor":20,"turns":1},{"damage":0,"enemies":"Centurion and Healer","floor":21,"turns":1},{"damage":0,"enemies":"Chosen and Byrds","floor":22,"turns":1},{"damage":0,"enemies":"Slavers","floor":23,"turns":1},{"damage":0,"enemies":"Shelled Parasite and Fungi","floor":27,"turns":1},{"damage":0,"enemies":"Gremlin Leader","floor":28,"turns":1},{"damage":0,"enemies":"Sentry and Sphere","floor":29,"turns":1},{"damage":0,"enemies":"Snake Plant","floor":30,"turns":1},{"damage":0,"enemies":"Snecko","floor":31,"turns":1},{"damage":0,"enemies":"Champ","floor":33,"turns":2},{"damage":0,"enemies":"3 Darklings","floor":35,"turns":1},{"damage":0,"enemies":"Orb Walker","floor":38,"turns":1},{"damage":15,"enemies":"4 Shapes","floor":39,"turns":1},{"damage":0,"enemies":"2 Orb Walkers","floor":40,"turns":1},{"damage":0,"enemies":"Sphere and 2 Shapes","floor":41,"turns":1},{"damage":0,"enemies":"Mind Bloom Boss Battle","floor":46,"turns":1},{"damage":0,"enemies":"Transient","floor":47,"turns":1},{"damage":0,"enemies":"4 Shapes","floor":48,"turns":1},{"damage":32,"enemies":"Time Eater","floor":50,"turns":6}],"seed_played":"8387427493247614382","potions_obtained":[{"floor":4,"key":"PowerPotion"},{"floor":16,"key":"Block Potion"},{"floor":18,"key":"LiquidBronze"},{"floor":27,"key":"Weak Potion"},{"floor":28,"key":"Strength Potion"}],"is_trial":true,"path_per_floor":["M","$","?","M","M","R","?","M","T","R","?","$","R","?","R","B",null,"M","$","M","M","M","E","T","R","T","M","E","M","M","M","R","B",null,"M","T","$","M","M","E","M","R","T","R","$","?","M","M","R","B"],"character_chosen":"IRONCLAD","items_purchased":["Anger+1"],"campfire_rested":1,"item_purchase_floors":[37],"current_hp_per_floor":[80,80,73,73,73,73,73,73,73,73,78,78,78,78,78,49,80,80,80,80,80,80,80,80,80,80,80,80,80,80,80,80,80,80,80,80,80,80,65,65,65,65,65,65,65,79,79,79,94,62],"gold":139,"neow_bonus":"","is_prod":false,"is_daily":false,"chose_seed":true,"campfire_upgraded":8,"win_rate":0,"timestamp":1536729718,"path_taken":["M","$","?","M","M","R","?","M","T","R","?","$","R","?","R","BOSS","M","$","M","M","M","E","?","R","T","M","E","M","?","?","R","BOSS","M","?","$","M","M","E","M","R","T","R","$","?","M","M","R","BOSS"],"build_version":"2018-09-06","purchased_purges":5,"victory":true,"max_hp_per_floor":[80,80,80,80,80,80,80,80,80,80,80,80,80,80,80,80,80,80,80,80,80,80,80,80,80,80,80,80,80,80,80,80,80,80,80,80,80,80,80,80,80,80,80,80,80,94,94,94,94,94],"card_choices":[{"not_picked":["Anger","Armaments"],"picked":"Flex","floor":0},{"not_picked":["Wild Strike","Sever Soul"],"picked":"Shrug It Off","floor":0},{"not_picked":["Iron Wave","Feel No Pain"],"picked":"Anger","floor":0},{"not_picked":["Evolve","Pommel Strike"],"picked":"Headbutt","floor":0},{"not_picked":["Iron Wave","Body Slam"],"picked":"Shrug It Off","floor":0},{"not_picked":["Warcry","Sever Soul"],"picked":"Clash","floor":0},{"not_picked":["Havoc","Body Slam"],"picked":"Shrug It Off","floor":0},{"not_picked":["Inflame","Shockwave"],"picked":"Flex","floor":0},{"not_picked":["Clothesline","True Grit"],"picked":"Body Slam","floor":0},{"not_picked":["Iron Wave","True Grit"],"picked":"Rampage","floor":0},{"not_picked":["Iron Wave","Wild Strike"],"picked":"Body Slam","floor":0},{"not_picked":["Twin Strike","Shrug It Off"],"picked":"Body Slam","floor":0},{"not_picked":["Metallicize","Bloodletting"],"picked":"Body Slam","floor":0},{"not_picked":["Infernal Blade","Clothesline"],"picked":"Flex","floor":0},{"not_picked":["Headbutt","Cleave"],"picked":"Flex","floor":0},{"not_picked":["Body Slam","Heavy Blade","Carnage"],"picked":"SKIP","floor":1},{"not_picked":["Spot Weakness","Carnage","Sword Boomerang"],"picked":"SKIP","floor":4},{"not_picked":["Heavy Blade","Body Slam","Power Through"],"picked":"SKIP","floor":5},{"not_picked":["Pommel Strike","Cleave","Perfected Strike"],"picked":"SKIP","floor":8},{"not_picked":["Shockwave","Perfected Strike+1","Entrench"],"picked":"SKIP","floor":18},{"not_picked":["Entrench","Carnage"],"picked":"Flex","floor":20},{"not_picked":["Fire Breathing","Cleave+1","Wild Strike"],"picked":"SKIP","floor":21},{"not_picked":["Flame Barrier","Demon Form"],"picked":"Clash","floor":22},{"not_picked":["True Grit","Perfected Strike+1","Cleave"],"picked":"SKIP","floor":23},{"not_picked":["Inflame","Clothesline","Havoc"],"picked":"Rage","floor":27},{"not_picked":["Perfected Strike+1","Shrug It Off","Iron Wave"],"picked":"Flex+1","floor":28},{"not_picked":["Brutality","Warcry","Armaments+1","Combust"],"picked":"SKIP","floor":29},{"not_picked":["Flame Barrier","Wild Strike+1","Shrug It Off"],"picked":"Clash+1","floor":30},{"not_picked":["Armaments","Iron Wave+1","Battle Trance+1"],"picked":"Clash+1","floor":31},{"not_picked":["Armaments+1","Clothesline+1","Infernal Blade","Reckless Charge+1"],"picked":"SKIP","floor":35},{"not_picked":["Dual Wield","Iron Wave+1","Headbutt+1"],"picked":"Clash+1","floor":38},{"not_picked":["Sword Boomerang+1","True Grit+1","Impervious","Wild Strike+1"],"picked":"SKIP","floor":39},{"not_picked":["Seeing Red","Inflame+1","Evolve","Shrug It Off"],"picked":"SKIP","floor":40},{"not_picked":["Reckless Charge+1","Clothesline+1","Corruption+1"],"picked":"Anger+1","floor":41},{"not_picked":["Twin Strike+1","Second Wind+1","True Grit"],"picked":"Anger+1","floor":46},{"not_picked":["Havoc+1","Power Through+1","Sever Soul+1"],"picked":"Anger+1","floor":47},{"not_picked":["Bloodletting+1","Body Slam+1","Perfected Strike+1","Dual Wield"],"picked":"SKIP","floor":48}],"player_experience":115168,"relics_obtained":[{"floor":9,"key":"Regal Pillow"},{"floor":23,"key":"Bag of Preparation"},{"floor":24,"key":"Paper Frog"},{"floor":26,"key":"Question Card"},{"floor":28,"key":"Molten Egg 2"},{"floor":40,"key":"Bottled Lightning"},{"floor":43,"key":"Matryoshka"},{"floor":46,"key":"Mango"}],"event_choices":[{"event_name":"Golden Wing","player_choice":"Card Removal","floor":3,"damage_taken":0},{"event_name":"Liars Game","player_choice":"disagreed","floor":7,"damage_taken":0},{"event_name":"Bonfire Elementals","player_choice":"COMMON","floor":11,"damage_taken":0},{"event_name":"WeMeetAgain","player_choice":"Attack","floor":14,"damage_taken":0},{"event_name":"MindBloom","player_choice":"Fight","floor":46,"damage_taken":0}],"is_beta":false,"boss_relics":[{"not_picked":["Coffee Dripper","Tiny House"],"picked":"Empty Cage"},{"not_picked":["Lizard Tail","Runic Cube"],"picked":"Sozu"}],"items_purged_floors":[2,12,19,37,45],"is_endless":false,"potions_floor_spawned":[4,16,18,27,28,29,31,33,39,40],"ascension_level":0}