{"gold_per_floor":[118,60,90,90,105,131,131,161,187,202,202,45,59,84,84,158,158,169,94,94,9,28,28,45,45,97,124,61,74,74,74,74,146,146,162,162,62,62,62,96,96,96],"floor_reached":42,"playtime":1332,"items_purged":["Strike_B","Rebound"],"score":936,"play_id":"e0cdfa37-56c2-43e6-82be-f71d1fdc6dd8","local_time":"20190306121506","is_ascension_mode":true,"campfire_choices":[{"data":"Streamline","floor":7.0,"key":"SMITH"},{"data":"Zap","floor":11.0,"key":"SMITH"},{"data":"Rip and Tear","floor":15,"key":"SMITH"},{"data":"Buffer","floor":23,"key":"SMITH"},{"data":"Self Repair","floor":25,"key":"SMITH"},{"data":"Defragment","floor":30,"key":"SMITH"},{"data":"Echo Form","floor":32,"key":"SMITH"},{"data":"Dualcast","floor":41,"key":"SMITH"}],"neow_cost":"NONE","seed_source_timestamp":69841710107862,"circlet_count":0,"master_deck":["AscendersBane","Defend_B","Defend_B","Defend_B","Defend_B","Zap+1","Dualcast+1","Streamline+1","Cold Snap","Compile Driver","Conserve Battery","Rip and Tear+1","Self Repair+1","Buffer+1","Echo Form+1","Defragment+1","Echo Form","Loop+1","Hologram+1"],"special_seed":0,"relics":["Cracked Core","NeowsBlessing","Tiny Chest","Meat on the Bone","Odd Mushroom","Happy Flower","Juzu Bracelet","Busted Crown","DataDisk","MawBank","Orrery","Pocketwatch","Symbiotic Virus","Vajra"],"potions_floor_usage":[14,27,29],"damage_taken":[{"damage":0.0,"enemies":"Small Slimes","floor":1.0,"turns":1.0},{"damage":0.0,"enemies":"2 Louse","floor":5.0,"turns":1.0},{"damage":0.0,"enemies":"Lagavulin","floor":6.0,"turns":1.0},{"damage":17.0,"enemies":"The Mushroom Lair","floor":8.0,"turns":3.0},{"damage":1.0,"enemies":"Cultist","floor":10.0,"turns":3.0},{"damage":5.0,"enemies":"Large Slime","floor":13.0,"turns":3.0},{"damage":25,"enemies":"3 Sentries","floor":14,"turns":6},{"damage":9,"enemies":"The Guardian","floor":16,"turns":13},{"damage":25,"enemies":"Shell Parasite","floor":18,"turns":7},{"damage":0,"enemies":"Spheric Guardian","floor":22,"turns":4},{"damage":4,"enemies":"Centurion and Healer","floor":24,"turns":4},{"damage":12,"enemies":"Sentry and Sphere","floor":27,"turns":7},{"damage":22,"enemies":"Snake Plant","floor":29,"turns":4},{"damage":30,"enemies":"Automaton","floor":33,"turns":13},{"damage":12,"enemies":"Orb Walker","floor":35,"turns":4},{"damage":20,"enemies":"Nemesis","floor":40,"turns":7},{"damage":78,"enemies":"Reptomancer","floor":42,"turns":2}],"seed_played":"-8646143530632533152","potions_obtained":[{"floor":5.0,"key":"Explosive Potion"},{"floor":8.0,"key":"Dexterity Potion"},{"floor":24,"key":"SkillPotion"},{"floor":27,"key":"Block Potion"},{"floor":29,"key":"Poison Potion"}],"is_trial":false,"path_per_floor":["M","$","?","?","M","E","R","?","T","M","R","$","M","E","R","B",null,"M","?","?","?","M","R","M","R","T","M","$","M","R","?","R","B",null,"M","?","$","T","?","E","R","E"],"character_chosen":"DEFECT","items_purchased":["Streamline","Rip and Tear","Self Repair"],"campfire_rested":0,"item_purchase_floors":[2,12,12],"current_hp_per_floor":[64,64,59,52,52,52,52,47,47,46,46,46,41,35,35,45,65,54,54,34,34,46,46,49,49,49,59,59,69,69,69,69,49,69,67,67,67,67,67,57,57,0],"gold":96,"neow_bonus":"THREE_ENEMY_KILL","is_prod":false,"is_daily":false,"chose_seed":false,"campfire_upgraded":8,"win_rate":0,"timestamp":1551842106,"path_taken":["M","$","?","?","M","E","R","?","T","M","R","?","M","E","R","BOSS","M","?","?","?","M","R","M","R","T","M","$","M","R","?","R","BOSS","M","?","$","?","?","E","R","E"],"build_version":"2019-01-23","purchased_purges":2,"victory":false,"max_hp_per_floor":[71,71,71,71,71,71,71,71,71,71,71,71,71,71,71,71,71,71,71,76,76,76,76,76,76,76,76,76,76,76,76,76,76,76,76,76,76,76,76,76,76,76],"card_choices":[{"not_picked":["Turbo","Cold Snap"],"picked":"Rebound","floor":1.0},{"not_picked":["Genetic Algorithm","Rebound"],"picked":"Cold Snap","floor":5.0},{"not_picked":["Go for the Eyes","Amplify","Sweeping Beam"],"picked":"SKIP","floor":6.0},{"not_picked":["Stack","Tempest"],"picked":"Compile Driver","floor":8.0},{"not_picked":["Capacitor","Sweeping Beam"],"picked":"Conserve Battery","floor":10.0},{"not_picked":["Conserve Battery","Compile Driver","Streamline"],"picked":"SKIP","floor":13.0},{"not_picked":["Beam Cell","Turbo"],"picked":"Buffer","floor":14},{"not_picked":["Biased Cognition","Multi-Cast"],"picked":"Echo Form","floor":16},{"not_picked":["Streamline"],"picked":"SKIP","floor":18},{"not_picked":["Barrage"],"picked":"SKIP","floor":22},{"not_picked":["Steam+1"],"picked":"SKIP","floor":24},{"not_picked":[],"picked":"Defragment","floor":27},{"not_picked":["Sweeping Beam"],"picked":"SKIP","floor":29},{"not_picked":[],"picked":"Echo Form","floor":33},{"not_picked":[],"picked":"Loop+1","floor":35},{"not_picked":[],"picked":"Hologram+1","floor":40}],"player_experience":821425,"relics_obtained":[{"floor":6.0,"key":"Meat on the Bone"},{"floor":8.0,"key":"Odd Mushroom"},{"floor":9.0,"key":"Happy Flower"},{"floor":14,"key":"Juzu Bracelet"},{"floor":26,"key":"MawBank"},{"floor":38,"key":"Pocketwatch"},{"floor":40,"key":"Vajra"}],"event_choices":[{"damage_healed":0.0,"max_hp_gain":0.0,"max_hp_loss":0.0,"gold_gain":0.0,"event_name":"Scrap Ooze","player_choice":"Success","floor":3.0,"gold_loss":0.0,"damage_taken":5.0,"relics_obtained":["Tiny Chest"]},{"cards_removed":["Strike_B"],"damage_healed":0.0,"max_hp_gain":0.0,"max_hp_loss":0.0,"gold_gain":0.0,"event_name":"Golden Wing","player_choice":"Card Removal","floor":4.0,"gold_loss":0.0,"damage_taken":7.0},{"damage_healed":0.0,"max_hp_gain":0.0,"max_hp_loss":0.0,"gold_gain":0.0,"event_name":"Mushrooms","player_choice":"Fought Mushrooms","floor":8.0,"gold_loss":0.0,"damage_taken":0.0},{"cards_removed":["Strike_B"],"damage_healed":0,"gold_gain":0,"player_choice":"Gave Gold","damage_taken":0,"max_hp_gain":0,"max_hp_loss":0,"event_name":"Beggar","floor":19,"gold_loss":75},{"damage_healed":0,"gold_gain":0,"player_choice":"Shed Blood","damage_taken":25,"max_hp_gain":5,"max_hp_loss":0,"event_name":"Forgotten Altar","floor":20,"gold_loss":0},{"damage_healed":0,"gold_gain":0,"player_choice":"Obtained Relic","damage_taken":0,"relics_obtained":["DataDisk"],"max_hp_gain":0,"max_hp_loss":0,"event_name":"Addict","floor":21,"gold_loss":85},{"cards_removed":["Strike_B"],"damage_healed":0,"gold_gain":0,"player_choice":"Elegance","damage_taken":0,"max_hp_gain":0,"max_hp_loss":0,"event_name":"Back to Basics","floor":31,"gold_loss":0},{"damage_healed":0,"gold_gain":0,"player_choice":"Ignored","damage_taken":0,"max_hp_gain":0,"max_hp_loss":0,"event_name":"Tomb of Lord Red Mask","floor":36,"gold_loss":0},{"damage_healed":0,"gold_gain":0,"player_choice":"Gave Potion","damage_taken":0,"relics_obtained":["Symbiotic Virus"],"max_hp_gain":0,"max_hp_loss":0,"event_name":"WeMeetAgain","floor":39,"gold_loss":0}],"is_beta":false,"boss_relics":[{"not_picked":["Runic Dome","Ectoplasm"],"picked":"Busted Crown"},{"not_picked":["Sozu","Lizard Tail"],"picked":"Orrery"}],"items_purged_floors":[28,37],"is_endless":false,"potions_floor_spawned":[5,8,24,27,29],"killed_by":"Reptomancer","ascension_level":19}