{"gold_per_floor":[113,62,82,82,57,67,85,85,159,114,114,114,130,146,146,244,244,263,273,293,208,224,224,224,224,224,224,224,11,11,23,23,23],"floor_reached":33,"playtime":2274,"items_purged":[],"score":282,"play_id":"48293c42-e3be-45ea-ba9d-372e3028ec09","local_time":"20180909180011","is_ascension_mode":false,"campfire_choices":[{"floor":8,"key":"REST"},{"data":"Armaments","floor":12,"key":"SMITH"},{"data":"Carnage","floor":15,"key":"SMITH"},{"data":"Pommel Strike","floor":23,"key":"SMITH"},{"data":"Reaper","floor":25,"key":"SMITH"},{"data":"Whirlwind","floor":28,"key":"SMITH"},{"floor":32,"key":"REST"}],"neow_cost":"NONE","seed_source_timestamp":244810806460041,"circlet_count":0,"master_deck":["Strike_R","Strike_R","Strike_R","Strike_R","Strike_R","Defend_R","Defend_R","Defend_R","Defend_R","Bash","Flex","Cleave+1","Flex","Armaments+1","Whirlwind+1","Iron Wave","Pommel Strike+1","Clothesline","Carnage+1","Reaper+1","Flex+1","Seeing Red+1","Second Wind+1","Shrug It Off+1","Violence+1","Flex+1","Sword Boomerang"],"relics":["Burning Blood","Toxic Egg 2","Sozu","Omamori","Meat on the Bone","Pantograph"],"potions_floor_usage":[16,16,27,33],"damage_taken":[{"damage":4,"enemies":"2 Louse","floor":1,"turns":3},{"damage":2,"enemies":"Cultist","floor":3,"turns":5},{"damage":3,"enemies":"Jaw Worm","floor":6,"turns":4},{"damage":10,"enemies":"Looter","floor":7,"turns":4},{"damage":7,"enemies":"Blue Slaver","floor":13,"turns":3},{"damage":0,"enemies":"Gremlin Gang","floor":14,"turns":3},{"damage":70,"enemies":"The Guardian","floor":16,"turns":12},{"damage":0,"enemies":"Chosen","floor":18,"turns":3},{"damage":20,"enemies":"2 Thieves","floor":19,"turns":3},{"damage":15,"enemies":"Snake Plant","floor":20,"turns":3},{"damage":11,"enemies":"Cultist and Chosen","floor":22,"turns":4},{"damage":0,"enemies":"Slavers","floor":27,"turns":1},{"damage":42,"enemies":"Snecko","floor":31,"turns":6},{"damage":80,"enemies":"Champ","floor":33,"turns":12}],"seed_played":"-9140638260633364284","potions_obtained":[{"floor":0,"key":"Weak Potion"},{"floor":0,"key":"SmokeBomb"},{"floor":0,"key":"Explosive Potion"},{"floor":16,"key":"FearPotion"}],"is_trial":false,"path_per_floor":["M","$","M","?","$","M","M","R","T","$","?","R","M","M","R","B",null,"M","M","M","?","M","R","T","R","T","E","R","$","?","M","R"],"character_chosen":"IRONCLAD","items_purchased":["Cleave","Armaments","Pommel Strike","Violence+1","Flex+1"],"campfire_rested":2,"item_purchase_floors":[2,5,10,29,29],"current_hp_per_floor":[80,80,80,80,80,80,76,80,80,80,80,80,79,80,80,16,80,80,80,77,77,75,75,75,75,75,80,80,80,80,47,71,0],"gold":23,"neow_bonus":"THREE_SMALL_POTIONS","is_prod":false,"is_daily":false,"chose_seed":false,"campfire_upgraded":5,"win_rate":0.0,"timestamp":1536530411,"path_taken":["M","$","M","?","?","M","?","R","T","$","?","R","?","M","R","BOSS","M","M","?","?","?","R","?","R","T","E","R","$","?","M","R","BOSS"],"build_version":"2018-09-06","purchased_purges":0,"victory":false,"max_hp_per_floor":[80,80,80,80,80,80,80,80,80,80,80,80,80,80,80,80,80,80,80,80,80,80,80,80,80,80,80,80,80,80,80,80,80],"card_choices":[{"not_picked":["Anger","Entrench"],"picked":"Flex","floor":1},{"not_picked":["Sword Boomerang","Dark Embrace"],"picked":"Flex","floor":3},{"not_picked":["Rupture","Uppercut"],"picked":"Whirlwind","floor":6},{"not_picked":["Hemokinesis","Metallicize"],"picked":"Iron Wave","floor":7},{"not_picked":["Body Slam","Disarm+1"],"picked":"Clothesline","floor":13},{"not_picked":["Perfected Strike","Headbutt"],"picked":"Carnage","floor":14},{"not_picked":["Brutality","Juggernaut"],"picked":"Reaper","floor":16},{"not_picked":["Body Slam","Battle Trance+1"],"picked":"Flex+1","floor":18},{"not_picked":["Cleave+1","Bloodletting+1"],"picked":"Seeing Red+1","floor":19},{"not_picked":["Inflame","Anger"],"picked":"Second Wind+1","floor":20},{"not_picked":["Perfected Strike+1","Rupture"],"picked":"Shrug It Off+1","floor":22},{"not_picked":["Warcry+1","Burning Pact+1"],"picked":"Sword Boomerang","floor":31}],"player_experience":24797,"relics_obtained":[{"floor":9,"key":"Toxic Egg 2"},{"floor":24,"key":"Meat on the Bone"},{"floor":26,"key":"Pantograph"}],"event_choices":[{"event_name":"Living Wall","player_choice":"Grow","floor":4,"damage_taken":0},{"event_name":"Liars Game","player_choice":"disagreed","floor":11,"damage_taken":0},{"event_name":"Addict","player_choice":"Obtained Relic","floor":21,"damage_taken":0},{"event_name":"Vampires","player_choice":"Ignored","floor":30,"damage_taken":0}],"is_beta":false,"boss_relics":[{"not_picked":["Astrolabe","Busted Crown"],"picked":"Sozu"}],"items_purged_floors":[],"is_endless":false,"potions_floor_spawned":[1,6,14,16,18,19,22],"killed_by":"Champ","ascension_level":0}