{"gold_per_floor":[112,112,187,137,22,22,51,65,65,77,89,120,143,11,11,115,115,134,145,145,70,70,70,89,117,117,117,117,128,155,155,155,256,256,270,623,623,337,347,347,347,347,370,370,403,403,431,444,444,444,444,444,92,122,122],"floor_reached":56,"playtime":3226,"items_purged":["Strike_R","Clothesline","Iron Wave"],"score":1778,"play_id":"9ce14a84-8f15-4936-a2bf-831c6dd65c7e","local_time":"20181109200931","is_ascension_mode":true,"campfire_choices":[{"data":"Bash","floor":6,"key":"SMITH"},{"data":"Flame Barrier","floor":15,"key":"SMITH"},{"data":"Body Slam","floor":23,"key":"SMITH"},{"data":"Body Slam","floor":27,"key":"SMITH"},{"data":"Offering","floor":32,"key":"SMITH"},{"data":"Barricade","floor":40,"key":"SMITH"},{"data":"Burning Pact","floor":42,"key":"SMITH"},{"floor":46,"key":"RECALL"},{"data":"Burning Pact","floor":49,"key":"SMITH"},{"data":"Madness","floor":52,"key":"SMITH"}],"neow_cost":"NONE","seed_source_timestamp":464414416232854,"circlet_count":0,"master_deck":["Defend_R+1","Bash+1","Shrug It Off","Shrug It Off+1","Flame Barrier+1","Burning Pact+1","Burning Pact+1","Offering+1","Combust+1","Rupture+1","Sentinel+1","Spot Weakness","Body Slam+1","Armaments+1","Body Slam+1","Barricade+1","Madness+1","Master of Strategy","Headbutt+1","Uppercut+1","Shrug It Off+1","Body Slam","Offering+1","Shrug It Off+1"],"relics":["Burning Blood","Magic Flower","Self Forming Clay","MawBank","Oddly Smooth Stone","Astrolabe","Meat on the Bone","Darkstone Periapt","Pocketwatch","Busted Crown","Old Coin","Dream Catcher","Anchor","DollysMirror","Centennial Puzzle"],"potions_floor_usage":[30,55,55,55],"damage_taken":[{"damage":6,"enemies":"Jaw Worm","floor":1,"turns":5},{"damage":28,"enemies":"3 Sentries","floor":7,"turns":21},{"damage":0,"enemies":"Small Slimes","floor":8,"turns":8},{"damage":0,"enemies":"2 Louse","floor":12,"turns":4},{"damage":2,"enemies":"2 Fungi Beasts","floor":13,"turns":6},{"damage":36,"enemies":"The Guardian","floor":16,"turns":20},{"damage":10,"enemies":"2 Thieves","floor":18,"turns":5},{"damage":0,"enemies":"Shell Parasite","floor":19,"turns":9},{"damage":0,"enemies":"Snake Plant","floor":24,"turns":3},{"damage":14,"enemies":"Book of Stabbing","floor":25,"turns":4},{"damage":3,"enemies":"Centurion and Healer","floor":29,"turns":6},{"damage":3,"enemies":"Gremlin Leader","floor":30,"turns":4},{"damage":22,"enemies":"Collector","floor":33,"turns":7},{"damage":0,"enemies":"3 Shapes","floor":35,"turns":4},{"damage":18,"enemies":"2 Orb Walkers","floor":36,"turns":5},{"damage":6,"enemies":"Orb Walker","floor":39,"turns":3},{"damage":0,"enemies":"Nemesis","floor":45,"turns":5},{"damage":8,"enemies":"Giant Head","floor":47,"turns":5},{"damage":0,"enemies":"Jaw Worm Horde","floor":48,"turns":3},{"damage":6,"enemies":"Awakened One","floor":50,"turns":8},{"damage":12,"enemies":"Shield and Spear","floor":54,"turns":3},{"damage":14,"enemies":"The Heart","floor":55,"turns":5}],"seed_played":"959018980215007079","potions_obtained":[{"floor":1,"key":"Poison Potion"},{"floor":12,"key":"EssenceOfSteel"},{"floor":13,"key":"SpeedPotion"},{"floor":25,"key":"AttackPotion"},{"floor":33,"key":"SpeedPotion"},{"floor":36,"key":"Weak Potion"}],"is_trial":false,"path_per_floor":["M","?","?","?","$","R","E","M","T","?","?","M","M","$","R","B",null,"M","M","?","?","?","R","M","E","T","R","?","M","E","$","R","B",null,"M","?","?","$","M","R","?","R","T","?","E","R","E","M","R","B",null,"R","$","E","B",null],"character_chosen":"IRONCLAD","items_purchased":["Flame Barrier","Oddly Smooth Stone","Master of Strategy","Body Slam","DollysMirror"],"campfire_rested":0,"item_purchase_floors":[5,14,38,53,53],"current_hp_per_floor":[80,73,62,62,62,62,43,52,52,36,36,45,52,52,52,25,66,65,74,74,74,74,74,80,75,75,75,60,66,72,72,72,59,79,85,76,65,65,68,68,68,68,68,68,77,77,78,85,85,85,85,85,85,82,77],"gold":122,"neow_bonus":"TRANSFORM_CARD","is_prod":false,"is_daily":false,"chose_seed":false,"campfire_upgraded":9,"win_rate":0,"timestamp":1541812171,"path_taken":["M","?","?","?","$","R","E","M","T","?","?","?","M","$","R","BOSS","M","M","?","?","?","R","?","E","T","R","?","M","E","$","R","BOSS","M","?","?","$","M","R","?","R","T","?","E","R","E","M","R","BOSS","R","$","E","BOSS"],"build_version":"2018-11-08","purchased_purges":3,"victory":true,"max_hp_per_floor":[80,80,80,80,80,80,80,80,80,80,80,80,80,80,80,80,80,80,80,80,80,80,80,80,80,80,80,85,85,85,85,85,85,85,85,85,85,85,85,85,85,85,85,85,85,85,85,85,85,85,85,85,85,85,85],"card_choices":[{"not_picked":["Warcry","Anger"],"picked":"Shrug It Off","floor":1},{"not_picked":["Havoc","Cleave"],"picked":"Burning Pact","floor":7},{"not_picked":["Pummel","Anger"],"picked":"Burning Pact","floor":8},{"not_picked":["Twin Strike","Rage","Heavy Blade"],"picked":"SKIP","floor":12},{"not_picked":["Havoc","Heavy Blade","Second Wind"],"picked":"SKIP","floor":13},{"not_picked":["Brutality","Fiend Fire"],"picked":"Offering","floor":16},{"not_picked":["Seeing Red+1","Evolve+1"],"picked":"Spot Weakness","floor":18},{"not_picked":["Iron Wave+1","Shrug It Off"],"picked":"Body Slam","floor":19},{"not_picked":["Flex+1","Cleave"],"picked":"Armaments+1","floor":24},{"not_picked":["Entrench","Warcry"],"picked":"Body Slam","floor":25},{"not_picked":["Rupture","Pommel Strike","Flex"],"picked":"SKIP","floor":29},{"not_picked":["Carnage","Shockwave"],"picked":"Iron Wave","floor":30},{"not_picked":["Limit Break","Exhume"],"picked":"Barricade","floor":33},{"not_picked":["Second Wind+1"],"picked":"SKIP","floor":35},{"not_picked":["Heavy Blade+1"],"picked":"SKIP","floor":39},{"not_picked":[],"picked":"Headbutt+1","floor":45},{"not_picked":[],"picked":"Uppercut+1","floor":47},{"not_picked":[],"picked":"Shrug It Off+1","floor":48},{"not_picked":[],"picked":"Shrug It Off+1","floor":54}],"player_experience":338979,"relics_obtained":[{"floor":7,"key":"Self Forming Clay"},{"floor":9,"key":"MawBank"},{"floor":25,"key":"Meat on the Bone"},{"floor":26,"key":"Darkstone Periapt"},{"floor":30,"key":"Pocketwatch"},{"floor":36,"key":"Old Coin"},{"floor":45,"key":"Dream Catcher"},{"floor":47,"key":"Anchor"},{"floor":54,"key":"Centennial Puzzle"}],"event_choices":[{"damage_healed":0,"gold_gain":0,"player_choice":"Success","damage_taken":7,"relics_obtained":["Magic Flower"],"max_hp_gain":0,"max_hp_loss":0,"event_name":"Scrap Ooze","floor":2,"gold_loss":0},{"damage_healed":0,"gold_gain":75,"player_choice":"Gather Gold","damage_taken":11,"max_hp_gain":0,"max_hp_loss":0,"event_name":"World of Goop","floor":3,"gold_loss":0},{"cards_removed":["Strike_R"],"damage_healed":0,"gold_gain":0,"player_choice":"Card Removal","damage_taken":0,"max_hp_gain":0,"max_hp_loss":0,"event_name":"The Cleric","floor":4,"gold_loss":50},{"damage_healed":0,"gold_gain":0,"player_choice":"Entered Light","damage_taken":16,"max_hp_gain":0,"max_hp_loss":0,"event_name":"Shining Light","floor":10,"gold_loss":0,"cards_upgraded":["Defend_R","Shrug It Off"]},{"damage_healed":0,"gold_gain":0,"player_choice":"Ignored","damage_taken":0,"max_hp_gain":0,"max_hp_loss":0,"event_name":"Golden Idol","floor":11,"gold_loss":0},{"damage_healed":0,"gold_gain":0,"player_choice":"Read","damage_taken":0,"max_hp_gain":0,"max_hp_loss":0,"event_name":"The Library","floor":20,"gold_loss":0,"cards_obtained":["Clothesline"]},{"cards_removed":["Strike_R"],"damage_healed":0,"gold_gain":0,"player_choice":"Gave Gold","damage_taken":0,"max_hp_gain":0,"max_hp_loss":0,"event_name":"Beggar","floor":21,"gold_loss":75},{"cards_removed":["Defend_R"],"damage_healed":0,"gold_gain":0,"player_choice":"Purged","damage_taken":0,"max_hp_gain":0,"max_hp_loss":0,"event_name":"Purifier","floor":22,"gold_loss":0},{"damage_healed":0,"gold_gain":0,"player_choice":"Shed Blood","damage_taken":20,"max_hp_gain":5,"max_hp_loss":0,"event_name":"Forgotten Altar","floor":28,"gold_loss":0},{"damage_healed":0,"gold_gain":0,"player_choice":"Fight","damage_taken":0,"max_hp_gain":0,"max_hp_loss":0,"event_name":"Mysterious Sphere","floor":36,"gold_loss":0},{"damage_healed":0,"gold_gain":0,"player_choice":"Embrace Madness","damage_taken":11,"max_hp_gain":0,"max_hp_loss":0,"event_name":"Winding Halls","floor":37,"gold_loss":0,"cards_obtained":["Madness","Madness"]},{"damage_healed":0,"gold_gain":0,"player_choice":"Ignored","damage_taken":0,"max_hp_gain":0,"max_hp_loss":0,"event_name":"Tomb of Lord Red Mask","floor":41,"gold_loss":0},{"cards_removed":["Madness"],"damage_healed":0,"gold_gain":0,"player_choice":"Removed Skill","damage_taken":0,"max_hp_gain":0,"max_hp_loss":0,"event_name":"Falling","floor":44,"gold_loss":0}],"is_beta":true,"boss_relics":[{"not_picked":["Eternal Feather","Ectoplasm"],"picked":"Astrolabe"},{"not_picked":["Pandora\u0027s Box","Tiny House"],"picked":"Busted Crown"}],"items_purged_floors":[5,38,53],"is_endless":false,"potions_floor_spawned":[1,12,13,16,19,25,29,33,36,39,48],"ascension_level":5}