{"gold_per_floor":[99,99,24,24,24,24,24,24,24,24,24,24,24,24,24,24,24,24,24,24,24,24,24,24,24,24,24,24,24,24,24,24,24,24,24,24,24,24,24,24,24,24,24,24,24,24,24,24,24,24],"floor_reached":51,"playtime":1598,"items_purged":["Strike_G"],"score":694,"play_id":"3157a214-e090-45b0-b781-4e490f7a8288","local_time":"20180910094652","is_ascension_mode":false,"campfire_choices":[{"data":"Noxious Fumes","floor":6.0,"key":"SMITH"},{"data":"Catalyst","floor":11.0,"key":"SMITH"},{"data":"Neutralize","floor":13.0,"key":"SMITH"},{"data":"Bouncing Flask","floor":15.0,"key":"SMITH"},{"data":"Burst","floor":23.0,"key":"SMITH"},{"floor":25.0,"key":"REST"},{"data":"Bullet Time","floor":27.0,"key":"SMITH"},{"data":"Well Laid Plans","floor":29.0,"key":"SMITH"},{"data":"Backflip","floor":32.0,"key":"SMITH"},{"floor":40.0,"key":"REST"},{"floor":44.0,"key":"REST"},{"floor":49,"key":"REST"}],"neow_cost":"NONE","seed_source_timestamp":468078039490568,"circlet_count":0,"master_deck":["Defend_G","Defend_G","Defend_G","Defend_G","Defend_G","Strike_G","Strike_G","Survivor","Neutralize+1","Dagger Spray","Noxious Fumes+1","Catalyst+1","Bouncing Flask+1","Deadly Poison","Well Laid Plans+1","Burst+1","Catalyst+1","Bullet Time+1","Backflip+1","Adrenaline","Backflip+1","Noxious Fumes+1","Dodge and Roll+1","Dodge and Roll+1","Escape Plan+1"],"special_seed":0,"relics":["Ectoplasm"],"potions_floor_usage":[48],"damage_taken":[{"damage":0.0,"enemies":"Jaw Worm","floor":1.0,"turns":5.0},{"damage":0.0,"enemies":"Cultist","floor":4.0,"turns":5.0},{"damage":0.0,"enemies":"2 Louse","floor":5.0,"turns":3.0},{"damage":0.0,"enemies":"Gremlin Gang","floor":7.0,"turns":4.0},{"damage":0.0,"enemies":"2 Fungi Beasts","floor":8.0,"turns":3.0},{"damage":2.0,"enemies":"Blue Slaver","floor":10.0,"turns":3.0},{"damage":11.0,"enemies":"Large Slime","floor":14.0,"turns":2.0},{"damage":21.0,"enemies":"Slime Boss","floor":16.0,"turns":6.0},{"damage":8.0,"enemies":"Shell Parasite","floor":18.0,"turns":4.0},{"damage":13.0,"enemies":"Spheric Guardian","floor":20.0,"turns":4.0},{"damage":8.0,"enemies":"Shelled Parasite and Fungi","floor":21.0,"turns":4.0},{"damage":11.0,"enemies":"Chosen and Byrds","floor":30.0,"turns":3.0},{"damage":14.0,"enemies":"Collector","floor":33.0,"turns":5.0},{"damage":33.0,"enemies":"3 Darklings","floor":35.0,"turns":5.0},{"damage":0.0,"enemies":"3 Shapes","floor":37.0,"turns":4.0},{"damage":41.0,"enemies":"2 Orb Walkers","floor":41.0,"turns":4.0},{"damage":16.0,"enemies":"Spire Growth","floor":42.0,"turns":4.0},{"damage":0.0,"enemies":"Maw","floor":45.0,"turns":4.0},{"damage":9.0,"enemies":"Transient","floor":46.0,"turns":5.0},{"damage":19,"enemies":"Reptomancer","floor":48,"turns":5},{"damage":14,"enemies":"Time Eater","floor":50,"turns":4}],"seed_played":"-7013708494610792595","potions_obtained":[{"floor":4.0,"key":"Regen Potion"},{"floor":7.0,"key":"Regen Potion"},{"floor":14.0,"key":"Regen Potion"},{"floor":30.0,"key":"SkillPotion"},{"floor":33.0,"key":"Poison Potion"},{"floor":42.0,"key":"GhostInAJar"},{"floor":45.0,"key":"FearPotion"},{"floor":46.0,"key":"FearPotion"}],"is_trial":false,"path_per_floor":["M","?","$","M","M","R","M","M","T","M","R","?","R","M","R","B",null,"M","?","M","M","?","R","?","R","T","R","$","R","M","$","R","B",null,"M","?","M","?","?","R","E","M","T","R","M","M","$","M","R","B"],"character_chosen":"THE_SILENT","items_purchased":[],"campfire_rested":4,"item_purchase_floors":[],"current_hp_per_floor":[70,70,70,70,70,70,70,70,70,68,68,68,68,57,57,36,70,62,62,49,41,28,28,28,50,50,50,50,50,39,39,39,37,75,42,42,42,42,42,64,37,21,21,43,43,34,34,15,37,23],"gold":24,"neow_bonus":"BOSS_RELIC","is_prod":false,"is_daily":false,"chose_seed":false,"campfire_upgraded":8,"win_rate":0,"timestamp":1536540412,"path_taken":["M","?","$","M","M","R","?","?","T","M","R","?","R","M","R","BOSS","M","?","M","M","?","R","?","R","T","R","$","R","M","$","R","BOSS","M","?","M","?","?","R","E","M","T","R","M","M","$","M","R","BOSS"],"build_version":"2018-09-06","purchased_purges":1,"victory":true,"max_hp_per_floor":[70,70,70,70,70,70,70,70,70,70,70,70,70,70,70,70,70,70,70,70,70,75,75,75,75,75,75,75,75,75,75,75,75,75,75,75,75,75,75,75,75,75,75,75,75,75,75,75,75,75],"card_choices":[{"not_picked":["Acrobatics","Blur"],"picked":"Dagger Spray","floor":1.0},{"not_picked":["Leg Sweep","Slice"],"picked":"Noxious Fumes","floor":4.0},{"not_picked":["Backflip","Deadly Poison"],"picked":"Catalyst","floor":5.0},{"not_picked":["Dagger Throw","Caltrops"],"picked":"Bouncing Flask","floor":7.0},{"not_picked":["Cloak And Dagger","Sucker Punch","Tactician"],"picked":"SKIP","floor":8.0},{"not_picked":["Cloak And Dagger","Riddle With Holes"],"picked":"Deadly Poison","floor":10.0},{"not_picked":["Deadly Poison","Sucker Punch"],"picked":"Well Laid Plans","floor":14.0},{"not_picked":["Malaise","Bullet Time"],"picked":"Burst","floor":16.0},{"not_picked":["Quick Slash","Outmaneuver","Flechettes"],"picked":"SKIP","floor":18.0},{"not_picked":["Deadly Poison+1","Flying Knee","All Out Attack"],"picked":"SKIP","floor":20.0},{"not_picked":["Underhanded Strike","Blade Dance"],"picked":"Bullet Time","floor":21.0},{"not_picked":["Poisoned Stab+1","Bouncing Flask+1"],"picked":"Backflip","floor":30.0},{"not_picked":["A Thousand Cuts","Venomology"],"picked":"Adrenaline","floor":33.0},{"not_picked":["Acrobatics","Dagger Throw"],"picked":"Backflip+1","floor":35.0},{"not_picked":["Dagger Throw","Caltrops","Setup+1"],"picked":"SKIP","floor":37.0},{"not_picked":["Quick Slash+1","Prepared"],"picked":"Noxious Fumes+1","floor":41.0},{"not_picked":["Bane","Noxious Fumes+1"],"picked":"Dodge and Roll+1","floor":42.0},{"not_picked":["Infinite Blades+1","Noxious Fumes+1"],"picked":"Dodge and Roll+1","floor":45.0},{"not_picked":["Dodge and Roll","Catalyst","Cloak And Dagger"],"picked":"SKIP","floor":46.0},{"not_picked":["Outmaneuver","Choke"],"picked":"Escape Plan+1","floor":48}],"player_experience":641549,"relics_obtained":[],"event_choices":[{"event_name":"Bonfire Elementals","player_choice":"BASIC","floor":2.0,"damage_taken":0.0},{"event_name":"Scrap Ooze","player_choice":"unsuccessful","floor":12.0,"damage_taken":0.0},{"event_name":"Duplicator","player_choice":"One dupe","floor":19.0,"damage_taken":0.0},{"event_name":"Forgotten Altar","player_choice":"Shed Blood","floor":22.0,"damage_taken":0.0},{"event_name":"Cursed Tome","player_choice":"Ignored","floor":24.0,"damage_taken":0.0},{"event_name":"Falling","player_choice":"Removed Attack","floor":36.0,"damage_taken":0.0},{"event_name":"Mysterious Sphere","player_choice":"Ignore","floor":38.0,"damage_taken":0.0},{"event_name":"SensoryStone","player_choice":"Memory 1","floor":39.0,"damage_taken":0.0}],"is_beta":false,"boss_relics":[{"not_picked":["Cursed Key","WristBlade","Runic Pyramid"]},{"not_picked":["Philosopher\u0027s Stone","Coffee Dripper","Empty Cage"]}],"items_purged_floors":[3],"is_endless":false,"potions_floor_spawned":[4,7,14,30,33,35,42,45,46],"ascension_level":0}