{"gold_per_floor":[119,136,136,149,149,149,74,19,19,19,46,46,80,95,95,166,166,180,200,180,199,210,210,238,238,238,4,36,36,47,59,59,130,130,145,145,225,225,6,6,20,49,49,49,49,59,59,86,86,86],"floor_reached":50,"playtime":1770,"items_purged":[],"score":1033,"play_id":"ffcee2b8-9c7b-44c5-a41f-6cd93ea53935","local_time":"20181211191505","is_ascension_mode":true,"campfire_choices":[{"data":"Bludgeon","floor":6.0,"key":"SMITH"},{"data":"Bash","floor":10.0,"key":"SMITH"},{"data":"Perfected Strike","floor":12.0,"key":"SMITH"},{"data":"True Grit","floor":15.0,"key":"SMITH"},{"floor":23.0,"key":"REST"},{"floor":25.0,"key":"REST"},{"data":"Perfected Strike","floor":32,"key":"SMITH"},{"data":"Perfected Strike","floor":40,"key":"SMITH"},{"floor":45,"key":"REST"},{"floor":47,"key":"REST"},{"floor":49,"key":"RECALL"}],"neow_cost":"NONE","seed_source_timestamp":0,"circlet_count":0,"master_deck":["AscendersBane","Strike_R","Strike_R","Strike_R","Strike_R","Defend_R","Defend_R","Defend_R","Bash+1","Perfected Strike+1","Shrug It Off","Metallicize+1","True Grit+1","Thunderclap","Double Tap","Metallicize+1","Twin Strike","Combust+1","Wild Strike","Reaper","Inflame+1","Perfected Strike+1","Perfected Strike+1","Clothesline+1","Immolate","Perfected Strike+1","Madness","Madness","Shrug It Off","Metallicize+1","Perfected Strike","Shrug It Off","True Grit+1"],"special_seed":0,"relics":["Burning Blood","Frozen Egg 2","Centennial Puzzle","Ancient Tea Set","Mark of Pain","Potion Belt","Strawberry","FaceOfCleric","Philosopher\u0027s Stone","Question Card","PreservedInsect","Dream Catcher","Orichalcum","Juzu Bracelet"],"potions_floor_usage":[33,33,33,48,50,50,50],"damage_taken":[{"damage":1.0,"enemies":"Cultist","floor":1.0,"turns":3.0},{"damage":0.0,"enemies":"Small Slimes","floor":2.0,"turns":3.0},{"damage":3.0,"enemies":"2 Louse","floor":4.0,"turns":3.0},{"damage":20.0,"enemies":"3 Sentries","floor":11.0,"turns":6.0},{"damage":11.0,"enemies":"Lagavulin","floor":13.0,"turns":4.0},{"damage":0.0,"enemies":"Exordium Wildlife","floor":14.0,"turns":4.0},{"damage":43.0,"enemies":"Slime Boss","floor":16.0,"turns":10.0},{"damage":22.0,"enemies":"3 Byrds","floor":18.0,"turns":6.0},{"damage":0.0,"enemies":"Spheric Guardian","floor":19.0,"turns":1.0},{"damage":22.0,"enemies":"Shelled Parasite and Fungi","floor":21.0,"turns":4.0},{"damage":20.0,"enemies":"Snake Plant","floor":22.0,"turns":3.0},{"damage":27.0,"enemies":"Gremlin Leader","floor":24.0,"turns":4.0},{"damage":32.0,"enemies":"Slavers","floor":28.0,"turns":6.0},{"damage":23,"enemies":"3 Cultists","floor":30,"turns":4},{"damage":0,"enemies":"Centurion and Healer","floor":31,"turns":6},{"damage":17,"enemies":"Champ","floor":33,"turns":9},{"damage":24,"enemies":"3 Shapes","floor":35,"turns":3},{"damage":19,"enemies":"3 Darklings","floor":41,"turns":3},{"damage":31,"enemies":"Giant Head","floor":42,"turns":6},{"damage":16,"enemies":"Maw","floor":46,"turns":7},{"damage":68,"enemies":"Nemesis","floor":48,"turns":9},{"damage":33,"enemies":"Donu and Deca","floor":50,"turns":2}],"seed_played":"-2819364287009289731","potions_obtained":[{"floor":0.0,"key":"Weak Potion"},{"floor":0.0,"key":"Poison Potion"},{"floor":16.0,"key":"Poison Potion"},{"floor":20.0,"key":"Poison Potion"},{"floor":22.0,"key":"AttackPotion"},{"floor":24.0,"key":"LiquidBronze"},{"floor":28.0,"key":"EssenceOfSteel"},{"floor":31,"key":"PowerPotion"},{"floor":35,"key":"Poison Potion"},{"floor":42,"key":"LiquidBronze"},{"floor":46,"key":"PowerPotion"},{"floor":48,"key":"Dexterity Potion"}],"is_trial":false,"path_per_floor":["M","M","?","M","?","R","?","$","T","R","E","R","E","M","R","B",null,"M","M","?","M","M","R","E","R","T","$","E","?","M","M","R","B",null,"M","?","T","?","$","R","M","E","T","?","R","M","R","E","R","B"],"character_chosen":"IRONCLAD","items_purchased":["Shrug It Off","Reaper","Inflame+1","PreservedInsect","Shrug It Off"],"campfire_rested":4,"item_purchase_floors":[8,27,27,39,39],"current_hp_per_floor":[73,75,68,71,76,76,76,76,76,76,62,62,57,63,63,26,67,51,57,57,41,27,51,30,54,54,54,47,47,31,48,48,45,79,70,70,70,54,54,54,42,28,28,15,42,43,71,20,20,0],"gold":86,"neow_bonus":"THREE_SMALL_POTIONS","is_prod":false,"is_daily":false,"chose_seed":false,"campfire_upgraded":6,"win_rate":0,"timestamp":1544523305,"path_taken":["M","?","?","M","?","R","?","$","T","R","E","R","E","?","R","BOSS","M","M","?","M","?","R","E","R","T","$","E","?","M","M","R","BOSS","M","?","?","?","?","R","M","E","T","?","R","?","R","E","R","BOSS"],"build_version":"2018-12-06","purchased_purges":0,"victory":false,"max_hp_per_floor":[75,75,75,75,80,80,80,80,80,80,80,80,80,80,80,80,80,80,80,80,80,80,80,80,80,80,80,87,87,88,89,89,90,90,91,91,91,91,91,91,92,93,93,93,93,94,94,95,95,95],"card_choices":[{"not_picked":["Sentinel","Shockwave","Heavy Blade"],"picked":"SKIP","floor":1.0},{"not_picked":["Disarm","Rupture"],"picked":"Perfected Strike","floor":2.0},{"not_picked":["Body Slam","Flex"],"picked":"Bludgeon","floor":4.0},{"not_picked":["Reckless Charge","Seeing Red"],"picked":"Metallicize+1","floor":11.0},{"not_picked":["Power Through","Pummel"],"picked":"True Grit","floor":13.0},{"not_picked":["Hemokinesis","Flex"],"picked":"Thunderclap","floor":14.0},{"not_picked":["Feed","Offering"],"picked":"Double Tap","floor":16.0},{"not_picked":["Inflame+1","Anger+1"],"picked":"Metallicize+1","floor":18.0},{"not_picked":["Dropkick","Carnage"],"picked":"Twin Strike","floor":19.0},{"not_picked":["Havoc","Spot Weakness"],"picked":"Combust+1","floor":21.0},{"not_picked":["Clash","Carnage"],"picked":"Wild Strike","floor":22.0},{"not_picked":["Burning Pact","Juggernaut+1","Spot Weakness+1"],"picked":"SKIP","floor":24.0},{"not_picked":["Metallicize+1","Sentinel"],"picked":"Perfected Strike+1","floor":28.0},{"not_picked":["Second Wind","Shrug It Off"],"picked":"Perfected Strike","floor":30},{"not_picked":["Sword Boomerang","Cleave"],"picked":"Clothesline+1","floor":31},{"not_picked":["Bludgeon","Exhume"],"picked":"Immolate","floor":33},{"not_picked":["Iron Wave","Pommel Strike"],"picked":"Perfected Strike","floor":35},{"not_picked":["True Grit","Rage","Iron Wave","Shrug It Off"],"picked":"SKIP","floor":41},{"not_picked":["Carnage","Anger","Juggernaut+1"],"picked":"Metallicize+1","floor":42},{"not_picked":["Spot Weakness+1","Armaments","Whirlwind"],"picked":"Perfected Strike","floor":45},{"not_picked":["Feel No Pain+1","True Grit","Rage","Clash+1"],"picked":"SKIP","floor":46},{"not_picked":["Armaments","Warcry","Combust+1"],"picked":"Shrug It Off","floor":47},{"not_picked":["Clash+1","Wild Strike","Feel No Pain+1"],"picked":"True Grit+1","floor":48}],"player_experience":748538,"relics_obtained":[{"floor":9.0,"key":"Frozen Egg 2"},{"floor":11.0,"key":"Centennial Puzzle"},{"floor":13.0,"key":"Ancient Tea Set"},{"floor":24.0,"key":"Potion Belt"},{"floor":28.0,"key":"Strawberry"},{"floor":37,"key":"Question Card"},{"floor":42,"key":"Dream Catcher"},{"floor":43,"key":"Orichalcum"},{"floor":48,"key":"Juzu Bracelet"}],"event_choices":[{"cards_removed":["Defend_R"],"damage_healed":0.0,"max_hp_gain":0.0,"max_hp_loss":0.0,"gold_gain":0.0,"event_name":"Golden Wing","player_choice":"Card Removal","floor":3.0,"gold_loss":0.0,"damage_taken":7.0},{"damage_healed":0.0,"max_hp_gain":5.0,"max_hp_loss":0.0,"gold_gain":0.0,"event_name":"Big Fish","player_choice":"Donut","floor":5.0,"gold_loss":0.0,"damage_taken":0.0},{"cards_removed":["Strike_R"],"damage_healed":0.0,"max_hp_gain":0.0,"max_hp_loss":0.0,"gold_gain":0.0,"event_name":"The Cleric","player_choice":"Card Removal","floor":7.0,"gold_loss":75.0,"damage_taken":0.0},{"damage_healed":0.0,"max_hp_gain":0.0,"max_hp_loss":0.0,"gold_gain":0.0,"event_name":"The Woman in Blue","player_choice":"Bought 1 Potion","floor":20.0,"gold_loss":0.0,"damage_taken":0.0},{"damage_healed":0.0,"max_hp_gain":0.0,"max_hp_loss":0.0,"gold_gain":0.0,"event_name":"FaceTrader","player_choice":"Trade","floor":29.0,"gold_loss":0.0,"damage_taken":0.0,"relics_obtained":["FaceOfCleric"]},{"cards_removed":["Bludgeon"],"damage_healed":0,"gold_gain":0,"player_choice":"Removed Attack","damage_taken":0,"max_hp_gain":0,"max_hp_loss":0,"event_name":"Falling","floor":36,"gold_loss":0},{"damage_healed":0,"gold_gain":0,"player_choice":"Embrace Madness","damage_taken":16,"max_hp_gain":0,"max_hp_loss":0,"event_name":"Winding Halls","floor":38,"gold_loss":0,"cards_obtained":["Madness","Madness"]},{"damage_healed":0,"gold_gain":0,"player_choice":"Damaged","damage_taken":13,"max_hp_gain":0,"max_hp_loss":0,"event_name":"Wheel of Change","floor":44,"gold_loss":0}],"is_beta":false,"boss_relics":[{"not_picked":["Runic Dome","Empty Cage"],"picked":"Mark of Pain"},{"not_picked":["Pandora\u0027s Box","Lizard Tail"],"picked":"Philosopher\u0027s Stone"}],"items_purged_floors":[],"is_endless":false,"potions_floor_spawned":[4,11,16,22,24,28,31,35,42,46,48],"killed_by":"Donu and Deca","ascension_level":16}