{"gold_per_floor":[118,118,47,67,85,95,95,112,112,126,126,137,137,164,164,261,261,277,292,292,166,179,179,192,227,227,227,242,152,166,189,201,317,329,351,363,205,1204,600],"floor_reached":39,"playtime":1122,"items_purged":["Cleave","Normality"],"score":453,"play_id":"93466f91-b445-497e-a019-9f75799c162c","local_time":"20181204144122","is_ascension_mode":false,"campfire_choices":[{"data":"Flame Barrier","floor":7,"key":"SMITH"},{"data":"Bash","floor":13,"key":"SMITH"},{"data":"Inflame","floor":15,"key":"SMITH"},{"floor":23,"key":"RECALL"},{"data":"Sword Boomerang","floor":27,"key":"SMITH"},{"data":"Wild Strike","floor":32,"key":"SMITH"}],"neow_cost":"PERCENT_DAMAGE","seed_source_timestamp":266786690511268,"circlet_count":0,"master_deck":["Strike_R","Strike_R","Strike_R","Strike_R","Strike_R","Defend_R","Defend_R","Defend_R","Bash+1","Flame Barrier+1","Inflame+1","Twin Strike+1","Power Through","Perfected Strike+1","Sword Boomerang+1","Twin Strike","Impervious","Pommel Strike","Whirlwind+1","Shrug It Off","Pummel","Ghostly Armor","Evolve+1","Wild Strike+1","Offering","Carnage","Apotheosis","Normality"],"relics":["Burning Blood","Incense Burner","Juzu Bracelet","Bronze Scales","Mercury Hourglass","Runic Dome","Art of War","MawBank","Snecko Eye","Medical Kit","Vajra","PreservedInsect"],"potions_floor_usage":[],"damage_taken":[{"damage":3,"enemies":"2 Louse","floor":1,"turns":4},{"damage":1,"enemies":"Jaw Worm","floor":4,"turns":5},{"damage":0,"enemies":"Cultist","floor":5,"turns":3},{"damage":12,"enemies":"Exordium Thugs","floor":6,"turns":3},{"damage":4,"enemies":"Red Slaver","floor":8,"turns":4},{"damage":9,"enemies":"Blue Slaver","floor":10,"turns":3},{"damage":0,"enemies":"Looter","floor":12,"turns":2},{"damage":12,"enemies":"3 Sentries","floor":14,"turns":6},{"damage":20,"enemies":"Slime Boss","floor":16,"turns":6},{"damage":0,"enemies":"Chosen","floor":18,"turns":3},{"damage":2,"enemies":"Shell Parasite","floor":19,"turns":4},{"damage":0,"enemies":"Cultist and Chosen","floor":22,"turns":3},{"damage":2,"enemies":"Sentry and Sphere","floor":24,"turns":4},{"damage":0,"enemies":"Gremlin Leader","floor":25,"turns":3},{"damage":12,"enemies":"Centurion and Healer","floor":28,"turns":5},{"damage":3,"enemies":"Snake Plant","floor":30,"turns":3},{"damage":61,"enemies":"Collector","floor":33,"turns":9},{"damage":4,"enemies":"3 Shapes","floor":35,"turns":2}],"seed_played":"-6879627988840206034","potions_obtained":[{"floor":6,"key":"Swift Potion"},{"floor":8,"key":"Energy Potion"},{"floor":10,"key":"Energy Potion"},{"floor":14,"key":"Explosive Potion"},{"floor":24,"key":"EntropicBrew"},{"floor":33,"key":"BloodPotion"}],"is_trial":false,"path_per_floor":["M","?","$","M","M","M","R","M","T","M","?","M","R","E","R","B",null,"M","M","?","$","M","R","M","E","T","R","M","?","M","T","R","B",null,"M","?","$","?","$"],"character_chosen":"IRONCLAD","items_purchased":["Inflame","Shrug It Off","Apotheosis","Medical Kit","Vajra","PreservedInsect"],"campfire_rested":0,"item_purchase_floors":[3,21,37,39,39,39],"current_hp_per_floor":[59,52,52,57,63,57,57,59,59,56,40,46,46,40,40,26,80,80,80,80,80,80,80,80,80,80,80,74,74,77,77,77,22,80,80,80,80,80,80],"gold":600,"neow_bonus":"ONE_RARE_RELIC","is_prod":false,"is_daily":false,"chose_seed":false,"campfire_upgraded":5,"win_rate":0,"timestamp":1543902082,"path_taken":["M","?","$","M","M","M","R","M","T","M","?","M","R","E","R","BOSS","M","M","?","?","M","R","M","E","T","R","M","?","M","?","R","BOSS","M","?","$","?","$"],"build_version":"2018-11-15","purchased_purges":2,"victory":false,"max_hp_per_floor":[80,80,80,80,80,80,80,80,80,80,80,80,80,80,80,80,80,80,80,80,80,80,80,80,80,80,80,80,80,80,80,80,80,80,80,80,80,80,80],"card_choices":[{"not_picked":["Warcry","Anger"],"picked":"Flame Barrier","floor":1},{"not_picked":["Sentinel","Clash"],"picked":"Twin Strike","floor":4},{"not_picked":["Warcry","Reckless Charge"],"picked":"Cleave","floor":5},{"not_picked":["Metallicize","Anger"],"picked":"Power Through","floor":6},{"not_picked":["Bloodletting","Inflame"],"picked":"Perfected Strike","floor":8},{"not_picked":["Flex","Wild Strike"],"picked":"Sword Boomerang","floor":10},{"not_picked":["True Grit","Reckless Charge","Flex"],"picked":"SKIP","floor":12},{"not_picked":["Anger","Rage"],"picked":"Twin Strike","floor":14},{"not_picked":["Berserk","Dark Embrace"],"picked":"Impervious","floor":16},{"not_picked":["Havoc","Thunderclap"],"picked":"Pommel Strike","floor":18},{"not_picked":["Heavy Blade","Sword Boomerang"],"picked":"Whirlwind+1","floor":19},{"not_picked":["Searing Blow","Rupture"],"picked":"Pummel","floor":22},{"not_picked":["Flex","Heavy Blade","Fire Breathing"],"picked":"SKIP","floor":24},{"not_picked":["Bludgeon","Flex"],"picked":"Ghostly Armor","floor":25},{"not_picked":["Bloodletting+1","Warcry+1"],"picked":"Evolve","floor":28},{"not_picked":["Thunderclap+1","Disarm"],"picked":"Wild Strike","floor":30},{"not_picked":["Brutality","Reaper"],"picked":"Offering","floor":33},{"not_picked":["Flex+1","Armaments+1"],"picked":"Carnage","floor":35}],"player_experience":739635,"relics_obtained":[{"floor":9,"key":"Bronze Scales"},{"floor":14,"key":"Mercury Hourglass"},{"floor":25,"key":"Art of War"},{"floor":31,"key":"MawBank"}],"event_choices":[{"damage_healed":0,"gold_gain":0,"player_choice":"Success","damage_taken":7,"relics_obtained":["Juzu Bracelet"],"max_hp_gain":0,"max_hp_loss":0,"event_name":"Scrap Ooze","floor":2,"gold_loss":0},{"damage_healed":0,"gold_gain":0,"player_choice":"Entered Light","damage_taken":16,"max_hp_gain":0,"max_hp_loss":0,"event_name":"Shining Light","floor":11,"gold_loss":0,"cards_upgraded":["Perfected Strike","Twin Strike"]},{"damage_healed":0,"gold_gain":0,"player_choice":"Ignored","damage_taken":0,"max_hp_gain":0,"max_hp_loss":0,"event_name":"N\u0027loth","floor":20,"gold_loss":0},{"cards_removed":["Defend_R"],"damage_healed":0,"gold_gain":0,"player_choice":"Upgrade and Remove","damage_taken":0,"max_hp_gain":0,"max_hp_loss":0,"event_name":"Designer","floor":29,"gold_loss":90,"cards_upgraded":["Evolve"]},{"damage_healed":0,"gold_gain":0,"player_choice":"Ignored","damage_taken":0,"max_hp_gain":0,"max_hp_loss":0,"event_name":"Tomb of Lord Red Mask","floor":36,"gold_loss":0},{"damage_healed":0,"gold_gain":999,"player_choice":"Gold","damage_taken":0,"max_hp_gain":0,"max_hp_loss":0,"event_name":"MindBloom","floor":38,"gold_loss":0,"cards_obtained":["Normality","Normality"]}],"is_beta":false,"boss_relics":[{"not_picked":["Lizard Tail","Eternal Feather"],"picked":"Runic Dome"},{"not_picked":["Philosopher\u0027s Stone","Runic Cube"],"picked":"Snecko Eye"}],"items_purged_floors":[21,39],"is_endless":false,"potions_floor_spawned":[6,8,10,14,16,18,22,24,30,33],"ascension_level":0}