{"gold_per_floor":[119,135,154,174,191,191,224,239,266,276,304,324,236,236,236,236],"floor_reached":16,"playtime":1036,"items_purged":["Strike_R"],"score":116,"play_id":"7e34e09e-f3d2-448e-8cad-7894e8e44918","local_time":"20181210032512","is_ascension_mode":false,"campfire_choices":[{"data":"Body Slam","floor":6,"key":"SMITH"},{"data":"Armaments","floor":15,"key":"SMITH"}],"neow_cost":"NONE","seed_source_timestamp":881684148496202,"circlet_count":0,"master_deck":["Strike_R","Strike_R","Strike_R","Strike_R","Defend_R","Defend_R","Defend_R","Defend_R","Bash","Body Slam+1","Armaments","Sentinel","Iron Wave","Shrug It Off","Armaments+1","Ghostly Armor"],"relics":["Burning Blood","NeowsBlessing","Blue Candle","Strawberry","The Courier","Ancient Tea Set"],"potions_floor_usage":[4,5,11],"damage_taken":[{"damage":0,"enemies":"Jaw Worm","floor":1,"turns":1},{"damage":0,"enemies":"2 Louse","floor":2,"turns":1},{"damage":0,"enemies":"Small Slimes","floor":3,"turns":1},{"damage":0,"enemies":"Exordium Wildlife","floor":4,"turns":1},{"damage":10,"enemies":"3 Louse","floor":5,"turns":6},{"damage":26,"enemies":"Lagavulin","floor":7,"turns":11},{"damage":0,"enemies":"2 Fungi Beasts","floor":8,"turns":4},{"damage":0,"enemies":"Looter","floor":10,"turns":4},{"damage":19,"enemies":"3 Sentries","floor":11,"turns":12},{"damage":13,"enemies":"3 Louse","floor":12,"turns":3},{"damage":53,"enemies":"Slime Boss","floor":16,"turns":15}],"seed_played":"4004009978410803605","potions_obtained":[{"floor":2,"key":"AttackPotion"},{"floor":4,"key":"Poison Potion"},{"floor":10,"key":"Block Potion"}],"is_trial":false,"path_per_floor":["M","M","M","M","M","R","E","M","T","M","E","M","$","?","R","B"],"character_chosen":"IRONCLAD","items_purchased":["Ghostly Armor"],"campfire_rested":0,"item_purchase_floors":[13],"current_hp_per_floor":[80,80,80,80,76,76,56,62,69,75,62,55,55,52,52,0],"gold":236,"neow_bonus":"THREE_ENEMY_KILL","is_prod":false,"is_daily":false,"chose_seed":false,"campfire_upgraded":2,"win_rate":0,"timestamp":1544430312,"path_taken":["M","M","M","M","M","R","E","M","T","M","E","M","$","?","R","BOSS"],"build_version":"2018-12-06","purchased_purges":1,"victory":false,"max_hp_per_floor":[80,80,80,80,80,80,80,80,87,87,87,87,87,87,87,87],"card_choices":[{"not_picked":["Warcry","Sentinel"],"picked":"Body Slam","floor":1},{"not_picked":["Blood for Blood","Havoc","Searing Blow"],"picked":"SKIP","floor":2},{"not_picked":["Heavy Blade","Dropkick","Pommel Strike"],"picked":"SKIP","floor":3},{"not_picked":["True Grit","Flex"],"picked":"Armaments","floor":4},{"not_picked":["Rupture","Burning Pact"],"picked":"Sentinel","floor":5},{"not_picked":["Rampage","Heavy Blade","Perfected Strike"],"picked":"SKIP","floor":7},{"not_picked":["Hemokinesis","Rage"],"picked":"Iron Wave","floor":8},{"not_picked":["Disarm","Wild Strike"],"picked":"Shrug It Off","floor":10},{"not_picked":["Pommel Strike","Metallicize"],"picked":"Armaments","floor":11},{"not_picked":["True Grit","Clash","Sword Boomerang"],"picked":"SKIP","floor":12}],"player_experience":228497,"relics_obtained":[{"floor":7,"key":"Blue Candle"},{"floor":9,"key":"Strawberry"},{"floor":11,"key":"The Courier"}],"event_choices":[{"damage_healed":0,"gold_gain":0,"player_choice":"Success","damage_taken":3,"relics_obtained":["Ancient Tea Set"],"max_hp_gain":0,"max_hp_loss":0,"event_name":"Scrap Ooze","floor":14,"gold_loss":0}],"is_beta":false,"boss_relics":[],"items_purged_floors":[13],"is_endless":false,"potions_floor_spawned":[2,4,10],"killed_by":"Slime Boss","ascension_level":0}