{"gold_per_floor":[12,24,24,36,36,36,53,19,19,36,51,71,91,110,110,208,208,133,133,133],"floor_reached":20,"playtime":1616,"items_purged":[],"score":197,"play_id":"796ed13e-29f3-4559-ba60-45a07a9f747f","local_time":"20180910140535","is_ascension_mode":false,"campfire_choices":[{"data":"Armaments","floor":6,"key":"SMITH"},{"data":"Cleave","floor":15,"key":"SMITH"}],"neow_cost":"NO_GOLD","seed_source_timestamp":317792167696650,"circlet_count":0,"master_deck":["Strike_R","Strike_R","Strike_R","Strike_R","Strike_R","Defend_R","Defend_R","Defend_R","Defend_R","Bash","Heavy Blade+1","Armaments+1","Cleave+1","Seeing Red","Anger","Seeing Red","Anger","Demon Form","Inflame+1"],"relics":["Burning Blood","Torii","Ectoplasm"],"potions_floor_usage":[13,16,16,16,18,19,20],"damage_taken":[{"damage":6,"enemies":"Cultist","floor":1,"turns":3},{"damage":5,"enemies":"Small Slimes","floor":2,"turns":3},{"damage":5,"enemies":"Jaw Worm","floor":4,"turns":5},{"damage":15,"enemies":"3 Louse","floor":7,"turns":4},{"damage":9,"enemies":"Blue Slaver","floor":10,"turns":5},{"damage":1,"enemies":"2 Fungi Beasts","floor":11,"turns":2},{"damage":2,"enemies":"3 Louse","floor":12,"turns":3},{"damage":6,"enemies":"Exordium Wildlife","floor":13,"turns":2},{"damage":7,"enemies":"Blue Slaver","floor":14,"turns":2},{"damage":55,"enemies":"The Guardian","floor":16,"turns":10},{"damage":41,"enemies":"2 Thieves","floor":18,"turns":4},{"damage":30,"enemies":"Shell Parasite","floor":19,"turns":5},{"damage":22,"enemies":"Colosseum Slavers","floor":20,"turns":5},{"damage":23,"enemies":"Colosseum Nobs","floor":20,"turns":3}],"seed_played":"9064040091790171733","potions_obtained":[{"floor":1,"key":"SkillPotion"},{"floor":5,"key":"FearPotion"},{"floor":5,"key":"GamblersBrew"},{"floor":10,"key":"Fire Potion"},{"floor":13,"key":"Weak Potion"},{"floor":16,"key":"Swift Potion"},{"floor":18,"key":"Strength Potion"},{"floor":19,"key":"Regen Potion"}],"is_trial":false,"path_per_floor":["M","M","?","M","?","R","M","$","T","M","M","M","M","M","R","B",null,"M","M"],"character_chosen":"IRONCLAD","items_purchased":["Seeing Red"],"campfire_rested":0,"item_purchase_floors":[8],"current_hp_per_floor":[96,96,96,96,96,96,87,87,87,84,89,93,93,92,92,43,96,61,37,12],"gold":133,"neow_bonus":"TWENTY_PERCENT_HP_BONUS","is_prod":false,"is_daily":false,"chose_seed":false,"campfire_upgraded":2,"win_rate":0.0,"timestamp":1536602735,"path_taken":["M","M","?","M","?","R","M","$","T","M","M","M","M","?","R","BOSS","M","M","?"],"build_version":"2018-09-06","purchased_purges":0,"victory":false,"max_hp_per_floor":[96,96,96,96,96,96,96,96,96,96,96,96,96,96,96,96,96,96,96,96],"card_choices":[{"not_picked":["Combust","Thunderclap"],"picked":"Heavy Blade","floor":1},{"not_picked":["Body Slam","Sword Boomerang"],"picked":"Armaments","floor":2},{"not_picked":["Sword Boomerang","Shrug It Off","Corruption"],"picked":"SKIP","floor":4},{"not_picked":["Iron Wave","Uppercut"],"picked":"Cleave","floor":7},{"not_picked":["Corruption","Havoc"],"picked":"Anger","floor":10},{"not_picked":["True Grit","Anger"],"picked":"Seeing Red","floor":11},{"not_picked":["Brutality","Body Slam"],"picked":"Anger","floor":12},{"not_picked":["Armaments","Feel No Pain","Burning Pact"],"picked":"SKIP","floor":13},{"not_picked":["Havoc","Sword Boomerang","Intimidate"],"picked":"SKIP","floor":14},{"not_picked":["Double Tap","Immolate"],"picked":"Demon Form","floor":16},{"not_picked":["Armaments+1","True Grit"],"picked":"Inflame+1","floor":18},{"not_picked":["Second Wind","Sentinel","Power Through"],"picked":"SKIP","floor":19}],"player_experience":63667,"relics_obtained":[{"floor":9,"key":"Torii"}],"event_choices":[{"event_name":"Living Wall","player_choice":"Grow","floor":3,"damage_taken":0},{"event_name":"The Lab","player_choice":"Got Potions","floor":5,"damage_taken":0},{"event_name":"Colosseum","player_choice":"Fight","floor":20,"damage_taken":0},{"event_name":"Colosseum","player_choice":"Fought Nobs","floor":20,"damage_taken":0}],"is_beta":false,"boss_relics":[{"not_picked":["Eternal Feather","Runic Cube"],"picked":"Ectoplasm"}],"items_purged_floors":[],"is_endless":false,"potions_floor_spawned":[1,10,13,16,18,19,20],"killed_by":"Colosseum Nobs","ascension_level":0}