{"gold_per_floor":[113,113,131,131,145,170,22,22,22,35,35,62,76,91,91,193,193,210,137,152,152,152,152,170,170,196,215,215],"floor_reached":28,"playtime":1587,"items_purged":["Strike_G"],"score":276,"play_id":"af62fa34-e44d-4585-af50-5be2c761b63c","local_time":"20190119115302","is_ascension_mode":true,"campfire_choices":[{"data":"After Image","floor":8,"key":"SMITH"},{"data":"Caltrops","floor":15,"key":"SMITH"},{"floor":23,"key":"REST"}],"neow_cost":"NONE","seed_source_timestamp":760521166269500,"circlet_count":0,"master_deck":["Defend_G+1","Defend_G+1","Defend_G+1","Defend_G+1","Defend_G+1","Strike_G+1","Strike_G+1","Strike_G+1","Survivor","Neutralize","After Image+1","PiercingWail","Noxious Fumes","Infinite Blades","A Thousand Cuts","Caltrops+1","Finisher","Venomology","Quick Slash","Deadly Poison","Envenom","Blur","Noxious Fumes","Accuracy+1","Endless Agony","Writhe","Clumsy","Flying Knee+1"],"relics":["Ring of the Snake","Blue Candle","Juzu Bracelet","Blood Vial","Meat on the Bone","Gremlin Horn","Cursed Key","Nilry\u0027s Codex","Regal Pillow","Bag of Marbles"],"potions_floor_usage":[13,16,16,18,18,18,24,24,24,27],"damage_taken":[{"damage":0,"enemies":"Jaw Worm","floor":1,"turns":5},{"damage":0,"enemies":"Small Slimes","floor":3,"turns":5},{"damage":2,"enemies":"2 Louse","floor":5,"turns":3},{"damage":26,"enemies":"3 Sentries","floor":6,"turns":9},{"damage":3,"enemies":"Blue Slaver","floor":10,"turns":5},{"damage":7,"enemies":"Lagavulin","floor":12,"turns":8},{"damage":0,"enemies":"2 Fungi Beasts","floor":13,"turns":5},{"damage":2,"enemies":"3 Louse","floor":14,"turns":4},{"damage":5,"enemies":"Hexaghost","floor":16,"turns":8},{"damage":42,"enemies":"Spheric Guardian","floor":18,"turns":6},{"damage":20,"enemies":"Chosen","floor":20,"turns":6},{"damage":40,"enemies":"3 Cultists","floor":24,"turns":5},{"damage":6,"enemies":"Chosen and Byrds","floor":27,"turns":7},{"damage":28,"enemies":"Book of Stabbing","floor":28,"turns":6}],"seed_played":"7419481607459816237","potions_obtained":[{"floor":6,"key":"Block Potion"},{"floor":12,"key":"FairyPotion"},{"floor":13,"key":"Energy Potion"},{"floor":14,"key":"Poison Potion"},{"floor":16,"key":"Regen Potion"},{"floor":20,"key":"Explosive Potion"}],"is_trial":false,"path_per_floor":["M","?","M","?","M","E","$","R","T","M","T","E","M","M","R","B",null,"M","$","M","?","?","R","M","?","T","M","E"],"character_chosen":"THE_SILENT","items_purchased":["Caltrops","Noxious Fumes"],"campfire_rested":1,"item_purchase_floors":[7,19],"current_hp_per_floor":[70,58,58,51,49,23,23,23,23,22,22,29,43,43,43,40,70,40,40,34,34,18,39,13,13,13,21,0],"gold":215,"neow_bonus":"ONE_RANDOM_RARE_CARD","is_prod":false,"is_daily":false,"chose_seed":false,"campfire_upgraded":2,"win_rate":0,"timestamp":1547927582,"path_taken":["M","?","M","?","M","E","$","R","T","M","?","E","M","M","R","BOSS","M","$","M","?","?","R","M","?","T","M","E"],"build_version":"2019-01-17v2","purchased_purges":1,"victory":false,"max_hp_per_floor":[70,70,70,70,70,70,70,70,70,70,70,70,70,70,70,70,70,70,70,70,70,70,70,70,70,70,70,70],"card_choices":[{"not_picked":["Deflect","Blade Dance"],"picked":"PiercingWail","floor":1},{"not_picked":["Bane","Acrobatics"],"picked":"Noxious Fumes","floor":3},{"not_picked":["Slice","Dagger Spray"],"picked":"Infinite Blades","floor":5},{"not_picked":["Storm of Steel","Backflip"],"picked":"A Thousand Cuts","floor":6},{"not_picked":["Dagger Throw","Setup"],"picked":"Finisher","floor":10},{"not_picked":["Skewer","Deflect"],"picked":"Venomology","floor":12},{"not_picked":["Predator","Dagger Spray"],"picked":"Quick Slash","floor":13},{"not_picked":["Dodge and Roll","Sucker Punch"],"picked":"Deadly Poison","floor":14},{"not_picked":["A Thousand Cuts","Bullet Time"],"picked":"Envenom","floor":16},{"not_picked":["Flying Knee","Finisher"],"picked":"Blur","floor":18},{"not_picked":["Bane+1","Setup+1"],"picked":"Accuracy+1","floor":20},{"not_picked":["Dodge and Roll","Setup"],"picked":"Endless Agony","floor":24},{"not_picked":["Reflex","Predator+1"],"picked":"Flying Knee+1","floor":27}],"player_experience":543325,"relics_obtained":[{"floor":6,"key":"Juzu Bracelet"},{"floor":9,"key":"Blood Vial"},{"floor":11,"key":"Meat on the Bone"},{"floor":12,"key":"Gremlin Horn"},{"floor":22,"key":"Nilry\u0027s Codex"},{"floor":26,"key":"Bag of Marbles"}],"event_choices":[{"damage_healed":0,"gold_gain":0,"player_choice":"Success","damage_taken":12,"relics_obtained":["Blue Candle"],"max_hp_gain":0,"max_hp_loss":0,"event_name":"Scrap Ooze","floor":2,"gold_loss":0},{"cards_removed":["Strike_G"],"damage_healed":0,"gold_gain":0,"player_choice":"Card Removal","damage_taken":7,"max_hp_gain":0,"max_hp_loss":0,"event_name":"Golden Wing","floor":4,"gold_loss":0},{"damage_healed":0,"gold_gain":0,"player_choice":"Simplicity","damage_taken":0,"max_hp_gain":0,"max_hp_loss":0,"event_name":"Back to Basics","floor":21,"gold_loss":0,"cards_upgraded":["Defend_G","Defend_G","Defend_G","Defend_G","Defend_G","Strike_G","Strike_G","Strike_G"]},{"damage_healed":0,"gold_gain":0,"player_choice":"Obtained Book","damage_taken":16,"max_hp_gain":0,"max_hp_loss":0,"event_name":"Cursed Tome","floor":22,"gold_loss":0},{"damage_healed":0,"gold_gain":0,"player_choice":"Opened","damage_taken":0,"relics_obtained":["Regal Pillow"],"max_hp_gain":0,"max_hp_loss":0,"event_name":"The Mausoleum","floor":25,"gold_loss":0,"cards_obtained":["Writhe"]}],"is_beta":false,"boss_relics":[{"not_picked":["Tiny House","Sozu"],"picked":"Cursed Key"}],"items_purged_floors":[7],"is_endless":false,"potions_floor_spawned":[6,12,13,14,16,20],"killed_by":"Book of Stabbing","ascension_level":4}