{"gold_per_floor":[113,130,130,149,165,200,200,225,248,263,283,14,44,54,54,133,133,93,18,18,18,18,18,18,18,18,18,18,18,18,18,18,18],"floor_reached":33,"playtime":1303,"items_purged":["Strike_B"],"score":797,"play_id":"00a70828-5048-489f-96f0-7dac8cfb9290","local_time":"20190211054244","is_ascension_mode":true,"campfire_choices":[{"data":"Buffer","floor":7,"key":"SMITH"},{"data":"Defragment","floor":15,"key":"SMITH"},{"data":"Zap","floor":24,"key":"SMITH"},{"floor":32,"key":"REST"}],"neow_cost":"NONE","seed_source_timestamp":416017447765000,"circlet_count":0,"master_deck":["AscendersBane","Strike_B","Strike_B","Strike_B","Defend_B","Defend_B","Defend_B","Defend_B","Zap+1","Dualcast","Ball Lightning","Sweeping Beam","Ball Lightning+1","Buffer+1","Hyperbeam+1","Sweeping Beam+1","Beam Cell+1","Doom and Gloom+1","BootSequence","Defragment+1","Electrodynamics","Sunder+1","Self Repair+1","Glacier+1","Leap+1","Ball Lightning+1","FTL+1","Ball Lightning+1"],"relics":["Cracked Core","Molten Egg 2","Dream Catcher","Strawberry","Boot","Sling","FossilizedHelix","Ectoplasm","Tiny Chest","Girya","Cables"],"potions_floor_usage":[10,13,25,28,29],"damage_taken":[{"damage":0,"enemies":"2 Louse","floor":1,"turns":2},{"damage":1,"enemies":"Cultist","floor":2,"turns":3},{"damage":12,"enemies":"Small Slimes","floor":4,"turns":2},{"damage":11,"enemies":"3 Louse","floor":5,"turns":3},{"damage":8,"enemies":"Gremlin Nob","floor":6,"turns":4},{"damage":20,"enemies":"Lagavulin","floor":8,"turns":4},{"damage":0,"enemies":"Blue Slaver","floor":10,"turns":1},{"damage":12,"enemies":"Exordium Wildlife","floor":11,"turns":2},{"damage":0,"enemies":"3 Sentries","floor":13,"turns":2},{"damage":0,"enemies":"Red Slaver","floor":14,"turns":2},{"damage":0,"enemies":"Slime Boss","floor":16,"turns":5},{"damage":0,"enemies":"2 Thieves","floor":18,"turns":2},{"damage":0,"enemies":"Shell Parasite","floor":20,"turns":3},{"damage":0,"enemies":"Snecko","floor":21,"turns":4},{"damage":24,"enemies":"Shelled Parasite and Fungi","floor":22,"turns":3},{"damage":22,"enemies":"Gremlin Leader","floor":23,"turns":5},{"damage":19,"enemies":"Book of Stabbing","floor":25,"turns":5},{"damage":0,"enemies":"Sentry and Sphere","floor":28,"turns":3},{"damage":0,"enemies":"Centurion and Healer","floor":29,"turns":5},{"damage":54,"enemies":"Champ","floor":33,"turns":12}],"seed_played":"-990793144203737767","potions_obtained":[{"floor":2,"key":"Weak Potion"},{"floor":6,"key":"FearPotion"},{"floor":8,"key":"Ancient Potion"},{"floor":13,"key":"Dexterity Potion"},{"floor":28,"key":"Block Potion"}],"is_trial":false,"path_per_floor":["M","M","?","M","M","E","R","E","T","M","M","$","E","M","R","B",null,"M","$","M","M","M","E","R","E","T","?","M","M","?","T","R","B"],"character_chosen":"DEFECT","items_purchased":["Sling","PowerPotion"],"campfire_rested":1,"item_purchase_floors":[12,12],"current_hp_per_floor":[71,70,70,58,47,39,39,26,26,26,14,14,14,14,14,14,67,67,67,67,67,43,31,31,12,12,12,12,22,22,22,47,0],"gold":18,"neow_bonus":"TEN_PERCENT_HP_BONUS","is_prod":false,"is_daily":false,"chose_seed":false,"campfire_upgraded":3,"win_rate":0,"timestamp":1549892564,"path_taken":["M","M","?","M","M","E","R","E","T","M","?","$","E","M","R","BOSS","M","$","M","M","M","E","R","E","T","?","M","M","?","?","R","BOSS"],"build_version":"2019-01-23","purchased_purges":1,"victory":false,"max_hp_per_floor":[78,78,78,78,78,78,78,85,85,85,85,85,85,85,85,85,85,85,85,85,85,85,85,85,85,85,85,85,85,85,85,85,85],"card_choices":[{"not_picked":["Hologram","Gash"],"picked":"Ball Lightning","floor":1},{"not_picked":["Melter","Tempest"],"picked":"Sweeping Beam","floor":2},{"not_picked":["Compile Driver+1","Hologram"],"picked":"Ball Lightning+1","floor":4},{"not_picked":["Rip and Tear+1","Blizzard+1"],"picked":"Buffer","floor":5},{"not_picked":["Turbo","Hologram"],"picked":"Hyperbeam+1","floor":6},{"not_picked":["Reprogram","Barrage+1"],"picked":"Sweeping Beam+1","floor":8},{"not_picked":["Chaos","Compile Driver+1"],"picked":"Beam Cell+1","floor":10},{"not_picked":["Compile Driver+1","Genetic Algorithm"],"picked":"Doom and Gloom+1","floor":11},{"not_picked":["Reinforced Body","Rebound+1"],"picked":"BootSequence","floor":13},{"not_picked":["Compile Driver+1","Barrage+1"],"picked":"Defragment","floor":14},{"not_picked":["All For One+1","Biased Cognition"],"picked":"Electrodynamics","floor":16},{"not_picked":["Streamline+1","BootSequence","Lockon+1"],"picked":"SKIP","floor":18},{"not_picked":["Reprogram","Go for the Eyes+1"],"picked":"Sunder+1","floor":20},{"not_picked":["BootSequence","Capacitor"],"picked":"Self Repair+1","floor":21},{"not_picked":["FTL+1","Auto Shields"],"picked":"Glacier+1","floor":22},{"not_picked":["Lockon+1","Rebound+1"],"picked":"Leap+1","floor":23},{"not_picked":["Beam Cell+1","Gash+1"],"picked":"Ball Lightning+1","floor":25},{"not_picked":["Coolheaded","Auto Shields"],"picked":"FTL+1","floor":28},{"not_picked":["Scrape+1","Reinforced Body+1"],"picked":"Ball Lightning+1","floor":29}],"player_experience":677823,"relics_obtained":[{"floor":6,"key":"Dream Catcher"},{"floor":8,"key":"Strawberry"},{"floor":9,"key":"Boot"},{"floor":13,"key":"FossilizedHelix"},{"floor":23,"key":"Tiny Chest"},{"floor":25,"key":"Girya"},{"floor":31,"key":"Cables"}],"event_choices":[{"damage_healed":0,"gold_gain":0,"player_choice":"Gave Potion","damage_taken":0,"relics_obtained":["Molten Egg 2"],"max_hp_gain":0,"max_hp_loss":0,"event_name":"WeMeetAgain","floor":3,"gold_loss":0},{"damage_healed":0,"gold_gain":0,"player_choice":"Ignored","damage_taken":0,"max_hp_gain":0,"max_hp_loss":0,"event_name":"Vampires","floor":27,"gold_loss":0},{"damage_healed":0,"gold_gain":0,"player_choice":"Ignored","damage_taken":0,"max_hp_gain":0,"max_hp_loss":0,"event_name":"Beggar","floor":30,"gold_loss":0}],"is_beta":false,"boss_relics":[{"not_picked":["White Beast Statue","Eternal Feather"],"picked":"Ectoplasm"}],"items_purged_floors":[19],"is_endless":false,"potions_floor_spawned":[2,6,8,13,14,20,21,28],"killed_by":"Champ","ascension_level":20}