{"gold_per_floor":[117,117,129,54,66,95,95,95,118,118,137,152,184,199,199,298,298,316,241,141,153,74,74,74,74,154,181,199,225,241,257,257,355,355,355],"floor_reached":35,"playtime":1734,"items_purged":["Pain","Strike_G"],"score":522,"play_id":"840ffeb5-727e-405f-bba5-a507bb869aed","local_time":"20190213014617","is_ascension_mode":true,"campfire_choices":[{"data":"Dash","floor":8.0,"key":"SMITH"},{"data":"Terror","floor":10.0,"key":"SMITH"},{"data":"Prepared","floor":15.0,"key":"SMITH"},{"data":"Footwork","floor":23.0,"key":"SMITH"},{"data":"Well Laid Plans","floor":25.0,"key":"SMITH"},{"data":"Dash","floor":32.0,"key":"SMITH"}],"neow_cost":"NONE","seed_source_timestamp":0,"circlet_count":0,"master_deck":["Defend_G","Defend_G+1","Defend_G","Defend_G","Defend_G+1","Strike_G","Strike_G","Survivor","Neutralize","Dash+1","Terror+1","Masterful Stab","Prepared+1","Venomology","Injury","Well Laid Plans+1","Footwork+1","Dash+1","Backflip","Adrenaline"],"special_seed":0,"relics":["Ring of the Snake","NeowsBlessing","WarpedTongs","Orichalcum","War Paint","Omamori","Calling Bell","Bag of Marbles","Singing Bowl","The Specimen","Shuriken","Unceasing Top","White Beast Statue"],"potions_floor_usage":[33,33,33,33],"damage_taken":[{"damage":0.0,"enemies":"Jaw Worm","floor":1.0,"turns":1.0},{"damage":0.0,"enemies":"Cultist","floor":3.0,"turns":1.0},{"damage":0.0,"enemies":"2 Louse","floor":5.0,"turns":1.0},{"damage":10.0,"enemies":"Gremlin Nob","floor":6.0,"turns":4.0},{"damage":3.0,"enemies":"Gremlin Gang","floor":11.0,"turns":4.0},{"damage":0.0,"enemies":"Looter","floor":12.0,"turns":3.0},{"damage":2.0,"enemies":"Lagavulin","floor":13.0,"turns":6.0},{"damage":0.0,"enemies":"Large Slime","floor":14.0,"turns":6.0},{"damage":16.0,"enemies":"Hexaghost","floor":16.0,"turns":11.0},{"damage":10.0,"enemies":"Spheric Guardian","floor":18.0,"turns":6.0},{"damage":0.0,"enemies":"2 Thieves","floor":21.0,"turns":4.0},{"damage":24.0,"enemies":"Gremlin Leader","floor":27.0,"turns":5.0},{"damage":6.0,"enemies":"3 Cultists","floor":28.0,"turns":8.0},{"damage":0.0,"enemies":"Cultist and Chosen","floor":30.0,"turns":7.0},{"damage":0.0,"enemies":"Shelled Parasite and Fungi","floor":31.0,"turns":5.0},{"damage":40,"enemies":"Champ","floor":33,"turns":15},{"damage":9,"enemies":"3 Darklings","floor":35,"turns":4}],"seed_played":"-5488055491367261791","potions_obtained":[{"floor":5.0,"key":"SteroidPotion"},{"floor":6.0,"key":"AttackPotion"},{"floor":11.0,"key":"Weak Potion"},{"floor":14.0,"key":"SteroidPotion"},{"floor":18.0,"key":"Regen Potion"},{"floor":30.0,"key":"Energy Potion"},{"floor":31.0,"key":"Regen Potion"}],"is_trial":false,"path_per_floor":["M","?","M","$","M","E","?","R","T","R","M","M","E","M","R","B",null,"M","?","$","M","$","R","?","R","T","E","M","T","M","M","R","B",null,"M"],"character_chosen":"THE_SILENT","items_purchased":["Footwork"],"campfire_rested":0,"item_purchase_floors":[22],"current_hp_per_floor":[63,63,63,63,63,53,53,53,53,53,50,50,48,48,48,32,61,53,53,53,65,65,65,58,58,58,46,42,42,42,44,44,19,62,53],"gold":355,"neow_bonus":"THREE_ENEMY_KILL","is_prod":false,"is_daily":false,"chose_seed":false,"campfire_upgraded":6,"win_rate":0,"timestamp":1550011577,"path_taken":["M","?","M","$","?","E","?","R","T","R","M","?","E","M","R","BOSS","M","?","$","M","$","R","?","R","T","E","?","?","?","M","R","BOSS","M"],"build_version":"2019-01-23","purchased_purges":2,"victory":false,"max_hp_per_floor":[70,70,70,70,70,70,70,70,70,70,70,70,70,70,70,70,70,72,72,72,72,72,72,72,72,72,72,74,74,74,76,76,76,76,76],"card_choices":[{"not_picked":["Dodge and Roll","Flying Knee"],"picked":"Dash","floor":1.0},{"not_picked":["Catalyst","Quick Slash"],"picked":"Terror","floor":3.0},{"not_picked":["Acrobatics","Outmaneuver","Tactician"],"picked":"SKIP","floor":5.0},{"not_picked":["Phantasmal Killer","Distraction"],"picked":"Masterful Stab","floor":6.0},{"not_picked":["Poisoned Stab","Skewer"],"picked":"Prepared","floor":11.0},{"not_picked":["Blade Dance","Setup","Quick Slash"],"picked":"SKIP","floor":12.0},{"not_picked":["Tactician","Poisoned Stab","Catalyst"],"picked":"SKIP","floor":13.0},{"not_picked":["Acrobatics","Poisoned Stab","Flying Knee"],"picked":"SKIP","floor":14.0},{"not_picked":["Grand Finale","Bullet Time"],"picked":"Venomology","floor":16.0},{"not_picked":["All Out Attack","Outmaneuver","Bane+1"],"picked":"Singing Bowl","floor":18.0},{"not_picked":["PiercingWail","Reflex+1"],"picked":"Well Laid Plans","floor":21.0},{"not_picked":["Endless Agony","Acrobatics"],"picked":"Dash","floor":27.0},{"not_picked":["Tactician+1","Distraction","Deadly Poison+1"],"picked":"Singing Bowl","floor":28.0},{"not_picked":["Dodge and Roll+1","Predator"],"picked":"Backflip","floor":30.0},{"not_picked":["Bane","Expertise","Flying Knee"],"picked":"Singing Bowl","floor":31.0},{"not_picked":["Burst","Glass Knife"],"picked":"Adrenaline","floor":33}],"player_experience":283781,"relics_obtained":[{"floor":6.0,"key":"Orichalcum"},{"floor":9.0,"key":"War Paint"},{"floor":13.0,"key":"Omamori"},{"floor":17.0,"key":"Bag of Marbles"},{"floor":17.0,"key":"Singing Bowl"},{"floor":17.0,"key":"The Specimen"},{"floor":26.0,"key":"Shuriken"},{"floor":27.0,"key":"Unceasing Top"}],"event_choices":[{"damage_healed":0.0,"max_hp_gain":0.0,"max_hp_loss":0.0,"gold_gain":0.0,"event_name":"Accursed Blacksmith","player_choice":"Rummage","floor":2.0,"gold_loss":0.0,"damage_taken":0.0,"relics_obtained":["WarpedTongs"],"cards_obtained":["Pain"]},{"cards_removed":["Strike_G"],"damage_healed":0.0,"max_hp_gain":0.0,"max_hp_loss":0.0,"gold_gain":0.0,"event_name":"Purifier","player_choice":"Purged","floor":7.0,"gold_loss":0.0,"damage_taken":0.0},{"cards_removed":["Strike_G"],"damage_healed":0.0,"max_hp_gain":0.0,"max_hp_loss":0.0,"gold_gain":0.0,"event_name":"Beggar","player_choice":"Gave Gold","floor":19.0,"gold_loss":75.0,"damage_taken":0.0},{"damage_healed":0.0,"max_hp_gain":0.0,"max_hp_loss":0.0,"gold_gain":0.0,"event_name":"Wheel of Change","player_choice":"Damaged","floor":24.0,"gold_loss":0.0,"damage_taken":7.0}],"is_beta":false,"boss_relics":[{"not_picked":["WristBlade","Velvet Choker"],"picked":"Calling Bell"},{"not_picked":["Snecko Eye","HoveringKite"],"picked":"White Beast Statue"}],"items_purged_floors":[4,20],"is_endless":false,"potions_floor_spawned":[5,6,11,14,18,21,30,31],"killed_by":"3 Darklings","ascension_level":7}