{"gold_per_floor":[109,109,284,298,298,298,50,50,102,112,139,16,27,47,47,150,150,163,50,50,70,90,90,110,110,134,161,174,47,58,77,77,177,177,197,197,212,231,242,242,275,295,322,322,159,210,210,228,228,228],"floor_reached":51,"playtime":5924,"items_purged":["Doubt"],"score":701,"play_id":"960fea48-cdc8-4046-a073-92d6a29dab02","local_time":"20190106222937","is_ascension_mode":false,"campfire_choices":[{"data":"Metallicize","floor":6,"key":"SMITH"},{"floor":15,"key":"REST"},{"data":"Mayhem","floor":23,"key":"SMITH"},{"floor":25,"key":"REST"},{"floor":32,"key":"REST"},{"floor":40,"key":"REST"},{"floor":44,"key":"REST"},{"data":"Flame Barrier","floor":47,"key":"SMITH"},{"floor":49,"key":"REST"}],"neow_cost":"NONE","seed_source_timestamp":1456452242971163,"circlet_count":0,"master_deck":["Strike_R","Strike_R","Strike_R","Strike_R","Strike_R+1","Defend_R","Defend_R","Defend_R+1","Bash","Infernal Blade","Heavy Blade","Metallicize+1","Inflame","Flame Barrier+1","Headbutt","Feel No Pain","Shrug It Off","Blood for Blood","Cleave","Armaments","Impervious","Thunderclap+1","Mayhem+1","Twin Strike","Power Through+1","Thunderclap","Cleave+1","Metallicize","Anger+1","Anger+1","Master of Strategy","Flash of Steel","Iron Wave+1","Pummel","Hemokinesis+1","Reaper+1","Burning Pact+1","Cleave","Whirlwind+1","Inflame+1","Thunderclap+1","Shrug It Off+1","Warcry+1","Cleave+1","Sadistic Nature","Heavy Blade+1","Rage+1","Headbutt+1"],"relics":["Burning Blood","Self Forming Clay","Membership Card","Regal Pillow","Dream Catcher","Happy Flower","White Beast Statue","GremlinMask","Strawberry","Torii","Mark of Pain","FossilizedHelix","Anchor","Vajra","Peace Pipe"],"potions_floor_usage":[16,18,22,24,33,33,33,39,41,48,50,50,50,50,50],"damage_taken":[{"damage":5,"enemies":"2 Louse","floor":1,"turns":3},{"damage":7,"enemies":"Jaw Worm","floor":4,"turns":3},{"damage":0,"enemies":"Small Slimes","floor":10,"turns":3},{"damage":26,"enemies":"3 Sentries","floor":11,"turns":7},{"damage":13,"enemies":"Exordium Thugs","floor":13,"turns":6},{"damage":8,"enemies":"Red Slaver","floor":14,"turns":3},{"damage":16,"enemies":"Slime Boss","floor":16,"turns":12},{"damage":17,"enemies":"Spheric Guardian","floor":18,"turns":7},{"damage":0,"enemies":"3 Byrds","floor":21,"turns":5},{"damage":25,"enemies":"Shelled Parasite and Fungi","floor":22,"turns":9},{"damage":6,"enemies":"Cultist and Chosen","floor":24,"turns":9},{"damage":21,"enemies":"Slavers","floor":27,"turns":5},{"damage":21,"enemies":"Snecko","floor":28,"turns":5},{"damage":8,"enemies":"Snake Plant","floor":30,"turns":5},{"damage":1,"enemies":"Centurion and Healer","floor":31,"turns":7},{"damage":78,"enemies":"Collector","floor":33,"turns":13},{"damage":1,"enemies":"Orb Walker","floor":35,"turns":4},{"damage":33,"enemies":"3 Shapes","floor":37,"turns":5},{"damage":33,"enemies":"Jaw Worm Horde","floor":38,"turns":4},{"damage":15,"enemies":"4 Shapes","floor":39,"turns":4},{"damage":35,"enemies":"Nemesis","floor":41,"turns":9},{"damage":24,"enemies":"Maw","floor":42,"turns":8},{"damage":27,"enemies":"2 Orb Walkers","floor":46,"turns":4},{"damage":24,"enemies":"3 Darklings","floor":48,"turns":5},{"damage":69,"enemies":"Time Eater","floor":50,"turns":14}],"seed_played":"-7859154425816173278","potions_obtained":[{"floor":11,"key":"Swift Potion"},{"floor":14,"key":"SteroidPotion"},{"floor":16,"key":"SneckoOil"},{"floor":18,"key":"SteroidPotion"},{"floor":21,"key":"PowerPotion"},{"floor":22,"key":"SkillPotion"},{"floor":24,"key":"Energy Potion"},{"floor":28,"key":"Strength Potion"},{"floor":31,"key":"BloodPotion"},{"floor":33,"key":"Swift Potion"},{"floor":35,"key":"Fire Potion"},{"floor":37,"key":"Poison Potion"},{"floor":38,"key":"EntropicBrew"},{"floor":39,"key":"PowerPotion"},{"floor":41,"key":"EssenceOfSteel"},{"floor":46,"key":"Ancient Potion"},{"floor":48,"key":"Regen Potion"}],"is_trial":false,"path_per_floor":["M","?","?","M","T","R","$","?","T","M","E","$","M","M","R","B",null,"M","$","?","M","M","R","M","R","T","E","M","$","M","M","R","B",null,"M","?","M","M","M","R","E","M","T","R","$","?","R","M","R","B",null],"character_chosen":"IRONCLAD","items_purchased":["Membership Card","Inflame","Flame Barrier","Shrug It Off","Happy Flower","Mayhem","Twin Strike","Master of Strategy","Flash of Steel","Vajra","Sadistic Nature"],"campfire_rested":6,"item_purchase_floors":[7,7,7,12,12,19,19,29,29,45,45],"current_hp_per_floor":[80,64,64,63,63,63,63,63,63,69,49,49,42,40,79,69,80,69,69,69,75,56,56,56,80,87,72,57,57,55,60,87,23,87,87,87,65,52,63,87,58,55,55,87,87,66,66,48,87,55],"gold":228,"neow_bonus":"THREE_CARDS","is_prod":false,"is_daily":false,"chose_seed":false,"campfire_upgraded":3,"win_rate":0.0,"timestamp":1546831777,"path_taken":["M","?","?","M","?","R","$","?","T","M","E","$","M","?","R","BOSS","M","?","?","M","M","R","M","R","T","E","M","$","M","?","R","BOSS","M","?","M","M","M","R","E","?","T","R","$","?","R","M","R","BOSS"],"build_version":"2019-01-03v4","purchased_purges":1,"victory":true,"max_hp_per_floor":[80,80,80,80,80,80,80,80,80,80,80,80,80,80,80,80,80,80,80,80,80,80,80,80,80,87,87,87,87,87,87,87,87,87,87,87,87,87,87,87,87,87,87,87,87,87,87,87,87,87],"card_choices":[{"not_picked":["Burning Pact","Second Wind"],"picked":"Infernal Blade","floor":0},{"not_picked":["Iron Wave","Reckless Charge"],"picked":"Heavy Blade","floor":1},{"not_picked":["Anger","Rampage"],"picked":"Metallicize","floor":4},{"not_picked":["Dual Wield","Searing Blow","Whirlwind"],"picked":"SKIP","floor":10},{"not_picked":["Disarm","Second Wind"],"picked":"Feel No Pain","floor":11},{"not_picked":["Flame Barrier","Heavy Blade"],"picked":"Blood for Blood","floor":13},{"not_picked":["Dual Wield","Thunderclap"],"picked":"Cleave","floor":14},{"not_picked":["Thunderclap","Warcry"],"picked":"Armaments","floor":15},{"not_picked":["Fiend Fire","Double Tap"],"picked":"Impervious","floor":16},{"not_picked":["Armaments","Warcry+1"],"picked":"Thunderclap+1","floor":18},{"not_picked":["Hemokinesis","Twin Strike"],"picked":"Power Through+1","floor":21},{"not_picked":["Searing Blow","Rupture"],"picked":"Thunderclap","floor":22},{"not_picked":["Headbutt+1","Anger"],"picked":"Cleave+1","floor":24},{"not_picked":["Limit Break","Headbutt+1"],"picked":"Metallicize","floor":25},{"not_picked":["Corruption+1","Flame Barrier"],"picked":"Anger+1","floor":27},{"not_picked":["Whirlwind","True Grit+1"],"picked":"Anger+1","floor":28},{"not_picked":["Thunderclap","Flex+1"],"picked":"Iron Wave+1","floor":30},{"not_picked":["Dropkick","Feed"],"picked":"Pummel","floor":31},{"not_picked":["Rampage","Headbutt"],"picked":"Hemokinesis+1","floor":32},{"not_picked":["Feed","Double Tap"],"picked":"Reaper","floor":33},{"not_picked":["Body Slam+1","Clash+1"],"picked":"Burning Pact+1","floor":35},{"not_picked":["Burning Pact+1","True Grit+1"],"picked":"Cleave","floor":37},{"not_picked":["Sword Boomerang","Shrug It Off"],"picked":"Whirlwind+1","floor":38},{"not_picked":["Warcry+1","Battle Trance+1"],"picked":"Inflame+1","floor":39},{"not_picked":["Flame Barrier","Cleave"],"picked":"Thunderclap+1","floor":40},{"not_picked":["Headbutt+1","Thunderclap+1"],"picked":"Shrug It Off+1","floor":41},{"not_picked":["Pommel Strike+1","Impervious"],"picked":"Warcry+1","floor":42},{"not_picked":["Thunderclap+1","Iron Wave+1"],"picked":"Cleave+1","floor":44},{"not_picked":["Pommel Strike+1","Twin Strike"],"picked":"Heavy Blade+1","floor":46},{"not_picked":["Armaments","Rampage+1"],"picked":"Rage+1","floor":48},{"not_picked":["Anger","Fiend Fire"],"picked":"Headbutt+1","floor":49}],"player_experience":35097,"relics_obtained":[{"floor":5,"key":"Self Forming Clay"},{"floor":9,"key":"Regal Pillow"},{"floor":11,"key":"Dream Catcher"},{"floor":26,"key":"Strawberry"},{"floor":27,"key":"Torii"},{"floor":41,"key":"FossilizedHelix"},{"floor":43,"key":"Anchor"},{"floor":46,"key":"Peace Pipe"}],"event_choices":[{"damage_healed":0,"gold_gain":0,"player_choice":"Entered Light","damage_taken":16,"max_hp_gain":0,"max_hp_loss":0,"event_name":"Shining Light","floor":2,"gold_loss":0,"cards_upgraded":["Strike_R","Defend_R"]},{"damage_healed":0,"gold_gain":175,"player_choice":"AGREE","damage_taken":0,"max_hp_gain":0,"max_hp_loss":0,"event_name":"Liars Game","floor":3,"gold_loss":0,"cards_obtained":["Doubt"]},{"damage_healed":0,"gold_gain":0,"cards_transformed":["Defend_R"],"player_choice":"Transformed","damage_taken":0,"max_hp_gain":0,"max_hp_loss":0,"event_name":"Transmorgrifier","floor":8,"gold_loss":0,"cards_obtained":["Headbutt"]},{"damage_healed":0,"gold_gain":0,"player_choice":"Trade","damage_taken":0,"relics_obtained":["GremlinMask"],"max_hp_gain":0,"max_hp_loss":0,"event_name":"FaceTrader","floor":20,"gold_loss":0},{"damage_healed":0,"gold_gain":0,"player_choice":"Forge","damage_taken":0,"max_hp_gain":0,"max_hp_loss":0,"event_name":"Accursed Blacksmith","floor":36,"gold_loss":0,"cards_upgraded":["Reaper"]},{"damage_healed":0,"gold_gain":0,"player_choice":"Fight","damage_taken":0,"max_hp_gain":0,"max_hp_loss":0,"event_name":"Mysterious Sphere","floor":46,"gold_loss":0}],"is_beta":false,"boss_relics":[{"not_picked":["Orrery","Empty Cage"],"picked":"White Beast Statue"},{"not_picked":["Philosopher\u0027s Stone","Coffee Dripper"],"picked":"Mark of Pain"}],"items_purged_floors":[12],"is_endless":false,"potions_floor_spawned":[11,14,16,18,21,22,24,27,28,30,31,33,35,37,38,39,41,42,46,48],"ascension_level":0}