{"gold_per_floor":[99,99,99,99,99,99,99,99,99,64,64,64,64],"floor_reached":13,"playtime":732,"items_purged":[],"score":87,"play_id":"c8a2316b-cbeb-4319-b7d9-8f48cd5dad19","local_time":"20190308104719","is_ascension_mode":false,"campfire_choices":[{"floor":8,"key":"REST"}],"neow_cost":"NONE","seed_source_timestamp":168825937342640,"circlet_count":0,"master_deck":["Strike_B","Strike_B","Strike_B","Strike_B","Defend_B","Defend_B","Defend_B","Zap","Dualcast","Beam Cell","Regret","Gash","BootSequence","Steam","Go for the Eyes","Steam"],"relics":["Ectoplasm","Regal Pillow","Emotion Chip","Frozen Egg 2"],"potions_floor_usage":[6,6,13],"damage_taken":[{"damage":8,"enemies":"Small Slimes","floor":1,"turns":3},{"damage":6,"enemies":"Jaw Worm","floor":3,"turns":2},{"damage":8,"enemies":"2 Louse","floor":5,"turns":3},{"damage":34,"enemies":"3 Sentries","floor":6,"turns":7},{"damage":8,"enemies":"Blue Slaver","floor":7,"turns":3},{"damage":2,"enemies":"3 Louse","floor":11,"turns":4},{"damage":7,"enemies":"Red Slaver","floor":12,"turns":4},{"damage":64,"enemies":"Gremlin Nob","floor":13,"turns":5}],"seed_played":"8889108734579270687","potions_obtained":[{"floor":3,"key":"Explosive Potion"},{"floor":5,"key":"Swift Potion"},{"floor":7,"key":"Poison Potion"}],"is_trial":false,"path_per_floor":["?","?","?"],"character_chosen":"DEFECT","items_purchased":[],"campfire_rested":1,"item_purchase_floors":[],"current_hp_per_floor":[67,60,54,54,46,12,4,41,41,59,57,50,0],"gold":64,"neow_bonus":"BOSS_RELIC","is_prod":false,"is_daily":false,"chose_seed":false,"campfire_upgraded":0,"win_rate":0.0,"timestamp":1552038439,"path_taken":["M","?","M","?","M","E","M","R","T","?","M","M","E"],"build_version":"2019-01-23","purchased_purges":0,"victory":false,"max_hp_per_floor":[75,75,75,75,75,75,75,75,75,75,75,75,75],"card_choices":[{"not_picked":["Hologram","Glacier"],"picked":"Beam Cell","floor":1},{"not_picked":["Beam Cell","Cold Snap","Redo"],"picked":"SKIP","floor":3},{"not_picked":["Turbo","Conserve Battery"],"picked":"Gash","floor":5},{"not_picked":["Reboot","Coolheaded"],"picked":"BootSequence","floor":6},{"not_picked":["Go for the Eyes","Leap"],"picked":"Steam","floor":7},{"not_picked":["Storm+1","Coolheaded"],"picked":"Go for the Eyes","floor":11},{"not_picked":["Turbo","Force Field"],"picked":"Steam","floor":12}],"player_experience":64875,"relics_obtained":[{"floor":6,"key":"Emotion Chip"},{"floor":9,"key":"Frozen Egg 2"}],"event_choices":[{"cards_removed":["Defend_B"],"damage_healed":0,"gold_gain":0,"player_choice":"Card Removal","damage_taken":7,"max_hp_gain":0,"max_hp_loss":0,"event_name":"Golden Wing","floor":2,"gold_loss":0},{"damage_healed":0,"gold_gain":0,"player_choice":"Box","damage_taken":0,"relics_obtained":["Regal Pillow"],"max_hp_gain":0,"max_hp_loss":0,"event_name":"Big Fish","floor":4,"gold_loss":0,"cards_obtained":["Regret"]},{"damage_healed":18,"gold_gain":0,"player_choice":"Healed","damage_taken":0,"max_hp_gain":0,"max_hp_loss":0,"event_name":"The Cleric","floor":10,"gold_loss":35}],"is_beta":false,"boss_relics":[],"items_purged_floors":[],"is_endless":false,"potions_floor_spawned":[3,5,7],"killed_by":"Gremlin Nob","ascension_level":0}