{"gold_per_floor":[111,130,130,130,41,41,74,94,94,110,124,139,139,139,139,269,269,283,283,408,408,431,431,431],"floor_reached":24,"playtime":1100,"items_purged":[],"score":196,"play_id":"0f7364b8-1109-4ed9-bae3-b932a97a2c59","local_time":"20181212232721","is_ascension_mode":false,"campfire_choices":[{"data":"Self Repair","floor":6,"key":"SMITH"},{"data":"Darkness","floor":13,"key":"SMITH"},{"data":"Lockon","floor":15,"key":"SMITH"},{"floor":23,"key":"REST"}],"neow_cost":"NONE","seed_source_timestamp":1126548566277467,"circlet_count":0,"master_deck":["Strike_B","Strike_B","Strike_B","Strike_B","Defend_B","Defend_B","Defend_B","Defend_B","Zap+1","Dualcast","Melter","Tempest","Self Repair+1","Streamline","Rainbow","Lockon+1","Ball Lightning","Conserve Battery","Darkness+1","Electrodynamics","Genetic Algorithm+1","Cold Snap"],"relics":["Cracked Core","Bag of Preparation","Shuriken","Pen Nib","Golden Idol","Inserter","MutagenicStrength","Du-Vu Doll","Letter Opener"],"potions_floor_usage":[7,7,18,20,24],"damage_taken":[{"damage":0,"enemies":"Small Slimes","floor":1,"turns":3},{"damage":0,"enemies":"2 Louse","floor":2,"turns":2},{"damage":26,"enemies":"3 Sentries","floor":7,"turns":5},{"damage":8,"enemies":"Jaw Worm","floor":8,"turns":3},{"damage":0,"enemies":"Exordium Wildlife","floor":10,"turns":3},{"damage":12,"enemies":"3 Louse","floor":11,"turns":2},{"damage":1,"enemies":"Looter","floor":12,"turns":3},{"damage":28,"enemies":"Slime Boss","floor":16,"turns":7},{"damage":23,"enemies":"3 Byrds","floor":18,"turns":3},{"damage":6,"enemies":"Colosseum Slavers","floor":20,"turns":2},{"damage":35,"enemies":"Colosseum Nobs","floor":20,"turns":4},{"damage":11,"enemies":"Chosen","floor":22,"turns":4},{"damage":66,"enemies":"Slavers","floor":24,"turns":4}],"seed_played":"8087071127084681030","potions_obtained":[{"floor":1,"key":"LiquidBronze"},{"floor":2,"key":"LiquidBronze"},{"floor":11,"key":"Regen Potion"},{"floor":16,"key":"FairyPotion"},{"floor":18,"key":"Block Potion"},{"floor":22,"key":"Strength Potion"}],"is_trial":false,"path_per_floor":["M","M","?","?","$","R","E","M","T","M","M","M","R","?","R","B",null,"M","?","?","?","M","R","E"],"character_chosen":"DEFECT","items_purchased":["Self Repair","Streamline"],"campfire_rested":1,"item_purchase_floors":[5,5],"current_hp_per_floor":[75,75,75,80,80,80,64,66,66,76,74,80,80,60,60,32,80,57,57,26,26,25,49,0],"gold":431,"neow_bonus":"RANDOM_COMMON_RELIC","is_prod":false,"is_daily":false,"chose_seed":false,"campfire_upgraded":3,"win_rate":0.0,"timestamp":1544675241,"path_taken":["M","M","?","?","$","R","E","M","T","M","?","M","R","?","R","BOSS","M","?","?","?","M","R","E"],"build_version":"2018-12-06","purchased_purges":0,"victory":false,"max_hp_per_floor":[75,75,75,80,80,80,80,80,80,80,80,80,80,80,80,80,80,80,80,80,80,80,80,80],"card_choices":[{"not_picked":["Go for the Eyes","Blizzard"],"picked":"Melter","floor":1},{"not_picked":["Cold Snap","Leap"],"picked":"Tempest","floor":2},{"not_picked":["Sweeping Beam","BootSequence"],"picked":"Rainbow","floor":7},{"not_picked":["Hologram","Redo"],"picked":"Lockon","floor":8},{"not_picked":["Turbo","Steam"],"picked":"Ball Lightning","floor":10},{"not_picked":["Cold Snap","Undo"],"picked":"Conserve Battery","floor":11},{"not_picked":["Beam Cell","Redo"],"picked":"Darkness","floor":12},{"not_picked":["Biased Cognition","Reboot"],"picked":"Electrodynamics","floor":16},{"not_picked":["Coolheaded+1","Sunder"],"picked":"Genetic Algorithm+1","floor":18},{"not_picked":["Lockon","Steam"],"picked":"Cold Snap","floor":20},{"not_picked":["Rebound","Beam Cell","Hologram"],"picked":"SKIP","floor":22}],"player_experience":274273,"relics_obtained":[{"floor":7,"key":"Shuriken"},{"floor":9,"key":"Pen Nib"},{"floor":20,"key":"Du-Vu Doll"},{"floor":20,"key":"Letter Opener"}],"event_choices":[{"damage_healed":0,"gold_gain":0,"player_choice":"Grow","damage_taken":0,"max_hp_gain":0,"max_hp_loss":0,"event_name":"Living Wall","floor":3,"gold_loss":0,"cards_upgraded":["Zap"]},{"damage_healed":0,"gold_gain":0,"player_choice":"Donut","damage_taken":0,"max_hp_gain":5,"max_hp_loss":0,"event_name":"Big Fish","floor":4,"gold_loss":0},{"damage_healed":0,"gold_gain":0,"player_choice":"Take Damage","damage_taken":20,"relics_obtained":["Golden Idol"],"max_hp_gain":0,"max_hp_loss":0,"event_name":"Golden Idol","floor":14,"gold_loss":0},{"damage_healed":0,"gold_gain":0,"player_choice":"Inject Mutagens","damage_taken":0,"relics_obtained":["MutagenicStrength"],"max_hp_gain":0,"max_hp_loss":0,"event_name":"Drug Dealer","floor":19,"gold_loss":0},{"damage_healed":0,"gold_gain":0,"player_choice":"Fight","damage_taken":0,"max_hp_gain":0,"max_hp_loss":0,"event_name":"Colosseum","floor":20,"gold_loss":0},{"damage_healed":0,"gold_gain":0,"player_choice":"Fought Nobs","damage_taken":0,"max_hp_gain":0,"max_hp_loss":0,"event_name":"Colosseum","floor":20,"gold_loss":0},{"damage_healed":0,"gold_gain":0,"player_choice":"Ignored","damage_taken":0,"max_hp_gain":0,"max_hp_loss":0,"event_name":"Ghosts","floor":21,"gold_loss":0}],"is_beta":false,"boss_relics":[{"not_picked":["Empty Cage","FrozenCore"],"picked":"Inserter"}],"items_purged_floors":[],"is_endless":false,"potions_floor_spawned":[1,2,11,16,18,20,22],"killed_by":"Slavers","ascension_level":0}