{"gold_per_floor":[109,125,145,8,8,8,23,23,23,42,42,62,81,92,92,164,214,214],"floor_reached":18,"playtime":482,"items_purged":[],"score":304,"play_id":"1e1b00c3-f000-4c9c-bb02-8db3a3911ea0","local_time":"20181008160258","is_ascension_mode":true,"campfire_choices":[{"data":"Dagger Spray","floor":6.0,"key":"SMITH"},{"data":"Neutralize","floor":8.0,"key":"SMITH"},{"data":"Terror","floor":11.0,"key":"SMITH"},{"floor":15.0,"key":"REST"}],"neow_cost":"NONE","seed_source_timestamp":286331880308604,"circlet_count":0,"master_deck":["Defend_G","Defend_G","Defend_G","Defend_G","Defend_G","Strike_G","Strike_G","Strike_G","Strike_G","Strike_G","Survivor","Neutralize+1","AscendersBane","Masterful Stab","Dagger Spray+1","Dagger Spray","Terror+1","Slice","Expertise+1","Well Laid Plans","Deflect","Cloak And Dagger","Corpse Explosion","Heel Hook"],"special_seed":0,"relics":["Ring of the Snake","Bag of Preparation","Sundial","Tiny House"],"potions_floor_usage":[],"damage_taken":[{"damage":25.0,"enemies":"Jaw Worm","floor":1.0,"turns":8.0},{"damage":3.0,"enemies":"Cultist","floor":2.0,"turns":4.0},{"damage":0.0,"enemies":"Small Slimes","floor":3.0,"turns":2.0},{"damage":11.0,"enemies":"3 Louse","floor":7.0,"turns":2.0},{"damage":0.0,"enemies":"Gremlin Gang","floor":10.0,"turns":1.0},{"damage":1.0,"enemies":"Large Slime","floor":12.0,"turns":4.0},{"damage":1.0,"enemies":"3 Louse","floor":13.0,"turns":2.0},{"damage":0.0,"enemies":"Blue Slaver","floor":14.0,"turns":1.0},{"damage":15.0,"enemies":"Slime Boss","floor":16.0,"turns":6.0},{"damage":39,"enemies":"Chosen","floor":18,"turns":5}],"seed_played":"5026993310006621202","potions_obtained":[{"floor":3.0,"key":"Dexterity Potion"},{"floor":7.0,"key":"Block Potion"},{"floor":10.0,"key":"FairyPotion"},{"floor":12.0,"key":"SteroidPotion"},{"floor":13.0,"key":"Explosive Potion"},{"floor":17.0,"key":"EssenceOfSteel"}],"is_trial":false,"path_per_floor":["M","M","M","$","?","R","M","R","T","M","R","M","M","M","R","B",null],"character_chosen":"THE_SILENT","items_purchased":["Terror","Slice"],"campfire_rested":1,"item_purchase_floors":[4,4],"current_hp_per_floor":[40,37,37,37,37,37,26,26,26,26,26,25,24,24,45,30,67,28],"gold":214,"neow_bonus":"TEN_PERCENT_HP_BONUS","is_prod":false,"is_daily":false,"chose_seed":false,"campfire_upgraded":3,"win_rate":0,"timestamp":1538982178,"path_taken":["M","M","M","$","?","R","M","R","T","?","R","M","?","?","R","BOSS","M"],"build_version":"2018-10-04v2","purchased_purges":0,"victory":false,"max_hp_per_floor":[72,72,72,72,72,72,72,72,72,72,72,72,72,72,72,72,77,77],"card_choices":[{"not_picked":["Bane","Prepared"],"picked":"Masterful Stab","floor":1.0},{"not_picked":["Escape Plan","Dodge and Roll"],"picked":"Dagger Spray","floor":2.0},{"not_picked":["Heel Hook","Dagger Throw"],"picked":"Dagger Spray","floor":3.0},{"not_picked":["Bouncing Flask","Dagger Throw"],"picked":"Expertise","floor":7.0},{"not_picked":["Acrobatics","Flying Knee","Cloak And Dagger"],"picked":"SKIP","floor":10.0},{"not_picked":["Night Terror","Escape Plan"],"picked":"Well Laid Plans","floor":12.0},{"not_picked":["Riddle With Holes","Masterful Stab"],"picked":"Deflect","floor":13.0},{"not_picked":["Eviscerate","Prepared"],"picked":"Cloak And Dagger","floor":14.0},{"not_picked":["Unload","Malaise"],"picked":"Corpse Explosion","floor":16.0},{"not_picked":["Riddle With Holes","Outmaneuver"],"picked":"Heel Hook","floor":17.0}],"player_experience":694056,"relics_obtained":[{"floor":9.0,"key":"Sundial"}],"event_choices":[{"event_name":"WeMeetAgain","player_choice":"Potion","floor":5.0,"damage_taken":0.0}],"is_beta":false,"boss_relics":[{"not_picked":["Runic Pyramid","Velvet Choker"],"picked":"Tiny House"}],"items_purged_floors":[],"is_endless":false,"potions_floor_spawned":[3,7,10,12,13],"killed_by":"Chosen","ascension_level":19}