{"gold_per_floor":[110,124,124,134,147,181,181,211,235,252,271,304,304,324,324,402,402,420,420,345,345,295,329,329,341,341,83,83,96,29,41,41,112,112,131,144,144,156,4,29,45,45,72,107,4,37,37,62,62,62,62,62,18,49,49],"floor_reached":56,"playtime":5571,"items_purged":["Beam Cell"],"score":2256,"play_id":"757cf6d1-98d0-43fd-8c1c-079c9a497905","local_time":"20190113131523","is_ascension_mode":true,"campfire_choices":[{"data":"Self Repair","floor":13,"key":"SMITH"},{"data":"Double Energy","floor":15,"key":"SMITH"},{"data":"Reprogram","floor":24,"key":"SMITH"},{"data":"Steam Power","floor":28,"key":"SMITH"},{"data":"Coolheaded","floor":32,"key":"SMITH"},{"data":"Recycle","floor":47,"key":"SMITH"},{"floor":49,"key":"RECALL"},{"data":"Consume","floor":52,"key":"SMITH"}],"neow_cost":"NONE","seed_source_timestamp":243052312339900,"circlet_count":0,"master_deck":["AscendersBane","Defend_B","Defend_B","Defend_B","Defend_B","Zap","Dualcast","Ball Lightning","Glacier","Double Energy+1","Tempest","Glacier+1","Heatsinks","Steam Power+1","Consume+1","Sweeping Beam","Self Repair+1","Electrodynamics","Thunder Strike","Reprogram+1","Conserve Battery+1","Recycle+1","Self Repair","Finesse","Coolheaded+1","Machine Learning","Purity","Flash of Steel","Hologram","Self Repair","Coolheaded","Hologram+1","Static Discharge","Storm+1"],"relics":["Coffee Dripper","Ice Cream","Strawberry","Bag of Marbles","Runic Pyramid","Happy Flower","Pen Nib","PreservedInsect","Membership Card","Philosopher\u0027s Stone","Dead Branch","Incense Burner","DataDisk","Ginger","Bag of Preparation","Art of War","Ornamental Fan","War Paint"],"potions_floor_usage":[6,12,14,16,18,23,33,41,55],"damage_taken":[{"damage":0,"enemies":"Cultist","floor":1,"turns":4},{"damage":7,"enemies":"Small Slimes","floor":2,"turns":3},{"damage":1,"enemies":"2 Louse","floor":4,"turns":2},{"damage":9,"enemies":"Exordium Thugs","floor":5,"turns":5},{"damage":15,"enemies":"Lagavulin","floor":6,"turns":7},{"damage":25,"enemies":"3 Sentries","floor":8,"turns":12},{"damage":0,"enemies":"Looter","floor":10,"turns":3},{"damage":8,"enemies":"Blue Slaver","floor":11,"turns":2},{"damage":0,"enemies":"Gremlin Nob","floor":12,"turns":2},{"damage":0,"enemies":"Large Slime","floor":14,"turns":4},{"damage":0,"enemies":"Slime Boss","floor":16,"turns":6},{"damage":21,"enemies":"3 Byrds","floor":18,"turns":3},{"damage":36,"enemies":"Slavers","floor":23,"turns":3},{"damage":22,"enemies":"2 Thieves","floor":25,"turns":2},{"damage":0,"enemies":"Snake Plant","floor":29,"turns":2},{"damage":0,"enemies":"Centurion and Healer","floor":31,"turns":3},{"damage":0,"enemies":"Champ","floor":33,"turns":9},{"damage":2,"enemies":"3 Darklings","floor":35,"turns":3},{"damage":8,"enemies":"Orb Walker","floor":36,"turns":4},{"damage":19,"enemies":"Writhing Mass","floor":38,"turns":3},{"damage":0,"enemies":"Reptomancer","floor":40,"turns":3},{"damage":14,"enemies":"Spire Growth","floor":41,"turns":3},{"damage":0,"enemies":"Nemesis","floor":44,"turns":3},{"damage":36,"enemies":"Reptomancer","floor":46,"turns":5},{"damage":0,"enemies":"Giant Head","floor":48,"turns":5},{"damage":11,"enemies":"Time Eater","floor":50,"turns":6},{"damage":4,"enemies":"Shield and Spear","floor":54,"turns":5},{"damage":67,"enemies":"The Heart","floor":55,"turns":6}],"seed_played":"5582026315162461650","potions_obtained":[{"floor":1,"key":"Fire Potion"},{"floor":2,"key":"SpeedPotion"},{"floor":8,"key":"Energy Potion"},{"floor":12,"key":"Fire Potion"},{"floor":16,"key":"Swift Potion"},{"floor":18,"key":"Block Potion"},{"floor":25,"key":"Swift Potion"},{"floor":36,"key":"SteroidPotion"},{"floor":38,"key":"Regen Potion"},{"floor":41,"key":"SteroidPotion"},{"floor":46,"key":"LiquidBronze"}],"is_trial":false,"path_per_floor":["M","M","?","M","M","E","?","E","T","M","M","E","R","M","R","B",null,"M","?","?","T","?","E","R","M","T","$","R","M","$","M","R","B",null,"M","M","?","M","$","E","M","?","T","E","$","E","R","E","R","B",null,"R","$","E","B",null],"character_chosen":"DEFECT","items_purchased":["Membership Card","Energy Potion","Self Repair","Finesse","Dead Branch","Bag of Preparation","Coolheaded","Static Discharge","Swift Potion"],"campfire_rested":0,"item_purchase_floors":[27,27,30,30,39,45,45,53,53],"current_hp_per_floor":[64,57,57,56,47,32,32,14,14,14,6,6,6,16,16,26,65,54,54,54,54,54,28,28,6,6,6,6,6,6,23,23,40,69,78,78,68,59,59,59,55,55,55,78,78,66,66,78,78,78,78,78,78,78,28],"gold":49,"neow_bonus":"BOSS_RELIC","is_prod":false,"is_daily":false,"chose_seed":false,"campfire_upgraded":7,"win_rate":0,"timestamp":1547414123,"path_taken":["M","?","?","M","M","E","?","E","T","M","M","E","R","M","R","BOSS","M","?","?","?","?","E","R","?","T","$","R","M","$","M","R","BOSS","M","M","?","M","$","E","M","?","T","E","?","E","R","E","R","BOSS","R","$","E","BOSS"],"build_version":"2019-01-10","purchased_purges":1,"victory":true,"max_hp_per_floor":[71,71,71,71,71,71,71,78,78,78,78,78,78,78,78,78,78,78,78,78,78,78,78,78,78,78,78,78,78,78,78,78,78,78,78,78,78,78,78,78,78,78,78,78,78,78,78,78,78,78,78,78,78,78,78],"card_choices":[{"not_picked":["Genetic Algorithm","Beam Cell"],"picked":"Ball Lightning","floor":1},{"not_picked":["Coolheaded","BootSequence"],"picked":"Glacier","floor":2},{"not_picked":["Undo","Redo"],"picked":"Double Energy","floor":4},{"not_picked":["Darkness","Blizzard"],"picked":"Tempest","floor":5},{"not_picked":["Ball Lightning","Melter"],"picked":"Glacier","floor":6},{"not_picked":["Melter","Cold Snap"],"picked":"Steam Power","floor":8},{"not_picked":["Beam Cell","Leap"],"picked":"Consume","floor":10},{"not_picked":["Compile Driver","Auto Shields"],"picked":"Sweeping Beam","floor":11},{"not_picked":["Sweeping Beam","Loop"],"picked":"Self Repair","floor":12},{"not_picked":["Undo","Rebound"],"picked":"Electrodynamics","floor":14},{"not_picked":["All For One","Hyperbeam"],"picked":"Thunder Strike","floor":16},{"not_picked":["Redo","Compile Driver","Barrage"],"picked":"SKIP","floor":18},{"not_picked":["Amplify","Blizzard"],"picked":"Reprogram","floor":23},{"not_picked":["Ball Lightning","Scrape"],"picked":"Conserve Battery+1","floor":25},{"not_picked":["Cold Snap","Beam Cell"],"picked":"Recycle","floor":29},{"not_picked":["Undo","Sweeping Beam"],"picked":"Coolheaded","floor":31},{"not_picked":["All For One","Hyperbeam"],"picked":"Machine Learning","floor":33},{"not_picked":["Loop","Melter","Steam"],"picked":"SKIP","floor":35},{"not_picked":["Streamline","Aggregate","FTL"],"picked":"SKIP","floor":36},{"not_picked":["Magnetism","Thinking Ahead"],"picked":"Purity","floor":37},{"not_picked":["Swift Strike","Discovery"],"picked":"Flash of Steel","floor":37},{"not_picked":["Turbo","Consume"],"picked":"Hologram","floor":38},{"not_picked":["Barrage","Beam Cell+1","BootSequence+1"],"picked":"SKIP","floor":40},{"not_picked":["Sweeping Beam","Streamline"],"picked":"Self Repair","floor":41},{"not_picked":["Scrape+1","Melter","Ball Lightning+1"],"picked":"SKIP","floor":44},{"not_picked":["All For One","Streamline","Chaos"],"picked":"SKIP","floor":46},{"not_picked":["Scrape","Aggregate"],"picked":"Hologram","floor":48},{"not_picked":["Rainbow","Steam"],"picked":"Storm+1","floor":54}],"player_experience":451717,"relics_obtained":[{"floor":6,"key":"Ice Cream"},{"floor":8,"key":"Strawberry"},{"floor":12,"key":"Bag of Marbles"},{"floor":21,"key":"Happy Flower"},{"floor":23,"key":"Pen Nib"},{"floor":26,"key":"PreservedInsect"},{"floor":40,"key":"Incense Burner"},{"floor":43,"key":"DataDisk"},{"floor":44,"key":"Ginger"},{"floor":46,"key":"Art of War"},{"floor":48,"key":"Ornamental Fan"},{"floor":54,"key":"War Paint"}],"event_choices":[{"damage_healed":0,"gold_gain":0,"player_choice":"Ignored","damage_taken":0,"max_hp_gain":0,"max_hp_loss":0,"event_name":"Liars Game","floor":3,"gold_loss":0},{"damage_healed":0,"gold_gain":0,"cards_transformed":["Strike_B"],"player_choice":"Transformed","damage_taken":0,"max_hp_gain":0,"max_hp_loss":0,"event_name":"Transmorgrifier","floor":7,"gold_loss":0,"cards_obtained":["Heatsinks"]},{"damage_healed":0,"gold_gain":0,"cards_transformed":["Strike_B","Strike_B"],"player_choice":"Became Test Subject","damage_taken":0,"max_hp_gain":0,"max_hp_loss":0,"event_name":"Drug Dealer","floor":19,"gold_loss":0,"cards_obtained":["Gash","Beam Cell"]},{"cards_removed":["Strike_B"],"damage_healed":0,"gold_gain":0,"player_choice":"Gave Gold","damage_taken":0,"max_hp_gain":0,"max_hp_loss":0,"event_name":"Beggar","floor":20,"gold_loss":75},{"damage_healed":0,"gold_gain":0,"player_choice":"Bet on Owner","damage_taken":0,"max_hp_gain":0,"max_hp_loss":0,"event_name":"The Joust","floor":22,"gold_loss":50},{"damage_healed":0,"gold_gain":0,"player_choice":"Memory 3","damage_taken":10,"max_hp_gain":0,"max_hp_loss":0,"event_name":"SensoryStone","floor":37,"gold_loss":0},{"cards_removed":["Gash"],"damage_healed":0,"gold_gain":0,"player_choice":"Removed Attack","damage_taken":0,"max_hp_gain":0,"max_hp_loss":0,"event_name":"Falling","floor":42,"gold_loss":0}],"is_beta":false,"boss_relics":[{"not_picked":["Ectoplasm","Orrery"],"picked":"Runic Pyramid"},{"not_picked":["Calling Bell","Runic Dome"],"picked":"Philosopher\u0027s Stone"}],"items_purged_floors":[27],"is_endless":false,"potions_floor_spawned":[1,2,5,8,12,16,18,25,36,38,41,46,54],"ascension_level":14}