{"gold_per_floor":[215,232,232,243,65,96,96,96,144,164,164,177,206,171,171,272,272,285,185,203,215,21,21,56,56,135,135,135,135,135,135,135,135],"floor_reached":33,"playtime":1251,"items_purged":["Strike_G","Defend_G","Strike_G"],"score":298,"play_id":"7142b682-1487-48cb-84f0-88ae2b994d77","local_time":"20190218155720","is_ascension_mode":true,"campfire_choices":[{"floor":8,"key":"REST"},{"floor":11,"key":"REST"},{"data":"Envenom","floor":15,"key":"SMITH"},{"floor":23,"key":"REST"},{"floor":25,"key":"REST"},{"floor":30,"key":"REST"},{"floor":32,"key":"REST"}],"neow_cost":"NONE","seed_source_timestamp":5537828744282679,"circlet_count":0,"master_deck":["Defend_G","Defend_G","Defend_G","Defend_G","Strike_G","Strike_G","Survivor","Neutralize","Dagger Spray","Bouncing Flask","Poisoned Stab","Deadly Poison","Envenom+1","Blur","Blur","PiercingWail","Catalyst","Blade Dance+1","Noxious Fumes","After Image"],"relics":["Ring of the Snake","Anchor","Omamori","Orrery","Sundial","Paper Crane"],"potions_floor_usage":[6,6,12,20,24,24],"damage_taken":[{"damage":7,"enemies":"Small Slimes","floor":1,"turns":4},{"damage":7,"enemies":"Jaw Worm","floor":2,"turns":4},{"damage":0,"enemies":"Cultist","floor":4,"turns":3},{"damage":14,"enemies":"Gremlin Nob","floor":6,"turns":3},{"damage":18,"enemies":"Exordium Thugs","floor":10,"turns":5},{"damage":2,"enemies":"Looter","floor":12,"turns":3},{"damage":16,"enemies":"Lagavulin","floor":13,"turns":7},{"damage":32,"enemies":"The Guardian","floor":16,"turns":10},{"damage":8,"enemies":"Chosen","floor":18,"turns":6},{"damage":19,"enemies":"Spheric Guardian","floor":20,"turns":4},{"damage":15,"enemies":"Centurion and Healer","floor":21,"turns":7},{"damage":35,"enemies":"Book of Stabbing","floor":24,"turns":5},{"damage":26,"enemies":"Colosseum Slavers","floor":27,"turns":5},{"damage":68,"enemies":"Collector","floor":33,"turns":8}],"seed_played":"389238240858664392","potions_obtained":[{"floor":2,"key":"SkillPotion"},{"floor":4,"key":"Poison Potion"},{"floor":10,"key":"EssenceOfSteel"},{"floor":12,"key":"FairyPotion"},{"floor":18,"key":"AttackPotion"},{"floor":20,"key":"EntropicBrew"}],"is_trial":false,"path_per_floor":["M","M","?","M","$","E","?","R","T","M","R","M","E","?","R","B",null,"M","$","M","M","$","R","E","R","T","?","?","$","R","?","R","B"],"character_chosen":"THE_SILENT","items_purchased":["Poisoned Stab","Deadly Poison","Noxious Fumes"],"campfire_rested":6,"item_purchase_floors":[5,5,22],"current_hp_per_floor":[63,56,56,56,56,42,42,63,63,45,66,64,48,65,65,33,70,62,62,43,28,28,49,14,35,35,9,9,9,30,30,51,0],"gold":135,"neow_bonus":"HUNDRED_GOLD","is_prod":false,"is_daily":false,"chose_seed":false,"campfire_upgraded":1,"win_rate":0,"timestamp":1550523440,"path_taken":["M","M","?","M","$","E","?","R","T","M","R","M","E","?","R","BOSS","M","$","M","M","$","R","E","R","T","?","?","$","R","?","R","BOSS"],"build_version":"2019-01-23","purchased_purges":3,"victory":false,"max_hp_per_floor":[70,70,70,70,70,70,70,70,70,70,70,70,70,70,70,70,70,70,70,70,70,70,70,70,70,70,70,70,70,70,70,70,70],"card_choices":[{"not_picked":["Sucker Punch","Bane"],"picked":"Dagger Spray","floor":1},{"not_picked":["Dodge and Roll","Calculated Gamble"],"picked":"Bouncing Flask","floor":2},{"not_picked":["Deflect","Flying Knee","Flechettes"],"picked":"SKIP","floor":4},{"not_picked":["Bane","Expertise"],"picked":"Envenom","floor":6},{"not_picked":["Flying Knee","Reflex","Caltrops"],"picked":"SKIP","floor":10},{"not_picked":["Bane","Sucker Punch"],"picked":"Blur","floor":12},{"not_picked":["Dagger Throw","Quick Slash","Storm of Steel"],"picked":"SKIP","floor":13},{"not_picked":["Flechettes","Tactician"],"picked":"Blur","floor":17},{"not_picked":["Dagger Throw","Backflip"],"picked":"PiercingWail","floor":17},{"not_picked":["Underhanded Strike","Dodge and Roll"],"picked":"Catalyst","floor":17},{"not_picked":["Cloak And Dagger","Backflip+1"],"picked":"Blade Dance+1","floor":18},{"not_picked":["Setup","Dagger Spray","Flying Knee"],"picked":"SKIP","floor":20},{"not_picked":["Quick Slash","Dash","Tools of the Trade"],"picked":"SKIP","floor":21},{"not_picked":["Underhanded Strike","Dagger Throw"],"picked":"After Image","floor":24}],"player_experience":91002,"relics_obtained":[{"floor":6,"key":"Anchor"},{"floor":13,"key":"Omamori"},{"floor":24,"key":"Sundial"},{"floor":26,"key":"Paper Crane"}],"event_choices":[{"damage_healed":0,"gold_gain":0,"player_choice":"Ignored","damage_taken":0,"max_hp_gain":0,"max_hp_loss":0,"event_name":"Shining Light","floor":3,"gold_loss":0},{"damage_healed":0,"gold_gain":0,"player_choice":"Ignored","damage_taken":0,"max_hp_gain":0,"max_hp_loss":0,"event_name":"Golden Idol","floor":7,"gold_loss":0},{"damage_healed":17,"gold_gain":0,"player_choice":"Healed","damage_taken":0,"max_hp_gain":0,"max_hp_loss":0,"event_name":"The Cleric","floor":14,"gold_loss":35},{"damage_healed":0,"gold_gain":0,"player_choice":"Fight","damage_taken":0,"max_hp_gain":0,"max_hp_loss":0,"event_name":"Colosseum","floor":27,"gold_loss":0},{"damage_healed":0,"gold_gain":0,"player_choice":"Fled From Nobs","damage_taken":0,"max_hp_gain":0,"max_hp_loss":0,"event_name":"Colosseum","floor":27,"gold_loss":0},{"cards_removed":["Strike_G"],"damage_healed":0,"gold_gain":0,"player_choice":"Elegance","damage_taken":0,"max_hp_gain":0,"max_hp_loss":0,"event_name":"Back to Basics","floor":28,"gold_loss":0},{"damage_healed":0,"gold_gain":0,"player_choice":"Ignored","damage_taken":0,"max_hp_gain":0,"max_hp_loss":0,"event_name":"Vampires","floor":31,"gold_loss":0}],"is_beta":false,"boss_relics":[{"not_picked":["Ring of the Serpent","WristBlade"],"picked":"Orrery"}],"items_purged_floors":[5,19,22],"is_endless":false,"potions_floor_spawned":[2,4,10,12,18,20],"killed_by":"Collector","ascension_level":2}