{"gold_per_floor":[113,263,188,202,11,67,67,94,172,172,172,21,33,45,45,124,124,111,111,161,161,174,174,274,301,301,314,314,58,77,102,102,174,174,192,210,310,310,48,48,76,76,76,92,92,92,0,0,0,0],"floor_reached":51,"playtime":2410,"items_purged":["Pain","Strike_R"],"score":1305,"play_id":"f1a17f03-91ed-48c9-ac3d-d41ce8cd4ba0","local_time":"20190307223557","is_ascension_mode":true,"campfire_choices":[{"data":"Bash","floor":7,"key":"SMITH"},{"data":"True Grit","floor":10,"key":"SMITH"},{"floor":15,"key":"REST"},{"data":"Bludgeon","floor":23,"key":"SMITH"},{"floor":28,"key":"REST"},{"floor":32,"key":"REST"},{"floor":40,"key":"REST"},{"floor":42,"key":"REST"},{"floor":46,"key":"REST"},{"data":"Flame Barrier","floor":49,"key":"SMITH"}],"neow_cost":"NONE","seed_source_timestamp":24530978421138,"circlet_count":0,"master_deck":["AscendersBane","Strike_R","Strike_R","Strike_R","Strike_R","Defend_R","Defend_R","Bash+1","True Grit+1","Shrug It Off","Sword Boomerang","Shrug It Off","Cleave","Bludgeon+1","Perfected Strike","Warcry","Flame Barrier+1","Flame Barrier","Madness"],"relics":["Burning Blood","NeowsBlessing","Sling","Tiny Chest","Red Skull","Dodecahedron","WarpedTongs","Snecko Eye","Ginger","Blue Candle","Bottled Flame","Kunai","Orichalcum","Lantern","Mark of Pain","Mango","Matryoshka","Gremlin Horn","Darkstone Periapt","Anchor","Red Mask"],"potions_floor_usage":[8,16,30,31,33,35,50],"damage_taken":[{"damage":0,"enemies":"Jaw Worm","floor":1,"turns":1},{"damage":0,"enemies":"Small Slimes","floor":4,"turns":1},{"damage":0,"enemies":"Gremlin Nob","floor":6,"turns":1},{"damage":33,"enemies":"Lagavulin","floor":8,"turns":7},{"damage":1,"enemies":"Cultist","floor":13,"turns":3},{"damage":5,"enemies":"Blue Slaver","floor":14,"turns":4},{"damage":39,"enemies":"The Guardian","floor":16,"turns":12},{"damage":14,"enemies":"2 Thieves","floor":18,"turns":4},{"damage":10,"enemies":"Shell Parasite","floor":22,"turns":4},{"damage":22,"enemies":"Colosseum Slavers","floor":24,"turns":4},{"damage":19,"enemies":"Colosseum Nobs","floor":24,"turns":3},{"damage":0,"enemies":"Gremlin Leader","floor":25,"turns":3},{"damage":7,"enemies":"Chosen and Byrds","floor":27,"turns":3},{"damage":1,"enemies":"Centurion and Healer","floor":30,"turns":6},{"damage":4,"enemies":"Book of Stabbing","floor":31,"turns":5},{"damage":51,"enemies":"Collector","floor":33,"turns":9},{"damage":16,"enemies":"3 Darklings","floor":35,"turns":8},{"damage":9,"enemies":"3 Shapes","floor":36,"turns":6},{"damage":0,"enemies":"Mind Bloom Boss Battle","floor":37,"turns":6},{"damage":26,"enemies":"Giant Head","floor":41,"turns":7},{"damage":7,"enemies":"Maw","floor":44,"turns":6},{"damage":70,"enemies":"Awakened One","floor":50,"turns":14}],"seed_played":"-5829433650507886438","potions_obtained":[{"floor":1,"key":"PowerPotion"},{"floor":8,"key":"PowerPotion"},{"floor":24,"key":"LiquidBronze"},{"floor":27,"key":"EssenceOfSteel"},{"floor":31,"key":"Explosive Potion"},{"floor":33,"key":"SpeedPotion"},{"floor":41,"key":"SpeedPotion"},{"floor":44,"key":"GamblersBrew"}],"is_trial":false,"path_per_floor":["M","?","?","M","$","E","R","E","T","R","?","$","M","M","R","B",null,"M","?","?","?","M","R","?","E","T","M","R","$","M","E","R","B",null,"M","M","?","?","$","R","E","R","T","M","?","R","?","?","R","B",null],"character_chosen":"IRONCLAD","items_purchased":["Sling","Shrug It Off","Cleave","Orichalcum","Matryoshka"],"campfire_rested":6,"item_purchase_floors":[5,12,12,29,39],"current_hp_per_floor":[74,74,74,75,75,75,75,48,48,48,48,48,53,54,75,42,67,59,59,59,59,55,55,26,32,32,31,53,53,58,60,75,30,64,54,51,71,71,71,89,69,89,89,88,72,89,89,89,89,25],"gold":0,"neow_bonus":"THREE_ENEMY_KILL","is_prod":false,"is_daily":false,"chose_seed":false,"campfire_upgraded":4,"win_rate":0,"timestamp":1552019757,"path_taken":["M","?","?","M","$","E","R","E","T","R","?","$","?","M","R","BOSS","M","?","?","?","?","R","?","E","T","M","R","$","M","E","R","BOSS","M","M","?","?","$","R","E","R","T","M","?","R","?","?","R","BOSS"],"build_version":"2019-01-23","purchased_purges":2,"victory":true,"max_hp_per_floor":[75,75,75,75,75,75,75,75,75,75,75,75,75,75,75,75,75,75,75,75,75,75,75,75,75,75,75,75,75,75,75,75,75,75,75,75,89,89,89,89,89,89,89,89,89,89,89,89,89,89],"card_choices":[{"not_picked":["Seeing Red","Body Slam"],"picked":"True Grit","floor":1},{"not_picked":["Clash","Corruption","True Grit"],"picked":"SKIP","floor":4},{"not_picked":["Barricade","Thunderclap"],"picked":"Shrug It Off","floor":6},{"not_picked":["True Grit","Dual Wield"],"picked":"Sword Boomerang","floor":8},{"not_picked":["Iron Wave","Headbutt","Wild Strike"],"picked":"SKIP","floor":13},{"not_picked":["Wild Strike","Cleave","Rampage"],"picked":"SKIP","floor":14},{"not_picked":["Double Tap","Limit Break"],"picked":"Bludgeon","floor":16},{"not_picked":["Flex","Headbutt"],"picked":"Perfected Strike","floor":18},{"not_picked":["Headbutt+1","Warcry","Flex+1"],"picked":"SKIP","floor":22},{"not_picked":["Havoc","Warcry"],"picked":"Flame Barrier","floor":25},{"not_picked":["Dropkick","Seeing Red"],"picked":"Flame Barrier","floor":27},{"not_picked":["True Grit","Flex","Wild Strike"],"picked":"SKIP","floor":30},{"not_picked":["Perfected Strike","Rupture","Headbutt"],"picked":"SKIP","floor":31},{"not_picked":["Corruption","Pommel Strike+1","Heavy Blade+1"],"picked":"SKIP","floor":35},{"not_picked":["Havoc","Clash+1","Headbutt"],"picked":"SKIP","floor":36},{"not_picked":["Limit Break","Heavy Blade","Battle Trance"],"picked":"SKIP","floor":41},{"not_picked":["Pommel Strike","Headbutt","Havoc"],"picked":"SKIP","floor":44}],"player_experience":279447,"relics_obtained":[{"floor":6,"key":"Tiny Chest"},{"floor":8,"key":"Red Skull"},{"floor":9,"key":"Dodecahedron"},{"floor":24,"key":"Ginger"},{"floor":24,"key":"Blue Candle"},{"floor":25,"key":"Bottled Flame"},{"floor":26,"key":"Kunai"},{"floor":31,"key":"Lantern"},{"floor":37,"key":"Mango"},{"floor":41,"key":"Gremlin Horn"},{"floor":43,"key":"Darkstone Periapt"},{"floor":43,"key":"Anchor"}],"event_choices":[{"damage_healed":0,"gold_gain":150,"player_choice":"AGREE","damage_taken":0,"max_hp_gain":0,"max_hp_loss":0,"event_name":"Liars Game","floor":2,"gold_loss":0,"cards_obtained":["Doubt"]},{"cards_removed":["Doubt"],"damage_healed":0,"gold_gain":0,"player_choice":"Card Removal","damage_taken":0,"max_hp_gain":0,"max_hp_loss":0,"event_name":"The Cleric","floor":3,"gold_loss":75},{"damage_healed":0,"gold_gain":0,"player_choice":"Rummage","damage_taken":0,"relics_obtained":["WarpedTongs"],"max_hp_gain":0,"max_hp_loss":0,"event_name":"Accursed Blacksmith","floor":11,"gold_loss":0,"cards_obtained":["Pain"]},{"damage_healed":0,"gold_gain":0,"player_choice":"Ignored","damage_taken":0,"max_hp_gain":0,"max_hp_loss":0,"event_name":"Ghosts","floor":19,"gold_loss":0},{"damage_healed":0,"gold_gain":50,"player_choice":"Stole From Cult","damage_taken":0,"max_hp_gain":0,"max_hp_loss":0,"event_name":"Nest","floor":20,"gold_loss":0},{"damage_healed":0,"gold_gain":0,"cards_transformed":["Defend_R"],"player_choice":"Transformed","damage_taken":0,"max_hp_gain":0,"max_hp_loss":0,"event_name":"Transmorgrifier","floor":21,"gold_loss":0,"cards_obtained":["Warcry"]},{"damage_healed":0,"gold_gain":0,"player_choice":"Fight","damage_taken":0,"max_hp_gain":0,"max_hp_loss":0,"event_name":"Colosseum","floor":24,"gold_loss":0},{"damage_healed":0,"gold_gain":0,"player_choice":"Fought Nobs","damage_taken":0,"max_hp_gain":0,"max_hp_loss":0,"event_name":"Colosseum","floor":24,"gold_loss":0},{"damage_healed":0,"gold_gain":0,"player_choice":"Fight","damage_taken":0,"max_hp_gain":0,"max_hp_loss":0,"event_name":"MindBloom","floor":37,"gold_loss":0},{"cards_removed":["Defend_R"],"damage_healed":0,"gold_gain":0,"player_choice":"Removed Skill","damage_taken":0,"max_hp_gain":0,"max_hp_loss":0,"event_name":"Falling","floor":38,"gold_loss":0},{"damage_healed":0,"gold_gain":0,"player_choice":"Embrace Madness","damage_taken":16,"max_hp_gain":0,"max_hp_loss":0,"event_name":"Winding Halls","floor":45,"gold_loss":0,"cards_obtained":["Madness","Madness"]},{"damage_healed":0,"gold_gain":0,"player_choice":"Paid","damage_taken":0,"relics_obtained":["Red Mask"],"max_hp_gain":0,"max_hp_loss":0,"event_name":"Tomb of Lord Red Mask","floor":47,"gold_loss":92},{"cards_removed":["Madness"],"damage_healed":0,"gold_gain":0,"player_choice":"Offered Uncommon","damage_taken":0,"max_hp_gain":0,"max_hp_loss":0,"event_name":"Bonfire Elementals","floor":48,"gold_loss":0}],"is_beta":false,"boss_relics":[{"not_picked":["Runic Dome","Pandora\u0027s Box"],"picked":"Snecko Eye"},{"not_picked":["Velvet Choker","Astrolabe"],"picked":"Mark of Pain"}],"items_purged_floors":[12,29],"is_endless":false,"potions_floor_spawned":[1,8,24,27,31,33,41,44],"ascension_level":15}