{"gold_per_floor":[116,116,129,129,141,141,175,162,189,214,58,58,58,58,58,131,131,131,4,0,0,0,0,0,0,0,0,0,0,0,0,0,0],"floor_reached":33,"playtime":1846,"items_purged":["Strike_G"],"score":576,"play_id":"23f71c75-7bea-4574-a768-a280bf97a3ef","local_time":"20180711195308","is_ascension_mode":true,"campfire_choices":[{"data":"Neutralize","floor":6,"key":"SMITH"},{"floor":13,"key":"REST"},{"data":"Cloak And Dagger","floor":15,"key":"SMITH"},{"data":"Burst","floor":24,"key":"SMITH"},{"data":"Noxious Fumes","floor":32,"key":"SMITH"}],"neow_cost":"NONE","seed_source_timestamp":4602633015873,"circlet_count":0,"master_deck":["Defend_G","Defend_G","Defend_G","Defend_G+1","Defend_G","Strike_G","Strike_G","Strike_G","Strike_G","Survivor","Neutralize+1","AscendersBane","Slice","Sucker Punch","Adrenaline+1","Noxious Fumes+1","Cloak And Dagger+1","Burst+1","Riddle With Holes","PiercingWail","Backflip","Malaise","Backstab","Catalyst+1","Finisher","Backstab"],"relics":["Ring of the Snake","Bronze Scales","Question Card","Matryoshka","Shuriken","Juzu Bracelet","War Paint","Orichalcum","Ectoplasm","Snake Skull","Omamori","Singing Bowl","Dream Catcher","Potion Belt","FaceOfCleric","Turnip"],"potions_floor_usage":[7,23,25,30,30],"damage_taken":[{"damage":0,"enemies":"Jaw Worm","floor":1,"turns":5},{"damage":0,"enemies":"Small Slimes","floor":3,"turns":3},{"damage":1,"enemies":"Cultist","floor":5,"turns":3},{"damage":34,"enemies":"Gremlin Nob","floor":7,"turns":5},{"damage":4,"enemies":"Exordium Thugs","floor":8,"turns":4},{"damage":14,"enemies":"3 Sentries","floor":10,"turns":7},{"damage":8,"enemies":"The Guardian","floor":16,"turns":11},{"damage":1,"enemies":"Chosen","floor":18,"turns":5},{"damage":10,"enemies":"2 Thieves","floor":20,"turns":4},{"damage":0,"enemies":"Centurion and Healer","floor":21,"turns":6},{"damage":12,"enemies":"Gremlin Leader","floor":23,"turns":8},{"damage":17,"enemies":"Slavers","floor":25,"turns":5},{"damage":5,"enemies":"Book of Stabbing","floor":28,"turns":6},{"damage":8,"enemies":"Gremlin Leader","floor":30,"turns":6},{"damage":50,"enemies":"Collector","floor":33,"turns":7}],"seed_played":"7121969604809930812","potions_obtained":[{"floor":1,"key":"SkillPotion"},{"floor":10,"key":"Explosive Potion"},{"floor":16,"key":"Strength Potion"},{"floor":25,"key":"SpeedPotion"},{"floor":28,"key":"PowerPotion"}],"is_trial":false,"path_per_floor":["M","?","M","T","M","R","E","M","T","E","$","?","R","?","R","B",null,"M","$","M","M","?","E","R","E","T","?","E","?","E","?","R"],"character_chosen":"THE_SILENT","items_purchased":["Orichalcum","PiercingWail"],"campfire_rested":1,"item_purchase_floors":[11,19],"current_hp_per_floor":[59,59,59,59,58,58,24,20,20,6,6,11,32,32,32,24,59,58,58,48,48,81,69,69,52,52,52,49,49,42,42,42,0],"gold":0,"neow_bonus":"RANDOM_COMMON_RELIC","is_prod":false,"is_daily":false,"chose_seed":false,"campfire_upgraded":4,"win_rate":0,"timestamp":1531331588,"path_taken":["M","?","M","?","M","R","E","M","T","E","$","?","R","?","R","BOSS","M","$","M","M","?","E","R","E","T","?","E","?","E","?","R","BOSS"],"build_version":"2018-07-05","purchased_purges":1,"victory":false,"max_hp_per_floor":[66,66,66,66,66,66,66,66,66,66,66,71,71,71,71,71,71,71,71,71,71,81,81,81,81,81,81,83,83,84,84,84,84],"card_choices":[{"not_picked":["Accuracy","Backflip"],"picked":"Slice","floor":1},{"not_picked":["Finisher","Calculated Gamble"],"picked":"Sucker Punch","floor":3},{"not_picked":["Flying Knee","Outmaneuver","Cloak And Dagger"],"picked":"Adrenaline","floor":5},{"not_picked":["Poisoned Stab","Prepared","Footwork"],"picked":"Noxious Fumes","floor":7},{"not_picked":["Underhanded Strike","Blur","Bane"],"picked":"Doppelganger","floor":8},{"not_picked":["Venomology","Deadly Poison","Noxious Fumes"],"picked":"Cloak And Dagger","floor":10},{"not_picked":["Phantasmal Killer","Night Terror","Storm of Steel"],"picked":"Burst","floor":16},{"not_picked":["Quick Slash","Bouncing Flask","Deflect"],"picked":"Riddle With Holes","floor":18},{"not_picked":["Flying Knee+1","Deadly Poison","PiercingWail"],"picked":"Backflip","floor":20},{"not_picked":["Deflect","Accuracy","Sucker Punch"],"picked":"Malaise","floor":21},{"not_picked":["Blade Dance+1","Choke","Malaise"],"picked":"Backstab","floor":23},{"not_picked":["Bane","Leg Sweep","Flying Knee"],"picked":"Catalyst+1","floor":25},{"not_picked":["Noxious Fumes","Malaise","Poisoned Stab","Deflect+1"],"picked":"Singing Bowl","floor":28},{"not_picked":["Sucker Punch","Backflip","Tools of the Trade"],"picked":"Finisher","floor":30}],"player_experience":810569,"relics_obtained":[{"floor":4,"key":"Question Card"},{"floor":7,"key":"Matryoshka"},{"floor":9,"key":"Shuriken"},{"floor":9,"key":"Juzu Bracelet"},{"floor":10,"key":"War Paint"},{"floor":23,"key":"Snake Skull"},{"floor":25,"key":"Omamori"},{"floor":26,"key":"Singing Bowl"},{"floor":26,"key":"Dream Catcher"},{"floor":28,"key":"Potion Belt"},{"floor":30,"key":"Turnip"}],"event_choices":[{"event_name":"Golden Wing","player_choice":"Ignored","floor":2,"damage_taken":0},{"event_name":"Big Fish","player_choice":"Donut","floor":12,"damage_taken":0},{"event_name":"Liars Game","player_choice":"disagreed","floor":14,"damage_taken":0},{"event_name":"Bonfire Elementals","player_choice":"RARE","floor":22,"damage_taken":0},{"event_name":"Golden Shrine","player_choice":"Pray","floor":27,"damage_taken":0},{"event_name":"FaceTrader","player_choice":"Trade","floor":29,"damage_taken":0},{"event_name":"The Library","player_choice":"Read","floor":31,"damage_taken":0}],"boss_relics":[{"not_picked":["Velvet Choker","Pandora\u0027s Box"],"picked":"Ectoplasm"}],"items_purged_floors":[19],"is_endless":false,"potions_floor_spawned":[1,10,16,20,25,28],"killed_by":"Collector","ascension_level":15}