{"path_per_floor":["M","M","M","?","$","R","M","E","T","M","R","M","M","M","R","B",null,"M","?","$","M","M","R","?","R","T","M","M","$","R","M","R"],"character_chosen":"THE_SILENT","items_purchased":["Deadly Poison","Catalyst","Anchor","Bouncing Flask"],"gold_per_floor":[114,126,137,137,16,16,35,61,61,78,78,98,118,135,135,230,230,240,240,19,33,43,43,43,43,91,101,113,41,41,61,61],"floor_reached":33,"campfire_rested":5,"playtime":2396,"current_hp_per_floor":[70,70,70,70,70,70,65,47,47,31,52,41,40,38,59,22,70,50,50,50,50,34,55,55,55,55,38,23,23,44,30,51],"items_purged":["Regret"],"gold":61,"play_id":"e54a6cc8-6b4e-4a28-941b-1972cbe0b812","is_prod":false,"is_daily":false,"campfire_rituals":0,"campfire_upgraded":2,"is_hardmode":false,"path_taken":["M","M","M","?","$","R","M","E","T","M","R","M","?","?","R","BOSS","M","?","$","M","M","R","?","R","T","M","?","$","R","M","R","BOSS"],"build_version":"2018-01-18-PROD4","purchased_purges":3,"victory":false,"master_deck":["Defend_G","Defend_G","Defend_G","Defend_G","Defend_G","Strike_G","Strike_G","Strike_G","Strike_G","Strike_G","Survivor","Neutralize","Backflip","Bane","Terror","Deadly Poison","Bane","Outmaneuver","Dagger Spray","Poisoned Stab","Quick Slash","Dagger Throw","Bullet Time","Acrobatics","Catalyst","Distraction","Dagger Throw","Skewer","Poisoned Stab","Catalyst","Bouncing Flask","Backstab","Deadly Poison","Dodge and Roll"],"max_hp_per_floor":[70,70,70,70,70,70,70,70,70,70,70,70,70,70,70,70,70,70,70,70,70,70,70,70,70,70,70,70,70,70,70,70],"relics":["Sozu","Mercury Hourglass","Bottled Lightning","Tingsha","Runic Pyramid","Dream Catcher","Anchor","Bag of Preparation"],"campfire_meditates":0,"card_choices":[{"not_picked":["Slice","Die Die Die"],"picked":"Backflip"},{"not_picked":["PiercingWail","Quick Slash"],"picked":"Bane"},{"not_picked":["Blade Dance","Skewer"],"picked":"Terror"},{"not_picked":["Backflip","Riddle With Holes"],"picked":"Bane"},{"not_picked":["Backflip","Bane"],"picked":"Outmaneuver"},{"not_picked":["Predator","Acrobatics"],"picked":"Dagger Spray"},{"not_picked":["Prepared","Leg Sweep"],"picked":"Poisoned Stab"},{"not_picked":["Prepared","Predator"],"picked":"Quick Slash"},{"not_picked":["Deflect","Heel Hook"],"picked":"Dagger Throw"},{"not_picked":["A Thousand Cuts","Unload"],"picked":"Bullet Time"},{"not_picked":["Backflip","Poisoned Stab"],"picked":"Acrobatics"},{"not_picked":["Slice","Dodge and Roll"],"picked":"Distraction"},{"not_picked":["Prepared","Dagger Spray"],"picked":"Dagger Throw"},{"not_picked":["Slice","Flying Knee"],"picked":"Skewer"},{"not_picked":["Outmaneuver","Dagger Spray"],"picked":"Poisoned Stab"},{"not_picked":["Escape Plan","Endless Agony"],"picked":"Catalyst"},{"not_picked":["Deflect","Choke"],"picked":"Backstab"},{"not_picked":["Calculated Gamble","Malaise"],"picked":"Deadly Poison"},{"not_picked":["Masterful Stab","Blur"],"picked":"Dodge and Roll"}],"player_experience":9546,"potions_floor_usage":[],"damage_taken":[{"damage":0,"enemies":"2 Louse","floor":1,"turns":3},{"damage":0,"enemies":"Small Slimes","floor":2,"turns":4},{"damage":0,"enemies":"Blue Slaver","floor":3,"turns":5},{"damage":5,"enemies":"Lots of Slimes","floor":7,"turns":3},{"damage":18,"enemies":"Lagavulin","floor":8,"turns":4},{"damage":16,"enemies":"Exordium Wildlife","floor":10,"turns":4},{"damage":11,"enemies":"Large Slime","floor":12,"turns":3},{"damage":1,"enemies":"Red Slaver","floor":13,"turns":3},{"damage":2,"enemies":"Looter","floor":14,"turns":2},{"damage":37,"enemies":"Slime Boss","floor":16,"turns":11},{"damage":20,"enemies":"2 Thieves","floor":18,"turns":4},{"damage":0,"enemies":"3 Byrds","floor":21,"turns":4},{"damage":16,"enemies":"Snake Plant","floor":22,"turns":3},{"damage":17,"enemies":"3 Cultists","floor":27,"turns":6},{"damage":15,"enemies":"Centurion and Healer","floor":28,"turns":5},{"damage":14,"enemies":"Sentry and Sphere","floor":31,"turns":4},{"damage":54,"enemies":"Automaton","floor":33,"turns":8}],"event_choices":[{"event_name":"Big Fish","player_choice":"Box","floor":4,"damage_taken":0},{"event_name":"The Mausoleum","player_choice":"Yes","floor":19,"damage_taken":0},{"event_name":"Drug Dealer","player_choice":"Ignored","floor":24,"damage_taken":0}],"boss_relics":[{"not_picked":["Velvet Choker","Tiny House"],"picked":"Runic Pyramid"}],"potions_floor_spawned":[7,12,13,14,16,18,21,22,31],"seed_played":"8787462219596260784","killed_by":"Automaton","is_trial":false}