{"gold_per_floor":[359,378,63,63,78,78,94,19,42,53,53,53,53,69,69,69],"floor_reached":16,"playtime":401,"items_purged":["Strike_G"],"score":184,"play_id":"9b4c01b0-f704-46d6-8c7d-16a8b4cce682","local_time":"20181121002807","is_ascension_mode":true,"campfire_choices":[{"data":"Noxious Fumes","floor":6.0,"key":"SMITH"},{"floor":12.0,"key":"REST"},{"floor":15.0,"key":"REST"}],"neow_cost":"CURSE","seed_source_timestamp":136048156128564,"circlet_count":0,"master_deck":["AscendersBane","Defend_G","Defend_G","Defend_G","Defend_G+1","Defend_G","Strike_G","Strike_G","Strike_G","Strike_G","Survivor","Neutralize+1","Noxious Fumes+1","Crippling Poison","Leg Sweep","Cloak And Dagger","Bouncing Flask"],"special_seed":0,"relics":["Ring of the Snake","Mummified Hand","Centennial Puzzle"],"potions_floor_usage":[16],"damage_taken":[{"damage":7.0,"enemies":"Jaw Worm","floor":1.0,"turns":6.0},{"damage":0.0,"enemies":"2 Louse","floor":2.0,"turns":3.0},{"damage":0.0,"enemies":"Cultist","floor":5.0,"turns":4.0},{"damage":15.0,"enemies":"Exordium Wildlife","floor":7.0,"turns":4.0},{"damage":10.0,"enemies":"Lots of Slimes","floor":10.0,"turns":4.0},{"damage":0.0,"enemies":"Red Slaver","floor":14.0,"turns":3.0},{"damage":39,"enemies":"Slime Boss","floor":16,"turns":8}],"seed_played":"4937822290732229670","potions_obtained":[{"floor":1.0,"key":"Ancient Potion"},{"floor":2.0,"key":"FearPotion"},{"floor":14.0,"key":"Dexterity Potion"}],"is_trial":false,"path_per_floor":["M","M","$","?","M","R","M","$","T","M","?","R","$","M","R","B"],"character_chosen":"THE_SILENT","items_purchased":["Mummified Hand","Noxious Fumes"],"campfire_rested":2,"item_purchase_floors":[3,3],"current_hp_per_floor":[52,52,52,45,45,45,30,30,30,20,1,19,19,19,37,0],"gold":69,"neow_bonus":"TWO_FIFTY_GOLD","is_prod":false,"is_daily":false,"chose_seed":false,"campfire_upgraded":1,"win_rate":0,"timestamp":1542788887,"path_taken":["M","M","$","?","M","R","M","$","T","M","?","R","?","M","R","BOSS"],"build_version":"2018-11-15","purchased_purges":1,"victory":false,"max_hp_per_floor":[66,66,66,63,63,63,63,63,63,63,63,63,63,63,63,63],"card_choices":[{"not_picked":["Dagger Spray","Blade Dance","Eviscerate"],"picked":"SKIP","floor":1.0},{"not_picked":["Acrobatics","Calculated Gamble","Poisoned Stab"],"picked":"SKIP","floor":2.0},{"not_picked":["Bouncing Flask","Underhanded Strike"],"picked":"Crippling Poison","floor":5.0},{"not_picked":["Dagger Spray","Deadly Poison"],"picked":"Leg Sweep","floor":7.0},{"not_picked":["Sucker Punch","Terror"],"picked":"Cloak And Dagger","floor":10.0},{"not_picked":["Heel Hook","Setup"],"picked":"Bouncing Flask","floor":14.0}],"player_experience":666134,"relics_obtained":[{"floor":9.0,"key":"Centennial Puzzle"}],"event_choices":[{"cards_removed":["Parasite"],"damage_healed":0.0,"max_hp_gain":0.0,"max_hp_loss":0.0,"gold_gain":0.0,"event_name":"Golden Wing","player_choice":"Card Removal","floor":4.0,"gold_loss":0.0,"damage_taken":7.0},{"damage_healed":0.0,"max_hp_gain":0.0,"max_hp_loss":0.0,"gold_gain":0.0,"event_name":"Shining Light","player_choice":"Entered Light","floor":11.0,"gold_loss":0.0,"damage_taken":19.0,"cards_upgraded":["Defend_G","Neutralize"]}],"is_beta":false,"boss_relics":[],"items_purged_floors":[8],"is_endless":false,"potions_floor_spawned":[1,2,14],"killed_by":"Slime Boss","ascension_level":20}