{"gold_per_floor":[117,117,19,32,42,42,42,42,93,109,125,125,154,165,165,268,268,282,182,182,194,119,119,54,54,54,54,67,87,122,200,200,295,295,313,313,328,346,346,346,221,221,247,4,19,31,31,49,49,49],"floor_reached":51,"playtime":1896,"items_purged":["Strike_R","Defend_R","Strike_R"],"score":1126,"play_id":"817298d2-0a1f-4081-977d-bc554b360236","local_time":"20190305162015","is_ascension_mode":true,"campfire_choices":[{"data":"Searing Blow","floor":6,"key":"SMITH"},{"data":"Searing Blow+1","floor":12,"key":"SMITH"},{"data":"Searing Blow+2","floor":15,"key":"SMITH"},{"data":"Searing Blow+3","floor":23,"key":"SMITH"},{"data":"Searing Blow+4","floor":25,"key":"SMITH"},{"data":"Searing Blow+5","floor":27,"key":"SMITH"},{"data":"Searing Blow+6","floor":32,"key":"SMITH"},{"data":"Searing Blow+7","floor":40,"key":"SMITH"},{"data":"Searing Blow+8","floor":42,"key":"SMITH"},{"data":"Double Tap","floor":47,"key":"SMITH"},{"data":"Searing Blow+10","floor":49,"key":"SMITH"}],"neow_cost":"NONE","seed_source_timestamp":104982279543390,"circlet_count":0,"master_deck":["AscendersBane","Strike_R+1","Defend_R","Defend_R","Defend_R","Searing Blow+11","Headbutt","Double Tap+1","Evolve","Searing Blow+10"],"relics":["Burning Blood","Boot","Red Skull","Bottled Flame","Empty Cage","Blood Vial","Bag of Marbles","Pantograph","Mercury Hourglass","White Beast Statue","Whetstone","DollysMirror"],"potions_floor_usage":[13,14,29,33,35,38,45,45,46,50,50],"damage_taken":[{"damage":6,"enemies":"Cultist","floor":1,"turns":3},{"damage":12,"enemies":"Jaw Worm","floor":4,"turns":3},{"damage":9,"enemies":"2 Louse","floor":5,"turns":3},{"damage":21,"enemies":"2 Fungi Beasts","floor":10,"turns":3},{"damage":10,"enemies":"Looter","floor":11,"turns":4},{"damage":25,"enemies":"3 Sentries","floor":13,"turns":6},{"damage":10,"enemies":"Lots of Slimes","floor":14,"turns":4},{"damage":0,"enemies":"Slime Boss","floor":16,"turns":7},{"damage":24,"enemies":"Chosen","floor":18,"turns":4},{"damage":28,"enemies":"2 Thieves","floor":21,"turns":4},{"damage":0,"enemies":"Snake Plant","floor":28,"turns":1},{"damage":0,"enemies":"Snecko","floor":29,"turns":2},{"damage":0,"enemies":"Gremlin Leader","floor":30,"turns":1},{"damage":60,"enemies":"Champ","floor":33,"turns":5},{"damage":21,"enemies":"3 Shapes","floor":35,"turns":3},{"damage":0,"enemies":"Orb Walker","floor":37,"turns":1},{"damage":35,"enemies":"Maw","floor":38,"turns":5},{"damage":0,"enemies":"Transient","floor":45,"turns":5},{"damage":17,"enemies":"4 Shapes","floor":46,"turns":4},{"damage":0,"enemies":"Maw","floor":48,"turns":2},{"damage":37,"enemies":"Donu and Deca","floor":50,"turns":5}],"seed_played":"-6702839404992866365","potions_obtained":[{"floor":1,"key":"Swift Potion"},{"floor":11,"key":"Explosive Potion"},{"floor":13,"key":"AttackPotion"},{"floor":16,"key":"SteroidPotion"},{"floor":29,"key":"PowerPotion"},{"floor":35,"key":"Energy Potion"},{"floor":37,"key":"AttackPotion"},{"floor":38,"key":"Regen Potion"},{"floor":45,"key":"Weak Potion"},{"floor":46,"key":"Energy Potion"},{"floor":48,"key":"SkillPotion"}],"is_trial":false,"path_per_floor":["M","?","$","M","M","R","$","?","T","M","M","R","E","M","R","B",null,"M","$","?","M","?","R","?","R","T","R","M","M","E","T","R","B",null,"M","?","M","M","?","R","$","R","T","$","M","M","R","M","R","B",null],"character_chosen":"IRONCLAD","items_purchased":["Headbutt","DollysMirror","PowerPotion"],"campfire_rested":0,"item_purchase_floors":[3,44,44],"current_hp_per_floor":[72,72,72,66,63,63,63,80,80,65,61,61,42,38,38,44,69,51,51,76,54,54,54,54,54,54,54,62,70,77,77,77,23,64,51,51,59,32,32,32,32,32,32,32,55,46,46,54,54,46],"gold":49,"neow_bonus":"RANDOM_COMMON_RELIC","is_prod":false,"is_daily":false,"chose_seed":false,"campfire_upgraded":11,"win_rate":0,"timestamp":1551824415,"path_taken":["M","?","$","M","?","R","$","?","T","M","M","R","E","M","R","BOSS","M","$","?","M","?","R","?","R","T","R","?","M","E","?","R","BOSS","M","?","M","?","?","R","?","R","T","$","M","M","R","M","R","BOSS"],"build_version":"2019-01-23","purchased_purges":3,"victory":true,"max_hp_per_floor":[80,80,80,80,80,80,80,80,80,80,80,80,80,80,80,80,77,77,77,77,77,77,77,77,77,77,77,77,77,77,77,77,77,77,77,77,77,77,77,77,77,77,77,77,77,77,77,77,77,77],"card_choices":[{"not_picked":["Second Wind","Entrench"],"picked":"Searing Blow","floor":1},{"not_picked":["Blood for Blood","Intimidate","Dropkick"],"picked":"SKIP","floor":4},{"not_picked":["Iron Wave","Armaments","Havoc"],"picked":"SKIP","floor":5},{"not_picked":["Havoc","True Grit","Iron Wave"],"picked":"SKIP","floor":10},{"not_picked":["Cleave","Havoc","Seeing Red"],"picked":"SKIP","floor":11},{"not_picked":["Reckless Charge","Pummel","Carnage"],"picked":"SKIP","floor":13},{"not_picked":["Pummel","Sentinel","Flex"],"picked":"SKIP","floor":14},{"not_picked":["Limit Break","Bludgeon"],"picked":"Double Tap","floor":16},{"not_picked":["Thunderclap","Disarm+1","Iron Wave"],"picked":"SKIP","floor":18},{"not_picked":["True Grit","Clash","Seeing Red"],"picked":"SKIP","floor":21},{"not_picked":["Evolve","Flame Barrier+1","Inflame"],"picked":"SKIP","floor":28},{"not_picked":["Anger","Shrug It Off","Flex"],"picked":"SKIP","floor":29},{"not_picked":["Dropkick+1","Sentinel","Searing Blow"],"picked":"SKIP","floor":30},{"not_picked":["Cleave","Shrug It Off","Uppercut"],"picked":"SKIP","floor":35},{"not_picked":["Second Wind+1","Thunderclap","Clash"],"picked":"SKIP","floor":37},{"not_picked":["Sever Soul","Inflame+1","Feel No Pain"],"picked":"SKIP","floor":38},{"not_picked":["Sword Boomerang+1","Cleave","Anger+1"],"picked":"SKIP","floor":45},{"not_picked":["Flame Barrier","Dual Wield+1","Searing Blow+1"],"picked":"SKIP","floor":46},{"not_picked":["Uppercut+1","Body Slam+1","True Grit+1"],"picked":"SKIP","floor":48}],"player_experience":188996,"relics_obtained":[{"floor":9,"key":"Red Skull"},{"floor":13,"key":"Bottled Flame"},{"floor":26,"key":"Bag of Marbles"},{"floor":30,"key":"Pantograph"},{"floor":31,"key":"Mercury Hourglass"},{"floor":43,"key":"Whetstone"}],"event_choices":[{"damage_healed":0,"gold_gain":0,"player_choice":"Bought 0 Potions","damage_taken":0,"max_hp_gain":0,"max_hp_loss":0,"event_name":"The Woman in Blue","floor":2,"gold_loss":0},{"damage_healed":20,"gold_gain":0,"player_choice":"Healed and dodged fight","damage_taken":0,"max_hp_gain":0,"max_hp_loss":0,"event_name":"Mushrooms","floor":8,"gold_loss":0,"cards_obtained":["Parasite"]},{"damage_healed":25,"gold_gain":0,"player_choice":"Heal","damage_taken":0,"max_hp_gain":0,"max_hp_loss":0,"event_name":"The Library","floor":20,"gold_loss":0},{"cards_removed":["Bash"],"damage_healed":0,"gold_gain":0,"player_choice":"Gave Gold","damage_taken":0,"max_hp_gain":0,"max_hp_loss":0,"event_name":"Beggar","floor":22,"gold_loss":75},{"damage_healed":0,"gold_gain":0,"player_choice":"Paid Gold","damage_taken":0,"relics_obtained":["Blood Vial"],"max_hp_gain":0,"max_hp_loss":0,"event_name":"WeMeetAgain","floor":24,"gold_loss":65},{"damage_healed":0,"gold_gain":0,"cards_transformed":["Strike_R"],"player_choice":"Transformed","damage_taken":0,"max_hp_gain":0,"max_hp_loss":0,"event_name":"Transmorgrifier","floor":36,"gold_loss":0,"cards_obtained":["Evolve"]},{"damage_healed":0,"gold_gain":0,"player_choice":"Ignored","damage_taken":0,"max_hp_gain":0,"max_hp_loss":0,"event_name":"Tomb of Lord Red Mask","floor":39,"gold_loss":0}],"is_beta":false,"boss_relics":[{"not_picked":["Coffee Dripper","Fusion Hammer"],"picked":"Empty Cage"},{"not_picked":["Pandora\u0027s Box","Calling Bell"],"picked":"White Beast Statue"}],"items_purged_floors":[3,19,41],"is_endless":false,"potions_floor_spawned":[1,11,13,16,29,35,37,38,45,46,48],"ascension_level":10}