{"gold_per_floor":[111,124,124,124,199,199,210,226,226,226,242,46,57,76,76,76],"floor_reached":16,"playtime":618,"items_purged":[],"score":94,"play_id":"bdf855d1-3038-47d2-86f7-b533d264a92d","local_time":"20180911004442","is_ascension_mode":false,"campfire_choices":[{"data":"Bash","floor":6,"key":"SMITH"},{"data":"Pommel Strike","floor":10,"key":"SMITH"},{"data":"Double Tap","floor":15,"key":"SMITH"}],"neow_cost":"","seed_source_timestamp":0,"circlet_count":0,"master_deck":["Strike_R","Strike_R","Strike_R","Strike_R","Strike_R","Defend_R","Defend_R","Defend_R","Defend_R","Bash+1","Pommel Strike+1","Pommel Strike+1","Twin Strike","Double Tap+1"],"special_seed":0,"relics":["Burning Blood","Pear","Brimstone"],"potions_floor_usage":[11,16],"damage_taken":[{"damage":2,"enemies":"Small Slimes","floor":1,"turns":5},{"damage":1,"enemies":"Cultist","floor":2,"turns":4},{"damage":8,"enemies":"Jaw Worm","floor":7,"turns":3},{"damage":9,"enemies":"2 Fungi Beasts","floor":8,"turns":4},{"damage":0,"enemies":"Gremlin Gang","floor":11,"turns":4},{"damage":14,"enemies":"3 Louse","floor":13,"turns":3},{"damage":4,"enemies":"Blue Slaver","floor":14,"turns":3},{"damage":51,"enemies":"The Guardian","floor":16,"turns":5}],"seed_played":"322542799557616736","potions_obtained":[{"floor":2,"key":"Energy Potion"},{"floor":14,"key":"AttackPotion"}],"is_trial":false,"path_per_floor":["M","M","?","$","?","R","M","M","T","R","M","$","M","M","R"],"character_chosen":"IRONCLAD","items_purchased":["Brimstone"],"campfire_rested":0,"item_purchase_floors":[12],"current_hp_per_floor":[80,80,80,80,69,69,67,64,74,74,80,80,72,74,74,23],"gold":76,"neow_bonus":"","is_prod":false,"is_daily":false,"chose_seed":false,"campfire_upgraded":3,"win_rate":0,"timestamp":1536641082,"path_taken":["M","M","?","$","?","R","M","M","T","R","M","$","M","M","R","BOSS"],"build_version":"2018-09-06","purchased_purges":0,"victory":false,"max_hp_per_floor":[80,80,80,80,80,80,80,80,90,90,90,90,90,90,90,90],"card_choices":[{"not_picked":["Shrug It Off","Burning Pact","Dropkick"],"picked":"SKIP","floor":1},{"not_picked":["Warcry","Anger"],"picked":"Pommel Strike","floor":2},{"not_picked":["Warcry","Cleave"],"picked":"Pommel Strike","floor":7},{"not_picked":["Seeing Red","Havoc"],"picked":"Twin Strike","floor":8},{"not_picked":["Shrug It Off","Headbutt"],"picked":"Double Tap","floor":11},{"not_picked":["Cleave","Headbutt","Immolate"],"picked":"SKIP","floor":13},{"not_picked":["Infernal Blade","Rupture","Second Wind"],"picked":"SKIP","floor":14}],"player_experience":80933,"relics_obtained":[{"floor":9,"key":"Pear"}],"event_choices":[{"event_name":"Upgrade Shrine","player_choice":"Upgraded","floor":3,"damage_taken":0},{"event_name":"World of Goop","player_choice":"Gather Gold","floor":5,"damage_taken":0}],"is_beta":false,"boss_relics":[],"items_purged_floors":[],"is_endless":false,"potions_floor_spawned":[2,14],"killed_by":"The Guardian","ascension_level":0}