{"gold_per_floor":[113,113,131,151,151,182,182,222,222,222,260,260,274,274,274,398,398,417,38,38,38,13,13,27,66,66,97,97,140,163,163,163,293,293,314,647,647,32,46,72,72,105,105,105,151,162,162,9,9,9],"floor_reached":51,"playtime":2862,"items_purged":[],"score":1106,"play_id":"6b5bfbc7-9791-4fdb-b14f-0aba1e667af2","local_time":"20181108160446","is_ascension_mode":true,"campfire_choices":[{"floor":7,"key":"REST"},{"floor":10,"key":"REST"},{"data":"Corruption","floor":12,"key":"SMITH"},{"data":"Rupture","floor":15,"key":"SMITH"},{"data":"Corruption","floor":23,"key":"SMITH"},{"data":"Fiend Fire","floor":28,"key":"SMITH"},{"data":"Disarm","floor":32,"key":"SMITH"},{"data":"Fiend Fire","floor":41,"key":"SMITH"},{"data":"Deep Breath","floor":44,"key":"SMITH"},{"data":"Warcry","floor":47,"key":"SMITH"},{"data":"Fiend Fire","floor":49,"key":"SMITH"}],"neow_cost":"NONE","seed_source_timestamp":333180189416007,"circlet_count":0,"master_deck":["Strike_R","Strike_R","Strike_R+1","Strike_R","Strike_R+1","Defend_R+1","Defend_R","Defend_R","Defend_R","Bash","Entrench+1","Corruption+1","True Grit","Seeing Red","Havoc","Havoc","Second Wind","Rupture+1","Fiend Fire+1","Corruption+1","True Grit","Warcry","Disarm+1","Warcry+1","Fiend Fire+1","Deep Breath+1","Spot Weakness+1","Thunderclap+1","Rupture+1","Fiend Fire+1","Feel No Pain","Intimidate"],"relics":["Burning Blood","Vajra","Dead Branch","Paper Frog","Gremlin Horn","War Paint","Mark of Pain","Pen Nib","Sling","The Courier","Regal Pillow","Shuriken","Turnip","Coffee Dripper","Membership Card","PreservedInsect","Bag of Preparation","Mummified Hand","Charon\u0027s Ashes","Anchor","Strawberry","Whetstone","Sundial","Dodecahedron","Du-Vu Doll","Bronze Scales"],"potions_floor_usage":[29,33,50],"damage_taken":[{"damage":19,"enemies":"Jaw Worm","floor":1,"turns":4},{"damage":3,"enemies":"Small Slimes","floor":3,"turns":4},{"damage":1,"enemies":"2 Louse","floor":4,"turns":3},{"damage":49,"enemies":"Lagavulin","floor":6,"turns":7},{"damage":20,"enemies":"3 Sentries","floor":8,"turns":5},{"damage":32,"enemies":"Gremlin Nob","floor":11,"turns":4},{"damage":3,"enemies":"Red Slaver","floor":13,"turns":2},{"damage":10,"enemies":"Slime Boss","floor":16,"turns":5},{"damage":3,"enemies":"Chosen","floor":18,"turns":3},{"damage":0,"enemies":"Spheric Guardian","floor":24,"turns":1},{"damage":35,"enemies":"Book of Stabbing","floor":25,"turns":4},{"damage":0,"enemies":"Gremlin Leader","floor":27,"turns":2},{"damage":3,"enemies":"Slavers","floor":29,"turns":2},{"damage":0,"enemies":"Snecko","floor":30,"turns":1},{"damage":12,"enemies":"Collector","floor":33,"turns":6},{"damage":6,"enemies":"3 Darklings","floor":35,"turns":2},{"damage":0,"enemies":"3 Shapes","floor":39,"turns":1},{"damage":0,"enemies":"Reptomancer","floor":40,"turns":1},{"damage":3,"enemies":"Giant Head","floor":42,"turns":1},{"damage":0,"enemies":"2 Orb Walkers","floor":45,"turns":2},{"damage":20,"enemies":"Transient","floor":46,"turns":3},{"damage":10,"enemies":"Time Eater","floor":50,"turns":6}],"seed_played":"7036820180649367135","potions_obtained":[{"floor":1,"key":"FearPotion"},{"floor":6,"key":"EntropicBrew"},{"floor":13,"key":"LiquidBronze"},{"floor":16,"key":"SkillPotion"},{"floor":30,"key":"Explosive Potion"},{"floor":39,"key":"FearPotion"}],"is_trial":false,"path_per_floor":["M","?","M","M","?","E","R","E","T","R","E","R","M","?","R","B",null,"M","$","?","?","$","R","M","E","T","E","R","E","M","$","R","B",null,"M","?","?","$","M","E","R","E","T","R","?","M","R","$","R","B",null],"character_chosen":"IRONCLAD","items_purchased":["Pen Nib","Sling","True Grit","Warcry","Membership Card","PreservedInsect","Bag of Preparation","Mummified Hand","Charon\u0027s Ashes","Anchor","Strawberry","Bronze Scales","Fiend Fire","Feel No Pain","Intimidate"],"campfire_rested":2,"item_purchase_floors":[19,19,19,22,38,38,38,38,38,38,38,48,48,48,48],"current_hp_per_floor":[67,64,67,72,52,9,33,19,19,43,17,17,20,80,80,76,80,80,80,80,80,80,80,80,51,51,57,57,60,66,66,66,60,80,80,80,80,87,87,87,87,87,87,87,87,73,73,73,73,69],"gold":9,"neow_bonus":"THREE_CARDS","is_prod":false,"is_daily":false,"chose_seed":false,"campfire_upgraded":9,"win_rate":0,"timestamp":1541721886,"path_taken":["M","?","M","M","?","E","R","E","T","R","E","R","M","?","R","BOSS","M","$","?","?","?","R","M","E","T","E","R","E","M","$","R","BOSS","M","?","?","$","M","E","R","E","T","R","?","M","R","$","R","BOSS"],"build_version":"2018-11-01","purchased_purges":0,"victory":true,"max_hp_per_floor":[80,80,80,80,80,80,80,80,80,80,80,80,80,80,80,80,80,80,80,80,80,80,80,80,80,80,80,80,80,80,80,80,80,80,80,80,80,87,87,87,87,87,87,87,87,87,87,87,87,87],"card_choices":[{"not_picked":["Warcry","Clothesline"],"picked":"Entrench","floor":0},{"not_picked":["Perfected Strike","Cleave"],"picked":"Corruption","floor":1},{"not_picked":["Clothesline","Clash"],"picked":"True Grit","floor":3},{"not_picked":["Headbutt","Clothesline"],"picked":"Seeing Red","floor":4},{"not_picked":["Rupture","Metallicize"],"picked":"Havoc","floor":6},{"not_picked":["Headbutt","Ghostly Armor"],"picked":"Havoc","floor":8},{"not_picked":["Shrug It Off","Iron Wave"],"picked":"Second Wind","floor":11},{"not_picked":["Cleave","Shrug It Off"],"picked":"Rupture","floor":13},{"not_picked":["Berserk","Juggernaut"],"picked":"Fiend Fire","floor":16},{"not_picked":["Cleave","Wild Strike+1"],"picked":"Corruption","floor":18},{"not_picked":["Perfected Strike","Uppercut","Clash"],"picked":"SKIP","floor":24},{"not_picked":["Uppercut","Bludgeon","Cleave"],"picked":"SKIP","floor":25},{"not_picked":["Warcry+1","Ghostly Armor"],"picked":"Disarm","floor":27},{"not_picked":["Thunderclap","Bludgeon"],"picked":"Warcry","floor":29},{"not_picked":["Twin Strike+1","Clothesline+1","Power Through"],"picked":"SKIP","floor":30},{"not_picked":["Feed","Bludgeon"],"picked":"Fiend Fire","floor":33},{"not_picked":["Perfected Strike+1","Wild Strike","Headbutt+1"],"picked":"SKIP","floor":35},{"not_picked":["Good Instincts","Finesse"],"picked":"Deep Breath","floor":37},{"not_picked":["Pommel Strike","Sword Boomerang","Shockwave"],"picked":"SKIP","floor":39},{"not_picked":["Pummel+1","Offering"],"picked":"Spot Weakness+1","floor":40},{"not_picked":["True Grit","Shrug It Off","Twin Strike+1"],"picked":"SKIP","floor":42},{"not_picked":["Headbutt","Hemokinesis+1"],"picked":"Thunderclap+1","floor":45},{"not_picked":["Whirlwind+1","Intimidate+1"],"picked":"Rupture+1","floor":46}],"player_experience":368569,"relics_obtained":[{"floor":6,"key":"Dead Branch"},{"floor":8,"key":"Paper Frog"},{"floor":9,"key":"Gremlin Horn"},{"floor":11,"key":"War Paint"},{"floor":25,"key":"The Courier"},{"floor":26,"key":"Regal Pillow"},{"floor":27,"key":"Shuriken"},{"floor":29,"key":"Turnip"},{"floor":40,"key":"Whetstone"},{"floor":42,"key":"Sundial"},{"floor":43,"key":"Dodecahedron"},{"floor":45,"key":"Du-Vu Doll"}],"event_choices":[{"damage_healed":0,"gold_gain":0,"player_choice":"Success","damage_taken":3,"relics_obtained":["Vajra"],"max_hp_gain":0,"max_hp_loss":0,"event_name":"Scrap Ooze","floor":2,"gold_loss":0},{"damage_healed":0,"gold_gain":0,"player_choice":"Take Damage","damage_taken":20,"relics_obtained":["Golden Idol"],"max_hp_gain":0,"max_hp_loss":0,"event_name":"Golden Idol","floor":5,"gold_loss":0},{"damage_healed":60,"gold_gain":0,"player_choice":"Full Heal","damage_taken":0,"max_hp_gain":0,"max_hp_loss":0,"event_name":"Wheel of Change","floor":14,"gold_loss":0},{"damage_healed":0,"gold_gain":0,"player_choice":"Ignored","damage_taken":0,"max_hp_gain":0,"max_hp_loss":0,"event_name":"Ghosts","floor":20,"gold_loss":0},{"damage_healed":0,"gold_gain":0,"player_choice":"Ignored","damage_taken":0,"max_hp_gain":0,"max_hp_loss":0,"event_name":"Vampires","floor":21,"gold_loss":0},{"damage_healed":0,"gold_gain":333,"player_choice":"Gave Idol","damage_taken":0,"max_hp_gain":0,"max_hp_loss":0,"event_name":"The Moai Head","floor":36,"relics_lost":["Golden Idol"],"gold_loss":0},{"damage_healed":0,"gold_gain":0,"player_choice":"Memory 1","damage_taken":0,"max_hp_gain":0,"max_hp_loss":0,"event_name":"SensoryStone","floor":37,"gold_loss":0},{"damage_healed":0,"gold_gain":0,"player_choice":"Fight","damage_taken":0,"max_hp_gain":0,"max_hp_loss":0,"event_name":"Mysterious Sphere","floor":45,"gold_loss":0}],"is_beta":false,"boss_relics":[{"not_picked":["Empty Cage","Sozu"],"picked":"Mark of Pain"},{"not_picked":["Velvet Choker","Tiny House"],"picked":"Coffee Dripper"}],"items_purged_floors":[],"is_endless":false,"potions_floor_spawned":[1,6,13,16,24,30,39,40,42,45],"ascension_level":3}