{"gold_per_floor":[119,131,131,149,224,224,25,53,79,79,99,112,138,172,172,243,243,263,1,16,28,28],"floor_reached":22,"playtime":1153,"items_purged":["Strike_R"],"score":333,"play_id":"f3abcdcb-da44-4063-bccd-f0f78760d6ea","local_time":"20190307104854","is_ascension_mode":true,"campfire_choices":[{"floor":6,"key":"REST"},{"data":"Bash","floor":10,"key":"SMITH"},{"floor":15,"key":"REST"}],"neow_cost":"NONE","seed_source_timestamp":32295029336049,"circlet_count":0,"master_deck":["AscendersBane","Strike_R","Strike_R","Strike_R","Strike_R","Defend_R","Defend_R+1","Defend_R","Defend_R","Bash+1","Offering","Pommel Strike","Shrug It Off","Spot Weakness","Flame Barrier+1","Perfected Strike","Inflame","Impervious","Uppercut","Battle Trance","Whirlwind"],"relics":["Black Blood","Vajra","Mummified Hand","War Paint","Odd Mushroom","Strawberry","Potion Belt"],"potions_floor_usage":[8,11,13,16,16],"damage_taken":[{"damage":8,"enemies":"2 Louse","floor":1,"turns":3},{"damage":10,"enemies":"Jaw Worm","floor":2,"turns":5},{"damage":9,"enemies":"Small Slimes","floor":4,"turns":3},{"damage":14,"enemies":"3 Sentries","floor":8,"turns":8},{"damage":6,"enemies":"Exordium Thugs","floor":11,"turns":4},{"damage":6,"enemies":"Blue Slaver","floor":12,"turns":3},{"damage":14,"enemies":"The Mushroom Lair","floor":13,"turns":5},{"damage":22,"enemies":"Lagavulin","floor":14,"turns":6},{"damage":46,"enemies":"Slime Boss","floor":16,"turns":13},{"damage":20,"enemies":"Shell Parasite","floor":18,"turns":4},{"damage":0,"enemies":"Chosen","floor":20,"turns":4},{"damage":31,"enemies":"Snecko","floor":21,"turns":7},{"damage":49,"enemies":"Sentry and Sphere","floor":22,"turns":7}],"seed_played":"-6815327316598881937","potions_obtained":[{"floor":4,"key":"Weak Potion"},{"floor":12,"key":"SkillPotion"},{"floor":13,"key":"Swift Potion"},{"floor":14,"key":"Strength Potion"}],"is_trial":false,"path_per_floor":["M","M","?","M","?","R","$","E","T","R","M","M","?","E","R","B",null,"M","$","M","M","M"],"character_chosen":"IRONCLAD","items_purchased":["Spot Weakness","SteroidPotion","Uppercut","Battle Trance","Potion Belt"],"campfire_rested":2,"item_purchase_floors":[7,7,19,19,19],"current_hp_per_floor":[66,62,44,41,30,52,52,44,44,44,44,44,36,27,51,11,64,54,54,64,43,0],"gold":28,"neow_bonus":"ONE_RANDOM_RARE_CARD","is_prod":false,"is_daily":false,"chose_seed":false,"campfire_upgraded":1,"win_rate":0,"timestamp":1551977334,"path_taken":["M","M","?","M","?","R","$","E","T","R","M","?","?","E","R","BOSS","M","$","M","M","M"],"build_version":"2019-01-23","purchased_purges":1,"victory":false,"max_hp_per_floor":[75,75,75,75,75,75,75,75,75,75,75,75,75,82,82,82,82,82,82,82,82,82],"card_choices":[{"not_picked":["Sword Boomerang","Feel No Pain","Heavy Blade"],"picked":"SKIP","floor":1},{"not_picked":["Sword Boomerang","Pummel"],"picked":"Pommel Strike","floor":2},{"not_picked":["Warcry","Heavy Blade"],"picked":"Shrug It Off","floor":4},{"not_picked":["Cleave","Twin Strike"],"picked":"Flame Barrier","floor":8},{"not_picked":["Rampage","Clash","Iron Wave"],"picked":"SKIP","floor":11},{"not_picked":["Twin Strike","True Grit"],"picked":"Perfected Strike","floor":12},{"not_picked":["Offering","Heavy Blade"],"picked":"Inflame","floor":13},{"not_picked":["Searing Blow","Clash","Second Wind"],"picked":"SKIP","floor":14},{"not_picked":["Double Tap","Barricade"],"picked":"Impervious","floor":16},{"not_picked":["Hemokinesis","Warcry","Rupture"],"picked":"SKIP","floor":18},{"not_picked":["Iron Wave","Twin Strike"],"picked":"Whirlwind","floor":20},{"not_picked":["Body Slam","Headbutt","Cleave"],"picked":"SKIP","floor":21}],"player_experience":256767,"relics_obtained":[{"floor":8,"key":"Mummified Hand"},{"floor":9,"key":"War Paint"},{"floor":13,"key":"Odd Mushroom"},{"floor":14,"key":"Strawberry"}],"event_choices":[{"damage_healed":0,"gold_gain":0,"player_choice":"Success","damage_taken":18,"relics_obtained":["Vajra"],"max_hp_gain":0,"max_hp_loss":0,"event_name":"Scrap Ooze","floor":3,"gold_loss":0},{"damage_healed":0,"gold_gain":75,"player_choice":"Gather Gold","damage_taken":11,"max_hp_gain":0,"max_hp_loss":0,"event_name":"World of Goop","floor":5,"gold_loss":0},{"damage_healed":0,"gold_gain":0,"player_choice":"Fought Mushrooms","damage_taken":0,"max_hp_gain":0,"max_hp_loss":0,"event_name":"Mushrooms","floor":13,"gold_loss":0}],"is_beta":false,"boss_relics":[{"not_picked":["Velvet Choker","Calling Bell"],"picked":"Black Blood"}],"items_purged_floors":[7],"is_endless":false,"potions_floor_spawned":[4,12,13,14],"killed_by":"Sentry and Sphere","ascension_level":14}