{"gold_per_floor":[109,109,125,125,145,178,24,99,99,130,130,130],"floor_reached":12,"playtime":314,"items_purged":["Strike_R"],"score":184,"play_id":"b1b76d34-2084-474a-93d1-586ca74d408d","local_time":"20181227215936","is_ascension_mode":true,"campfire_choices":[{"data":"Perfected Strike","floor":11,"key":"SMITH"}],"neow_cost":"NONE","seed_source_timestamp":92982859160156,"circlet_count":0,"master_deck":["AscendersBane","Strike_R","Strike_R","Strike_R","Defend_R","Defend_R","Defend_R","Defend_R","Bash","Wild Strike","Cleave","Twin Strike","True Grit","Second Wind","Perfected Strike+1"],"relics":["Burning Blood","Pantograph","Centennial Puzzle","Pear"],"potions_floor_usage":[0,6,10],"damage_taken":[{"damage":2,"enemies":"Small Slimes","floor":1,"turns":5},{"damage":19,"enemies":"Jaw Worm","floor":3,"turns":4},{"damage":1,"enemies":"2 Louse","floor":5,"turns":2},{"damage":8,"enemies":"Gremlin Nob","floor":6,"turns":3},{"damage":25,"enemies":"3 Sentries","floor":10,"turns":7},{"damage":54,"enemies":"Gremlin Nob","floor":12,"turns":4}],"seed_played":"7634815345172061183","potions_obtained":[{"floor":0,"key":"Fruit Juice"},{"floor":0,"key":"Poison Potion"},{"floor":0,"key":"Strength Potion"},{"floor":1,"key":"Fire Potion"}],"is_trial":false,"path_per_floor":["M","?","M","?","M","E","$","?","T","E","R","E"],"character_chosen":"IRONCLAD","items_purchased":["Second Wind"],"campfire_rested":0,"item_purchase_floors":[7],"current_hp_per_floor":[77,77,64,69,74,72,72,61,61,52,52,0],"gold":130,"neow_bonus":"THREE_SMALL_POTIONS","is_prod":false,"is_daily":false,"chose_seed":false,"campfire_upgraded":1,"win_rate":0,"timestamp":1545915576,"path_taken":["M","?","M","?","M","E","?","?","T","E","R","E"],"build_version":"2018-12-20","purchased_purges":1,"victory":false,"max_hp_per_floor":[80,80,80,85,85,85,85,85,85,95,95,95],"card_choices":[{"not_picked":["Iron Wave","Headbutt"],"picked":"Wild Strike","floor":1},{"not_picked":["Double Tap","Shrug It Off"],"picked":"Cleave","floor":3},{"not_picked":["Wild Strike","Armaments"],"picked":"Twin Strike","floor":5},{"not_picked":["Intimidate","Armaments"],"picked":"True Grit","floor":6},{"not_picked":["Fire Breathing","Uppercut"],"picked":"Perfected Strike","floor":10}],"player_experience":761789,"relics_obtained":[{"floor":6,"key":"Pantograph"},{"floor":9,"key":"Centennial Puzzle"},{"floor":10,"key":"Pear"}],"event_choices":[{"cards_removed":["Strike_R"],"damage_healed":0,"gold_gain":0,"player_choice":"Forget","damage_taken":0,"max_hp_gain":0,"max_hp_loss":0,"event_name":"Living Wall","floor":2,"gold_loss":0},{"damage_healed":0,"gold_gain":0,"player_choice":"Donut","damage_taken":0,"max_hp_gain":5,"max_hp_loss":0,"event_name":"Big Fish","floor":4,"gold_loss":0},{"damage_healed":0,"gold_gain":75,"player_choice":"Gather Gold","damage_taken":11,"max_hp_gain":0,"max_hp_loss":0,"event_name":"World of Goop","floor":8,"gold_loss":0}],"is_beta":false,"boss_relics":[],"items_purged_floors":[7],"is_endless":false,"potions_floor_spawned":[1,3],"killed_by":"Gremlin Nob","ascension_level":17}