{"gold_per_floor":[112,112,112,13,0,0,14,14,14,58,72,111,124,137,137,258,258,281,15,38,54,179,212,212,212,237,273,15,15,15,29,29,152,152,168,191,191,108,128,128,197,241,253,286,42,167,206,230,230,230,230,230,32,73,73],"floor_reached":55,"playtime":7819,"items_purged":["Strike_R","Bash","Clumsy","Defend_R","Defend_R"],"score":898,"play_id":"917631c3-642c-44cc-8638-66d2a5d23ff1","local_time":"20190225115251","is_ascension_mode":false,"campfire_choices":[{"data":"Armaments","floor":6.0,"key":"SMITH"},{"data":"Pommel Strike","floor":8.0,"key":"SMITH"},{"data":"True Grit","floor":15.0,"key":"SMITH"},{"data":"Inflame","floor":25.0,"key":"SMITH"},{"data":"Seeing Red","floor":30.0,"key":"SMITH"},{"data":"Exhume","floor":32.0,"key":"SMITH"},{"data":"Inflame","floor":40.0,"key":"SMITH"},{"floor":49.0,"key":"RECALL"},{"data":"Shrug It Off","floor":52,"key":"SMITH"}],"neow_cost":"NONE","seed_source_timestamp":0,"circlet_count":0,"master_deck":["Defend_R","Defend_R","True Grit+1","Armaments+1","Pommel Strike+1","Seeing Red+1","Inflame+1","Exhume+1","Headbutt+1","Shrug It Off+1","Feed+1","Whirlwind+1","Disarm+1","Disarm+1","Shrug It Off+1","Bite+1","Bite+1","Bite+1","Bite+1","Bite+1","Inflame+1","Thinking Ahead+1","The Bomb+1","Bloodletting+1","Flex+1","Pommel Strike+1"],"special_seed":0,"relics":["Burning Blood","NeowsBlessing","Golden Idol","Letter Opener","Molten Egg 2","Omamori","Smiling Mask","Busted Crown","Chemical X","FossilizedHelix","Toxic Egg 2","Matryoshka","Potion Belt","Bronze Scales","Happy Flower","Lee\u0027s Waffle","Calling Bell","Juzu Bracelet","Blue Candle","StoneCalendar","Prayer Wheel","MawBank","Red Skull","Strange Spoon","Gambling Chip","Blood Vial","Oddly Smooth Stone","Anchor"],"potions_floor_usage":[55,55],"damage_taken":[{"damage":0.0,"enemies":"Jaw Worm","floor":1.0,"turns":1.0},{"damage":0.0,"enemies":"2 Louse","floor":7.0,"turns":1.0},{"damage":0.0,"enemies":"Lagavulin","floor":10.0,"turns":1.0},{"damage":0.0,"enemies":"Small Slimes","floor":11.0,"turns":2.0},{"damage":8.0,"enemies":"3 Sentries","floor":12.0,"turns":7.0},{"damage":5.0,"enemies":"Blue Slaver","floor":13.0,"turns":4.0},{"damage":5.0,"enemies":"Red Slaver","floor":14.0,"turns":4.0},{"damage":31.0,"enemies":"The Guardian","floor":16.0,"turns":13.0},{"damage":14.0,"enemies":"Shell Parasite","floor":18.0,"turns":5.0},{"damage":20.0,"enemies":"2 Thieves","floor":20.0,"turns":2.0},{"damage":0.0,"enemies":"Snake Plant","floor":21.0,"turns":4.0},{"damage":30.0,"enemies":"Colosseum Slavers","floor":22.0,"turns":5.0},{"damage":0.0,"enemies":"Colosseum Nobs","floor":22.0,"turns":2.0},{"damage":13.0,"enemies":"Gremlin Leader","floor":23.0,"turns":6.0},{"damage":39.0,"enemies":"Slavers","floor":27.0,"turns":7.0},{"damage":0.0,"enemies":"Snecko","floor":31.0,"turns":4.0},{"damage":28.0,"enemies":"Collector","floor":33.0,"turns":11.0},{"damage":0.0,"enemies":"Orb Walker","floor":35.0,"turns":3.0},{"damage":18.0,"enemies":"3 Shapes","floor":36.0,"turns":7.0},{"damage":0.0,"enemies":"Maw","floor":39.0,"turns":7.0},{"damage":35.0,"enemies":"2 Orb Walkers","floor":41.0,"turns":4.0},{"damage":24.0,"enemies":"Reptomancer","floor":42.0,"turns":6.0},{"damage":0.0,"enemies":"Jaw Worm Horde","floor":44.0,"turns":2.0},{"damage":0.0,"enemies":"Mind Bloom Boss Battle","floor":46.0,"turns":7.0},{"damage":25.0,"enemies":"Giant Head","floor":47.0,"turns":7.0},{"damage":6.0,"enemies":"Writhing Mass","floor":48.0,"turns":5.0},{"damage":47.0,"enemies":"Time Eater","floor":50.0,"turns":12.0},{"damage":50,"enemies":"Shield and Spear","floor":54,"turns":7},{"damage":118,"enemies":"The Heart","floor":55,"turns":8}],"seed_played":"-3881899698093908519","potions_obtained":[{"floor":10.0,"key":"Energy Potion"},{"floor":11.0,"key":"Swift Potion"},{"floor":14.0,"key":"Poison Potion"},{"floor":16.0,"key":"Poison Potion"},{"floor":18.0,"key":"Strength Potion"},{"floor":20.0,"key":"Poison Potion"},{"floor":21.0,"key":"Energy Potion"},{"floor":36.0,"key":"Explosive Potion"},{"floor":41.0,"key":"Fire Potion"},{"floor":42.0,"key":"Fire Potion"},{"floor":46.0,"key":"Swift Potion"},{"floor":48.0,"key":"GamblersBrew"}],"is_trial":false,"path_per_floor":["M","?","?","$","?","R","M","R","T","E","M","E","M","M","R","B",null,"M","$","M","M","?","E","?","R","T","E","$","?","R","M","R","B",null,"M","M","?","$","M","R","?","E","T","M","$","?","E","M","R","B",null,"R","$","E","B"],"character_chosen":"IRONCLAD","items_purchased":["Armaments","Whirlwind+1","Chemical X","Lee\u0027s Waffle","Bloodletting+1","Strange Spoon","Oddly Smooth Stone"],"campfire_rested":0,"item_purchase_floors":[4,19,19,28,38,45,53],"current_hp_per_floor":[80,60,35,35,35,35,41,41,41,47,53,51,52,53,53,28,80,76,76,62,72,62,59,59,59,59,43,85,85,85,89,89,93,93,93,101,91,91,101,101,75,73,73,85,85,109,102,109,109,96,113,113,113,87,0],"gold":73,"neow_bonus":"THREE_ENEMY_KILL","is_prod":false,"is_daily":false,"chose_seed":false,"campfire_upgraded":8,"win_rate":0,"timestamp":1551095571,"path_taken":["M","?","?","$","?","R","M","R","T","E","M","E","M","?","R","BOSS","M","$","M","M","?","E","?","R","T","E","$","?","R","M","R","BOSS","M","M","?","$","M","R","?","E","T","M","$","?","E","M","R","BOSS","R","$","E","BOSS"],"build_version":"2019-01-23","purchased_purges":5,"victory":false,"max_hp_per_floor":[80,80,80,80,80,80,80,80,80,80,80,80,80,80,80,80,80,84,84,84,88,96,100,70,70,70,78,85,85,85,89,89,93,93,93,101,101,101,101,101,101,105,105,105,105,109,109,109,109,113,113,113,113,113,113],"card_choices":[{"not_picked":["Thunderclap","Sever Soul"],"picked":"True Grit","floor":1.0},{"not_picked":["Clothesline","Power Through"],"picked":"Pommel Strike","floor":7.0},{"not_picked":["Armaments","Clash+1"],"picked":"Seeing Red","floor":10.0},{"not_picked":["Wild Strike+1","Disarm"],"picked":"Inflame","floor":11.0},{"not_picked":["Armaments","Carnage+1"],"picked":"Exhume","floor":12.0},{"not_picked":["Dropkick+1","Warcry"],"picked":"Headbutt+1","floor":13.0},{"not_picked":["Clash+1","Anger+1"],"picked":"Shrug It Off","floor":14.0},{"not_picked":["Brutality","Offering"],"picked":"Feed+1","floor":16.0},{"not_picked":["Heavy Blade+1"],"picked":"SKIP","floor":18.0},{"not_picked":[],"picked":"Disarm","floor":20.0},{"not_picked":["Thunderclap+1"],"picked":"SKIP","floor":21.0},{"not_picked":[],"picked":"Disarm","floor":22.0},{"not_picked":[],"picked":"Shrug It Off+1","floor":23.0},{"not_picked":["Uppercut+1"],"picked":"SKIP","floor":27.0},{"not_picked":["Uppercut+1"],"picked":"SKIP","floor":31.0},{"not_picked":[],"picked":"Inflame","floor":35.0},{"not_picked":["Thunderclap+1"],"picked":"SKIP","floor":36.0},{"not_picked":[],"picked":"Thinking Ahead+1","floor":37.0},{"not_picked":[],"picked":"The Bomb+1","floor":37.0},{"not_picked":["Clothesline+1"],"picked":"SKIP","floor":39.0},{"not_picked":["Wild Strike+1"],"picked":"SKIP","floor":42.0},{"not_picked":[],"picked":"Flex+1","floor":44.0},{"not_picked":["Clothesline+1"],"picked":"SKIP","floor":44.0},{"not_picked":["Clothesline+1"],"picked":"SKIP","floor":47.0},{"not_picked":[],"picked":"Pommel Strike+1","floor":48.0},{"not_picked":["Armaments+1"],"picked":"SKIP","floor":48.0},{"not_picked":["Intimidate+1"],"picked":"SKIP","floor":54}],"player_experience":434263,"relics_obtained":[{"floor":9.0,"key":"Molten Egg 2"},{"floor":10.0,"key":"Omamori"},{"floor":12.0,"key":"Smiling Mask"},{"floor":22.0,"key":"FossilizedHelix"},{"floor":22.0,"key":"Toxic Egg 2"},{"floor":23.0,"key":"Matryoshka"},{"floor":26.0,"key":"Potion Belt"},{"floor":26.0,"key":"Bronze Scales"},{"floor":27.0,"key":"Happy Flower"},{"floor":34.0,"key":"Juzu Bracelet"},{"floor":34.0,"key":"Blue Candle"},{"floor":34.0,"key":"StoneCalendar"},{"floor":41.0,"key":"Prayer Wheel"},{"floor":42.0,"key":"MawBank"},{"floor":43.0,"key":"Red Skull"},{"floor":46.0,"key":"Gambling Chip"},{"floor":47.0,"key":"Blood Vial"},{"floor":54,"key":"Anchor"}],"event_choices":[{"damage_healed":0.0,"max_hp_gain":0.0,"max_hp_loss":0.0,"gold_gain":0.0,"event_name":"Golden Idol","player_choice":"Take Damage","floor":2.0,"gold_loss":0.0,"damage_taken":20.0,"relics_obtained":["Golden Idol"]},{"damage_healed":0.0,"max_hp_gain":0.0,"max_hp_loss":0.0,"gold_gain":0.0,"event_name":"Scrap Ooze","player_choice":"Success","floor":3.0,"gold_loss":0.0,"damage_taken":25.0,"relics_obtained":["Letter Opener"]},{"damage_healed":0.0,"max_hp_gain":0.0,"max_hp_loss":0.0,"gold_gain":0.0,"event_name":"World of Goop","player_choice":"Left Gold","floor":5.0,"gold_loss":13.0,"damage_taken":0.0},{"damage_healed":0.0,"max_hp_gain":0.0,"max_hp_loss":0.0,"gold_gain":0.0,"event_name":"Colosseum","player_choice":"Fight","floor":22.0,"gold_loss":0.0,"damage_taken":0.0},{"damage_healed":0.0,"max_hp_gain":0.0,"max_hp_loss":0.0,"gold_gain":0.0,"event_name":"Colosseum","player_choice":"Fought Nobs","floor":22.0,"gold_loss":0.0,"damage_taken":0.0},{"damage_healed":0.0,"max_hp_gain":0.0,"max_hp_loss":30.0,"gold_gain":0.0,"event_name":"Vampires","player_choice":"Became a vampire","floor":24.0,"gold_loss":0.0,"damage_taken":0.0,"cards_obtained":["Bite","Bite","Bite","Bite","Bite"]},{"damage_healed":0.0,"max_hp_gain":0.0,"max_hp_loss":0.0,"gold_gain":0.0,"event_name":"Upgrade Shrine","player_choice":"Upgraded","floor":29.0,"gold_loss":0.0,"damage_taken":0.0,"cards_upgraded":["Disarm"]},{"damage_healed":0.0,"max_hp_gain":0.0,"max_hp_loss":0.0,"gold_gain":0.0,"event_name":"SensoryStone","player_choice":"Memory 3","floor":37.0,"gold_loss":0.0,"damage_taken":10.0},{"damage_healed":0.0,"max_hp_gain":0.0,"max_hp_loss":0.0,"gold_gain":0.0,"event_name":"Mysterious Sphere","player_choice":"Fight","floor":41.0,"gold_loss":0.0,"damage_taken":0.0},{"damage_healed":0.0,"max_hp_gain":0.0,"max_hp_loss":0.0,"gold_gain":0.0,"event_name":"MindBloom","player_choice":"Fight","floor":46.0,"gold_loss":0.0,"damage_taken":0.0}],"is_beta":false,"boss_relics":[{"not_picked":["Black Blood","Black Star"],"picked":"Busted Crown"},{"not_picked":["Lizard Tail","Coffee Dripper"],"picked":"Calling Bell"}],"items_purged_floors":[4,28,38,45,53],"is_endless":false,"potions_floor_spawned":[10,11,14,16,18,20,21,22,36,41,42,46,48],"killed_by":"The Heart","ascension_level":0}