{"gold_per_floor":[110,123,134,22,41,41,69,82,132,147,181,201,251,10,10,10],"floor_reached":16,"playtime":919,"items_purged":[],"score":222,"play_id":"e339a7a0-06c8-4343-8c7f-eea5495181c1","local_time":"20190206144539","is_ascension_mode":true,"campfire_choices":[{"data":"Defragment","floor":6,"key":"SMITH"},{"floor":15,"key":"REST"}],"neow_cost":"NONE","seed_source_timestamp":16972437744600,"circlet_count":0,"master_deck":["AscendersBane","Strike_B","Strike_B","Strike_B","Strike_B","Defend_B","Defend_B","Defend_B","Defend_B","Zap+1","Dualcast","Go for the Eyes","Steam","Ball Lightning","Coolheaded","Conserve Battery+1","Defragment+1","Self Repair","Glacier","Genetic Algorithm","Glacier","Coolheaded","Capacitor"],"relics":["Cracked Core","War Paint","Regal Pillow","Question Card","Ancient Tea Set"],"potions_floor_usage":[7,12],"damage_taken":[{"damage":0,"enemies":"2 Louse","floor":1,"turns":2},{"damage":0,"enemies":"Cultist","floor":2,"turns":3},{"damage":4,"enemies":"Small Slimes","floor":3,"turns":3},{"damage":1,"enemies":"Exordium Wildlife","floor":5,"turns":4},{"damage":8,"enemies":"3 Sentries","floor":7,"turns":6},{"damage":3,"enemies":"3 Louse","floor":8,"turns":4},{"damage":13,"enemies":"Blue Slaver","floor":10,"turns":4},{"damage":47,"enemies":"Gremlin Nob","floor":11,"turns":5},{"damage":4,"enemies":"Exordium Wildlife","floor":12,"turns":7},{"damage":64,"enemies":"Hexaghost","floor":16,"turns":22}],"seed_played":"-174783044955462311","potions_obtained":[{"floor":2,"key":"Strength Potion"},{"floor":5,"key":"Explosive Potion"},{"floor":8,"key":"FocusPotion"},{"floor":12,"key":"Energy Potion"}],"is_trial":false,"path_per_floor":["M","M","M","$","M","R","E","M","T","M","E","M","?","$","R","B"],"character_chosen":"DEFECT","items_purchased":["Coolheaded","Conserve Battery","Capacitor","Ancient Tea Set"],"campfire_rested":1,"item_purchase_floors":[4,4,14,14],"current_hp_per_floor":[71,71,67,67,66,66,58,62,62,56,16,19,19,19,57,0],"gold":10,"neow_bonus":"TEN_PERCENT_HP_BONUS","is_prod":false,"is_daily":false,"chose_seed":false,"campfire_upgraded":1,"win_rate":0,"timestamp":1549493139,"path_taken":["M","M","M","$","M","R","E","M","T","M","E","M","?","$","R","BOSS"],"build_version":"2019-01-23","purchased_purges":0,"victory":false,"max_hp_per_floor":[78,78,78,78,78,78,78,78,78,78,78,78,78,78,78,78],"card_choices":[{"not_picked":["Compile Driver","Rebound"],"picked":"Go for the Eyes","floor":1},{"not_picked":["Rip and Tear","Lockon"],"picked":"Steam","floor":2},{"not_picked":["Go for the Eyes","Rip and Tear"],"picked":"Ball Lightning","floor":3},{"not_picked":["Sweeping Beam","Loop"],"picked":"Defragment","floor":5},{"not_picked":["Steam","Redo"],"picked":"Self Repair","floor":7},{"not_picked":["Rip and Tear","Steam Power"],"picked":"Glacier","floor":8},{"not_picked":["Coolheaded","Turbo"],"picked":"Genetic Algorithm","floor":10},{"not_picked":["Conserve Battery","Fission"],"picked":"Glacier","floor":11},{"not_picked":["Cold Snap","Compile Driver","Beam Cell"],"picked":"Coolheaded","floor":12}],"player_experience":639522,"relics_obtained":[{"floor":7,"key":"War Paint"},{"floor":9,"key":"Regal Pillow"},{"floor":11,"key":"Question Card"}],"event_choices":[{"damage_healed":0,"gold_gain":50,"player_choice":"Pray","damage_taken":0,"max_hp_gain":0,"max_hp_loss":0,"event_name":"Golden Shrine","floor":13,"gold_loss":0}],"is_beta":false,"boss_relics":[],"items_purged_floors":[],"is_endless":false,"potions_floor_spawned":[2,5,8,12],"killed_by":"Hexaghost","ascension_level":19}