{"path_per_floor":["M","M","M","$","M","R","E","R","T","?","M","R","M","E","R","B",null,"M","$","?","?","?","R","E","R","T","E","R","M","E","?","R","B",null,"M","T","M","$","?","E","?","E","T","E","R","$","?","M","R","B"],"character_chosen":"THE_SILENT","items_purchased":["Backstab","Mummified Hand","Shuriken","Strength Potion","Footwork"],"gold_per_floor":[113,126,140,72,85,85,114,114,114,114,132,132,151,182,182,256,256,275,33,33,33,33,33,62,62,62,91,91,105,135,135,135,210,210,229,229,244,39,39,64,64,89,112,144,144,15,15,29,29,29],"floor_reached":51,"campfire_rested":0,"playtime":3532,"item_purchase_floors":[4,19,38,46,46],"current_hp_per_floor":[59,57,52,52,52,52,48,48,48,48,48,48,47,47,47,25,56,56,56,35,35,33,33,28,28,28,28,28,26,24,23,23,23,23,19,19,23,23,23,22,18,23,23,19,19,19,23,23,23,15],"items_purged":["Madness"],"gold":29,"score":1539,"play_id":"ecc2f5b2-86b0-4ac7-87a0-35fabbffce15","local_time":"20180623000331","is_prod":false,"is_daily":false,"chose_seed":false,"is_ascension_mode":true,"campfire_upgraded":8,"win_rate":0,"timestamp":1529705011,"campfire_choices":[{"data":"Noxious Fumes","floor":6,"key":"SMITH"},{"data":"Backstab","floor":8,"key":"SMITH"},{"data":"Footwork","floor":12,"key":"SMITH"},{"data":"Blade Dance","floor":15,"key":"SMITH"},{"data":"Night Terror","floor":23,"key":"SMITH"},{"data":"Cloak And Dagger","floor":25,"key":"SMITH"},{"data":"Catalyst","floor":28,"key":"SMITH"},{"data":"Ghostly","floor":32,"key":"SMITH"},{"data":"1","floor":45,"key":"LIFT"},{"data":"2","floor":49,"key":"LIFT"}],"path_taken":["M","M","M","$","M","R","E","R","T","?","M","R","M","E","R","BOSS","M","$","?","?","?","R","E","R","T","E","R","M","E","?","R","BOSS","M","?","M","$","?","E","?","E","T","E","R","$","?","?","R","BOSS"],"build_version":"2018-06-21","seed_source_timestamp":438304900173474,"purchased_purges":1,"circlet_count":0,"victory":true,"master_deck":["Defend_G","Defend_G","Defend_G","Defend_G","Defend_G","Survivor","Neutralize+1","AscendersBane","Sucker Punch","Footwork+1","Dagger Throw","Backstab+1","Noxious Fumes+1","Dash","Dagger Spray","Night Terror+1","Blade Dance+1","Glass Knife","Catalyst+1","Ghostly+1","Ghostly","Ghostly","Ghostly","Ghostly","Cloak And Dagger+1","Caltrops","Bite+1","Bite+1","Bite+1","Bite+1","Bite+1","Parasite","Dodge and Roll","Thinking Ahead","Madness","Parasite","Backflip","Footwork","Dodge and Roll+1"],"max_hp_per_floor":[66,66,66,66,66,66,66,66,66,66,66,66,66,66,66,66,66,66,66,66,66,33,33,33,33,33,33,33,33,33,23,23,23,23,23,23,23,23,23,23,23,23,23,23,23,23,23,23,23,23],"relics":["Ring of the Snake","Anchor","Kunai","Matryoshka","Busted Crown","Mummified Hand","Nilry\u0027s Codex","Bag of Marbles","Bottled Lightning","The Courier","Ancient Tea Set","Molten Egg 2","Cursed Key","Dream Catcher","Girya","Shuriken","Ornamental Fan","Bottled Flame","Regal Pillow","Bronze Scales","Du-Vu Doll"],"card_choices":[{"not_picked":["Dodge and Roll","Bouncing Flask"],"picked":"Sucker Punch","floor":1},{"not_picked":["Caltrops","Slice"],"picked":"Footwork","floor":2},{"not_picked":["Prepared","Backflip"],"picked":"Dagger Throw","floor":3},{"not_picked":["All Out Attack","Caltrops"],"picked":"Noxious Fumes","floor":5},{"not_picked":["Dagger Throw","Accuracy"],"picked":"Dash","floor":7},{"not_picked":["Bane","Underhanded Strike"],"picked":"Dagger Spray","floor":11},{"not_picked":["Underhanded Strike","Distraction"],"picked":"Night Terror","floor":13},{"not_picked":["Acrobatics","Expertise"],"picked":"Blade Dance","floor":14},{"not_picked":["Tactician","Night Terror"],"picked":"Glass Knife","floor":16},{"not_picked":[],"picked":"Catalyst","floor":18},{"not_picked":[],"picked":"Cloak And Dagger","floor":24},{"not_picked":[],"picked":"Caltrops","floor":27},{"not_picked":["Underhanded Strike+1"],"picked":"SKIP","floor":29},{"not_picked":["Masterful Stab"],"picked":"SKIP","floor":30},{"not_picked":["Flying Knee+1"],"picked":"SKIP","floor":35},{"not_picked":[],"picked":"Dodge and Roll","floor":37},{"not_picked":[],"picked":"Thinking Ahead","floor":39},{"not_picked":["Underhanded Strike+1"],"picked":"SKIP","floor":40},{"not_picked":["Flying Knee+1"],"picked":"SKIP","floor":42},{"not_picked":["Flying Knee+1"],"picked":"SKIP","floor":42},{"not_picked":[],"picked":"Backflip","floor":44},{"not_picked":[],"picked":"Dodge and Roll+1","floor":48}],"player_experience":654132,"potions_floor_usage":[16,24,37,44],"damage_taken":[{"damage":0,"enemies":"Small Slimes","floor":1,"turns":3},{"damage":2,"enemies":"Cultist","floor":2,"turns":5},{"damage":5,"enemies":"Jaw Worm","floor":3,"turns":5},{"damage":0,"enemies":"2 Fungi Beasts","floor":5,"turns":3},{"damage":4,"enemies":"Lagavulin","floor":7,"turns":9},{"damage":0,"enemies":"Exordium Wildlife","floor":11,"turns":4},{"damage":1,"enemies":"Looter","floor":13,"turns":3},{"damage":0,"enemies":"3 Sentries","floor":14,"turns":7},{"damage":22,"enemies":"The Guardian","floor":16,"turns":13},{"damage":0,"enemies":"3 Byrds","floor":18,"turns":5},{"damage":5,"enemies":"Slavers","floor":24,"turns":6},{"damage":0,"enemies":"Gremlin Leader","floor":27,"turns":6},{"damage":2,"enemies":"Shell Parasite","floor":29,"turns":4},{"damage":2,"enemies":"Slavers","floor":30,"turns":6},{"damage":1,"enemies":"Champ","floor":33,"turns":14},{"damage":13,"enemies":"3 Darklings","floor":35,"turns":9},{"damage":0,"enemies":"Orb Walker","floor":37,"turns":2},{"damage":4,"enemies":"Nemesis","floor":40,"turns":7},{"damage":7,"enemies":"2 Orb Walkers","floor":42,"turns":8},{"damage":6,"enemies":"Nemesis","floor":44,"turns":9},{"damage":0,"floor":47,"turns":6},{"damage":0,"enemies":"4 Shapes","floor":48,"turns":6},{"damage":19,"enemies":"Awakened One","floor":50,"turns":12}],"relics_obtained":[{"floor":7,"key":"Anchor"},{"floor":9,"key":"Kunai"},{"floor":14,"key":"Matryoshka"},{"floor":20,"key":"Nilry\u0027s Codex"},{"floor":24,"key":"Bag of Marbles"},{"floor":26,"key":"Bottled Lightning"},{"floor":26,"key":"The Courier"},{"floor":27,"key":"Ancient Tea Set"},{"floor":30,"key":"Molten Egg 2"},{"floor":36,"key":"Dream Catcher"},{"floor":36,"key":"Girya"},{"floor":40,"key":"Ornamental Fan"},{"floor":42,"key":"Bottled Flame"},{"floor":43,"key":"Regal Pillow"},{"floor":44,"key":"Bronze Scales"},{"floor":47,"key":"Du-Vu Doll"}],"event_choices":[{"event_name":"Bonfire Elementals","player_choice":"BASIC","floor":10,"damage_taken":0},{"event_name":"Cursed Tome","player_choice":"Obtained Book","floor":20,"damage_taken":0},{"event_name":"The Mausoleum","player_choice":"No","floor":21,"damage_taken":0},{"event_name":"Ghosts","player_choice":"Became a Ghost","floor":22,"damage_taken":0},{"event_name":"Vampires","player_choice":"Became a vampire","floor":31,"damage_taken":0},{"event_name":"SensoryStone","player_choice":"Memory 1","floor":39,"damage_taken":0},{"event_name":"Winding Halls","player_choice":"Embrace Madness","floor":41,"damage_taken":0},{"event_name":"MindBloom","player_choice":"Fight","floor":47,"damage_taken":0}],"boss_relics":[{"not_picked":["Coffee Dripper","Black Star"],"picked":"Busted Crown"},{"not_picked":["Tiny House","White Beast Statue"],"picked":"Cursed Key"}],"items_purged_floors":[46],"is_endless":false,"potions_floor_spawned":[2,3,11,16,24,29,35,40,42,47],"seed_played":"-143070802627189010","ascension_level":15,"potions_obtained":[{"floor":2,"key":"SkillPotion"},{"floor":3,"key":"Regen Potion"},{"floor":11,"key":"EssenceOfSteel"},{"floor":16,"key":"AttackPotion"},{"floor":24,"key":"Block Potion"},{"floor":35,"key":"SkillPotion"},{"floor":47,"key":"LiquidBronze"}],"is_trial":false}