{"gold_per_floor":[215,55,20,50,65,65,99,99,99,99,99,21,56,73,73,73],"floor_reached":16,"playtime":514,"items_purged":["Strike_R"],"score":212,"play_id":"7d0752ab-8b19-4d97-a2bb-372deeb4c382","local_time":"20181115211921","is_ascension_mode":true,"campfire_choices":[{"data":"Uppercut","floor":6.0,"key":"SMITH"},{"data":"Disarm","floor":8.0,"key":"SMITH"},{"data":"Metallicize","floor":10.0,"key":"SMITH"},{"floor":15.0,"key":"REST"}],"neow_cost":"NONE","seed_source_timestamp":136428819597420,"circlet_count":0,"master_deck":["AscendersBane","Strike_R","Strike_R","Strike_R","Strike_R","Defend_R","Defend_R","Defend_R","Defend_R","Bash","Uppercut+1","Metallicize+1","Disarm+1","Metallicize+1","Decay","Flame Barrier","Offering"],"special_seed":0,"relics":["Burning Blood","Tiny Chest","Frozen Egg 2","Bottled Flame","Paper Frog"],"potions_floor_usage":[16,16],"damage_taken":[{"damage":7.0,"enemies":"Cultist","floor":1.0,"turns":5.0},{"damage":2.0,"enemies":"2 Louse","floor":5.0,"turns":3.0},{"damage":31.0,"enemies":"Gremlin Nob","floor":7.0,"turns":5.0},{"damage":26.0,"enemies":"3 Sentries","floor":13.0,"turns":12.0},{"damage":0.0,"enemies":"Small Slimes","floor":14.0,"turns":4.0},{"damage":61,"enemies":"Slime Boss","floor":16,"turns":11}],"seed_played":"-2622725057771228288","potions_obtained":[{"floor":1.0,"key":"EssenceOfSteel"},{"floor":5.0,"key":"Poison Potion"},{"floor":7.0,"key":"LiquidBronze"},{"floor":14.0,"key":"Weak Potion"}],"is_trial":false,"path_per_floor":["M","$","?","?","M","R","E","R","T","R","?","$","E","M","R","B"],"character_chosen":"IRONCLAD","items_purchased":["Metallicize","Flame Barrier"],"campfire_rested":1,"item_purchase_floors":[2,12],"current_hp_per_floor":[67,67,75,70,74,74,49,49,49,49,49,49,29,35,57,0],"gold":73,"neow_bonus":"HUNDRED_GOLD","is_prod":false,"is_daily":false,"chose_seed":false,"campfire_upgraded":3,"win_rate":0,"timestamp":1542345561,"path_taken":["M","$","?","?","M","R","E","R","T","R","?","$","E","M","R","BOSS"],"build_version":"2018-11-15","purchased_purges":1,"victory":false,"max_hp_per_floor":[75,75,75,75,75,75,75,75,75,75,75,75,75,75,75,75],"card_choices":[{"not_picked":["Thunderclap","Body Slam"],"picked":"Uppercut","floor":1.0},{"not_picked":["Seeing Red","Heavy Blade"],"picked":"Disarm","floor":5.0},{"not_picked":["Anger","Pommel Strike"],"picked":"Metallicize","floor":7.0},{"not_picked":["Fire Breathing+1","Warcry"],"picked":"Offering","floor":13.0},{"not_picked":["Warcry","Heavy Blade","Clash"],"picked":"SKIP","floor":14.0}],"player_experience":643317,"relics_obtained":[{"floor":7.0,"key":"Frozen Egg 2"},{"floor":9.0,"key":"Bottled Flame"},{"floor":13.0,"key":"Paper Frog"}],"event_choices":[{"damage_healed":18.0,"max_hp_gain":0.0,"max_hp_loss":0.0,"gold_gain":0.0,"event_name":"The Cleric","player_choice":"Healed","floor":3.0,"gold_loss":35.0,"damage_taken":0.0},{"damage_healed":0.0,"max_hp_gain":0.0,"max_hp_loss":0.0,"gold_gain":0.0,"event_name":"Scrap Ooze","player_choice":"Success","floor":4.0,"gold_loss":0.0,"damage_taken":5.0,"relics_obtained":["Tiny Chest"]},{"damage_healed":0.0,"max_hp_gain":0.0,"max_hp_loss":0.0,"gold_gain":0.0,"event_name":"Wheel of Change","player_choice":"Cursed","floor":11.0,"gold_loss":0.0,"damage_taken":0.0,"cards_obtained":["Decay"]}],"is_beta":false,"boss_relics":[],"items_purged_floors":[2],"is_endless":false,"potions_floor_spawned":[1,5,7,14],"killed_by":"Slime Boss","ascension_level":20}