{"gold_per_floor":[110,110,123,123,141,171,171,171,171,171,188,188,205,223,223,319,319,338,366,416,75,92,92,109,109,109,120,134,159,34,52,52,52],"floor_reached":33,"playtime":2707,"items_purged":["Strike_R"],"score":429,"play_id":"b440396b-9dcd-42f2-8a22-424af00a0d30","local_time":"20190305140546","is_ascension_mode":true,"campfire_choices":[{"data":"Flame Barrier","floor":7,"key":"SMITH"},{"data":"Burning Pact","floor":10,"key":"SMITH"},{"data":"Clothesline","floor":12,"key":"SMITH"},{"data":"Bash","floor":15,"key":"SMITH"},{"data":"True Grit","floor":23,"key":"SMITH"},{"floor":25,"key":"REST"},{"floor":32,"key":"REST"}],"neow_cost":"NONE","seed_source_timestamp":96105260498995,"circlet_count":0,"master_deck":["AscendersBane","Strike_R","Strike_R","Strike_R","Strike_R","Defend_R","Defend_R","Defend_R","Defend_R","Bash+1","Flame Barrier+1","Twin Strike","Reaper","Burning Pact+1","Clothesline+1","Double Tap","Ghostly Armor+1","True Grit+1","Inflame","Immolate"],"relics":["Burning Blood","NeowsBlessing","Unceasing Top","Du-Vu Doll","Meat on the Bone","Velvet Choker","Red Mask","Pear","Shuriken","Ornamental Fan"],"potions_floor_usage":[2,6,6,14,16,16,22,22,27,33,33,33],"damage_taken":[{"damage":0,"enemies":"Jaw Worm","floor":1,"turns":1},{"damage":0,"enemies":"Cultist","floor":3,"turns":1},{"damage":0,"enemies":"Small Slimes","floor":5,"turns":1},{"damage":61,"enemies":"Lagavulin","floor":6,"turns":10},{"damage":11,"enemies":"Exordium Wildlife","floor":11,"turns":3},{"damage":25,"enemies":"Lots of Slimes","floor":13,"turns":4},{"damage":15,"enemies":"Looter","floor":14,"turns":4},{"damage":33,"enemies":"The Guardian","floor":16,"turns":12},{"damage":10,"enemies":"Shell Parasite","floor":18,"turns":7},{"damage":52,"enemies":"Masked Bandits","floor":19,"turns":6},{"damage":17,"enemies":"Spheric Guardian","floor":22,"turns":4},{"damage":17,"enemies":"Snake Plant","floor":24,"turns":4},{"damage":24,"enemies":"Snecko","floor":27,"turns":7},{"damage":37,"enemies":"Cultist and Chosen","floor":28,"turns":9},{"damage":73,"enemies":"Book of Stabbing","floor":29,"turns":7},{"damage":25,"enemies":"3 Cultists","floor":31,"turns":5},{"damage":97,"enemies":"Champ","floor":33,"turns":15}],"seed_played":"2408711175120346885","potions_obtained":[{"floor":2,"key":"SkillPotion"},{"floor":2,"key":"Fruit Juice"},{"floor":2,"key":"SkillPotion"},{"floor":6,"key":"Weak Potion"},{"floor":11,"key":"GamblersBrew"},{"floor":13,"key":"PowerPotion"},{"floor":16,"key":"GamblersBrew"},{"floor":19,"key":"Fire Potion"},{"floor":24,"key":"Swift Potion"},{"floor":31,"key":"Block Potion"}],"is_trial":false,"path_per_floor":["M","?","M","?","M","E","R","T","T","R","M","R","M","M","R","B",null,"M","?","?","$","M","R","M","R","T","M","M","E","$","M","R","B"],"character_chosen":"IRONCLAD","items_purchased":["Pear","Dexterity Potion","True Grit","Dexterity Potion"],"campfire_rested":2,"item_purchase_floors":[21,21,21,30],"current_hp_per_floor":[78,83,85,90,90,38,38,38,38,38,52,52,58,54,54,39,77,73,39,39,49,50,50,51,81,81,73,62,27,27,41,71,0],"gold":52,"neow_bonus":"THREE_ENEMY_KILL","is_prod":false,"is_daily":false,"chose_seed":false,"campfire_upgraded":5,"win_rate":0,"timestamp":1551816346,"path_taken":["M","?","?","?","M","E","R","?","T","R","M","R","?","M","R","BOSS","M","?","?","$","?","R","M","R","T","M","M","E","$","M","R","BOSS"],"build_version":"2019-01-23","purchased_purges":1,"victory":false,"max_hp_per_floor":[80,85,85,90,90,90,90,90,90,90,90,90,90,90,90,90,90,90,90,90,100,100,100,100,100,100,100,100,100,100,100,100,100],"card_choices":[{"not_picked":["Cleave","Perfected Strike"],"picked":"Flame Barrier","floor":1},{"not_picked":["Flex","Headbutt"],"picked":"Twin Strike","floor":3},{"not_picked":["Burning Pact","Body Slam"],"picked":"Reaper","floor":5},{"not_picked":["Thunderclap","Dark Embrace"],"picked":"Burning Pact","floor":6},{"not_picked":["Havoc","Armaments"],"picked":"Clothesline","floor":11},{"not_picked":["Headbutt","Cleave","Heavy Blade"],"picked":"SKIP","floor":13},{"not_picked":["Headbutt","Metallicize","Sword Boomerang"],"picked":"SKIP","floor":14},{"not_picked":["Reaper","Offering"],"picked":"Double Tap","floor":16},{"not_picked":["Warcry","Twin Strike+1"],"picked":"Ghostly Armor+1","floor":18},{"not_picked":["Iron Wave","Havoc","Infernal Blade"],"picked":"SKIP","floor":22},{"not_picked":["Sword Boomerang","Headbutt+1","Uppercut"],"picked":"SKIP","floor":24},{"not_picked":["Havoc+1","Warcry"],"picked":"Inflame","floor":27},{"not_picked":["Feel No Pain+1","Pommel Strike","Armaments"],"picked":"SKIP","floor":28},{"not_picked":["Headbutt","Armaments"],"picked":"Immolate","floor":29},{"not_picked":["Clash+1","Fire Breathing","Thunderclap"],"picked":"SKIP","floor":31}],"player_experience":180245,"relics_obtained":[{"floor":6,"key":"Unceasing Top"},{"floor":8,"key":"Du-Vu Doll"},{"floor":9,"key":"Meat on the Bone"},{"floor":19,"key":"Red Mask"},{"floor":26,"key":"Shuriken"},{"floor":29,"key":"Ornamental Fan"}],"event_choices":[{"damage_healed":0,"gold_gain":0,"player_choice":"Got Potions","damage_taken":0,"max_hp_gain":0,"max_hp_loss":0,"event_name":"Lab","floor":2,"gold_loss":0},{"damage_healed":0,"gold_gain":0,"player_choice":"Donut","damage_taken":0,"max_hp_gain":5,"max_hp_loss":0,"event_name":"Big Fish","floor":4,"gold_loss":0},{"damage_healed":0,"gold_gain":0,"player_choice":"Fought Bandits","damage_taken":0,"max_hp_gain":0,"max_hp_loss":0,"event_name":"Masked Bandits","floor":19,"gold_loss":0},{"damage_healed":0,"gold_gain":100,"player_choice":"Bet on Murderer","damage_taken":0,"max_hp_gain":0,"max_hp_loss":0,"event_name":"The Joust","floor":20,"gold_loss":50}],"is_beta":false,"boss_relics":[{"not_picked":["Philosopher\u0027s Stone","Mark of Pain"],"picked":"Velvet Choker"}],"items_purged_floors":[30],"is_endless":false,"potions_floor_spawned":[6,11,13,16,19,24,31],"killed_by":"Champ","ascension_level":10}