{"gold_per_floor":[117,117,134,74,90,90,90,90,140,140,195,213,231,243,243,318,318,268,37,37,9,22,22,50,50,75,75],"floor_reached":27,"playtime":1541,"items_purged":[],"score":420,"play_id":"2e2984d2-2ee7-4ee5-bafe-77344485d181","local_time":"20181002194534","is_ascension_mode":true,"campfire_choices":[{"data":"Chaos","floor":6,"key":"SMITH"},{"data":"Loop","floor":8,"key":"SMITH"},{"data":"Zap","floor":10,"key":"SMITH"},{"data":"Compile Driver","floor":15,"key":"SMITH"},{"floor":23,"key":"REST"},{"data":"Conserve Battery","floor":25,"key":"SMITH"}],"neow_cost":"NONE","seed_source_timestamp":1559902935435487,"circlet_count":0,"master_deck":["Strike_B","Strike_B","Strike_B","Defend_B","Defend_B","Defend_B","Defend_B","Zap+1","Dualcast","AscendersBane","Conserve Battery","Loop+1","Chaos+1","Coolheaded","Stack","Hologram","Compile Driver+1","Fusion","Ball Lightning","Meteor Strike","Self Repair","Leap","Capacitor","Conserve Battery+1","Coolheaded","BootSequence","Conserve Battery","Go for the Eyes"],"relics":["Cracked Core","Boot","Question Card","Orrery","Membership Card","MutagenicStrength","Bronze Scales","Bag of Marbles"],"potions_floor_usage":[14,18,24],"damage_taken":[{"damage":0,"enemies":"Cultist","floor":1,"turns":4},{"damage":0,"enemies":"Jaw Worm","floor":3,"turns":4},{"damage":11,"enemies":"Small Slimes","floor":5,"turns":5},{"damage":13,"enemies":"3 Sentries","floor":11,"turns":7},{"damage":3,"enemies":"3 Louse","floor":12,"turns":4},{"damage":11,"enemies":"Looter","floor":13,"turns":4},{"damage":16,"enemies":"Exordium Thugs","floor":14,"turns":6},{"damage":9,"enemies":"Hexaghost","floor":16,"turns":9},{"damage":18,"enemies":"2 Thieves","floor":18,"turns":5},{"damage":7,"enemies":"Spheric Guardian","floor":22,"turns":4},{"damage":45,"enemies":"Book of Stabbing","floor":24,"turns":5},{"damage":50,"enemies":"Cultist and Chosen","floor":27,"turns":3}],"seed_played":"-7286622189032209216","potions_obtained":[{"floor":11,"key":"Block Potion"},{"floor":12,"key":"FearPotion"},{"floor":14,"key":"Explosive Potion"},{"floor":18,"key":"FocusPotion"}],"is_trial":false,"path_per_floor":["M","?","M","$","M","R","?","R","T","R","?","M","M","M","R","B",null,"M","$","?","$","M","R","E","R","T"],"character_chosen":"DEFECT","items_purchased":["Coolheaded","Membership Card","Conserve Battery"],"campfire_rested":1,"item_purchase_floors":[4,19,21],"current_hp_per_floor":[64,57,57,57,46,46,69,69,69,69,56,53,42,26,26,17,58,40,40,40,40,40,61,23,23,23,0],"gold":75,"neow_bonus":"THREE_CARDS","is_prod":false,"is_daily":false,"chose_seed":false,"campfire_upgraded":5,"win_rate":0,"timestamp":1538523934,"path_taken":["M","?","M","$","M","R","?","R","T","R","?","M","M","?","R","BOSS","M","$","?","?","?","R","E","R","T","M"],"build_version":"2018-09-27","purchased_purges":0,"victory":false,"max_hp_per_floor":[71,71,71,71,71,71,71,71,71,71,71,71,71,71,71,71,71,71,71,71,71,71,71,71,71,71,71],"card_choices":[{"not_picked":["Turbo","Leap"],"picked":"Conserve Battery","floor":0},{"not_picked":["Ball Lightning","Coolheaded"],"picked":"Loop","floor":1},{"not_picked":["Leap","Stack"],"picked":"Chaos","floor":3},{"not_picked":["Tempest","Consume"],"picked":"Stack","floor":5},{"not_picked":["Sweeping Beam","Reinforced Body"],"picked":"Hologram","floor":11},{"not_picked":["Rebound","Gash","Redo"],"picked":"Compile Driver","floor":12},{"not_picked":["Chill","Heatsinks","Leap"],"picked":"Fusion","floor":13},{"not_picked":["Sweeping Beam","Conserve Battery","Go for the Eyes"],"picked":"Ball Lightning","floor":14},{"not_picked":["Reboot","Creative AI","Core Surge"],"picked":"Meteor Strike","floor":16},{"not_picked":["BootSequence","Sweeping Beam","Static Discharge"],"picked":"Self Repair","floor":17},{"not_picked":["Sweeping Beam","Double Energy","Rebound"],"picked":"Leap","floor":17},{"not_picked":["Glacier","Compile Driver","Turbo"],"picked":"Capacitor","floor":17},{"not_picked":["Sweeping Beam","Gash","Rebound"],"picked":"Conserve Battery","floor":17},{"not_picked":["Doom and Gloom","Redo","Barrage"],"picked":"Coolheaded","floor":17},{"not_picked":["Aggregate","Hyperbeam","Beam Cell"],"picked":"BootSequence","floor":18},{"not_picked":["Steam","Compile Driver","Beam Cell"],"picked":"Go for the Eyes","floor":22},{"not_picked":["Recycle","Beam Cell","Barrage","Hello World"],"picked":"SKIP","floor":24}],"player_experience":300061,"relics_obtained":[{"floor":9,"key":"Boot"},{"floor":11,"key":"Question Card"},{"floor":24,"key":"Bronze Scales"},{"floor":26,"key":"Bag of Marbles"}],"event_choices":[{"event_name":"Golden Wing","player_choice":"Card Removal","floor":2,"damage_taken":0},{"event_name":"Big Fish","player_choice":"Banana","floor":7,"damage_taken":0},{"event_name":"Dead Adventurer","player_choice":"Searched \u00272\u0027 times","floor":11,"damage_taken":0},{"event_name":"Drug Dealer","player_choice":"Inject Mutagens","floor":20,"damage_taken":0}],"is_beta":false,"boss_relics":[{"not_picked":["Philosopher\u0027s Stone","Runic Dome"],"picked":"Orrery"}],"items_purged_floors":[],"is_endless":false,"potions_floor_spawned":[11,12,14,18],"killed_by":"Cultist and Chosen","ascension_level":18}