{"gold_per_floor":[118,133,133,83,8,28,28,43,43,43,58,58,58,68,68,171,171,188,188,88,88,106,106],"floor_reached":23,"playtime":759,"items_purged":["Decay","Injury"],"score":181,"play_id":"dc72bcc5-987b-4a63-8436-ca8971658faf","local_time":"20190207132817","is_ascension_mode":false,"campfire_choices":[{"data":"Tempest","floor":7,"key":"SMITH"},{"data":"Redo","floor":10,"key":"SMITH"},{"floor":12,"key":"REST"},{"data":"Conserve Battery","floor":15,"key":"SMITH"}],"neow_cost":"NONE","seed_source_timestamp":4578978809346891,"circlet_count":0,"master_deck":["Strike_B","Strike_B","Strike_B","Strike_B","Defend_B+1","Defend_B","Defend_B","Defend_B+1","Zap","Dualcast","Redo+1","Tempest+1","Go for the Eyes","Redo","Conserve Battery+1","Echo Form","Leap","Streamline+1"],"relics":["Calling Bell","War Paint","Cables","Ginger","StoneCalendar","Philosopher\u0027s Stone"],"potions_floor_usage":[16,16,18],"damage_taken":[{"damage":3,"enemies":"Small Slimes","floor":1,"turns":3},{"damage":15,"enemies":"Jaw Worm","floor":2,"turns":4},{"damage":6,"enemies":"Cultist","floor":6,"turns":3},{"damage":0,"enemies":"Looter","floor":8,"turns":3},{"damage":7,"enemies":"Exordium Thugs","floor":11,"turns":3},{"damage":6,"enemies":"2 Fungi Beasts","floor":14,"turns":2},{"damage":15,"enemies":"Hexaghost","floor":16,"turns":9},{"damage":16,"enemies":"Shell Parasite","floor":18,"turns":5},{"damage":21,"enemies":"2 Thieves","floor":22,"turns":4},{"damage":40,"enemies":"Slavers","floor":23,"turns":3}],"seed_played":"-8691835391245373972","potions_obtained":[{"floor":6,"key":"Poison Potion"},{"floor":8,"key":"SkillPotion"},{"floor":11,"key":"EssenceOfSteel"}],"is_trial":false,"path_per_floor":["M","M","?","?","$","M","R","M","T","R","M","R","$","M","R","B",null,"M","?","$","$","M","E"],"character_chosen":"DEFECT","items_purchased":[],"campfire_rested":1,"item_purchase_floors":[],"current_hp_per_floor":[72,57,57,57,57,51,51,51,51,51,44,66,66,60,60,45,75,59,59,59,59,38,0],"gold":106,"neow_bonus":"BOSS_RELIC","is_prod":false,"is_daily":false,"chose_seed":false,"campfire_upgraded":3,"win_rate":0,"timestamp":1549564097,"path_taken":["M","M","?","?","$","M","R","?","T","R","?","R","$","M","R","BOSS","M","?","?","$","M","E"],"build_version":"2019-01-23","purchased_purges":2,"victory":false,"max_hp_per_floor":[75,75,75,75,75,75,75,75,75,75,75,75,75,75,75,75,75,75,75,75,75,75,75],"card_choices":[{"not_picked":["Barrage","Reprogram"],"picked":"Redo","floor":1},{"not_picked":["Conserve Battery","Streamline"],"picked":"Tempest","floor":2},{"not_picked":["Streamline","Compile Driver"],"picked":"Go for the Eyes","floor":6},{"not_picked":["Steam Power","Blizzard"],"picked":"Redo","floor":8},{"not_picked":["Scrape","Doom and Gloom","Recycle"],"picked":"SKIP","floor":11},{"not_picked":["Ball Lightning","Barrage"],"picked":"Conserve Battery","floor":14},{"not_picked":["Machine Learning","Meteor Strike"],"picked":"Echo Form","floor":16},{"not_picked":["Steam","Go for the Eyes"],"picked":"Leap","floor":18},{"not_picked":["Heatsinks","Ball Lightning"],"picked":"Streamline+1","floor":22}],"player_experience":69304,"relics_obtained":[{"floor":0,"key":"War Paint"},{"floor":0,"key":"Cables"},{"floor":0,"key":"Ginger"},{"floor":9,"key":"StoneCalendar"}],"event_choices":[{"damage_healed":0,"gold_gain":0,"player_choice":"Ignored","damage_taken":0,"max_hp_gain":0,"max_hp_loss":0,"event_name":"Liars Game","floor":3,"gold_loss":0},{"cards_removed":["Regret"],"damage_healed":0,"gold_gain":0,"player_choice":"Card Removal","damage_taken":0,"max_hp_gain":0,"max_hp_loss":0,"event_name":"The Cleric","floor":4,"gold_loss":50},{"damage_healed":0,"gold_gain":0,"player_choice":"Ignored","damage_taken":0,"max_hp_gain":0,"max_hp_loss":0,"event_name":"WeMeetAgain","floor":19,"gold_loss":0}],"is_beta":false,"boss_relics":[{"not_picked":["Busted Crown","Eternal Feather"],"picked":"Philosopher\u0027s Stone"}],"items_purged_floors":[5,20],"is_endless":false,"potions_floor_spawned":[6,8,11,14],"killed_by":"Slavers","ascension_level":0}