{"gold_per_floor":[116,66,39,39,55,55,81,81,81,93,105,117,145,157,169,282,294,326,338,350,374,386],"floor_reached":22,"playtime":820,"items_purged":[],"score":225,"play_id":"11fac273-9c07-4268-b6f5-3890f0b15658","local_time":"20180929042207","is_ascension_mode":true,"campfire_choices":[{"data":"Fusion","floor":6,"key":"SMITH"},{"data":"Zap","floor":8,"key":"SMITH"},{"floor":11,"key":"REST"},{"data":"Ball Lightning","floor":15,"key":"SMITH"}],"neow_cost":"","seed_source_timestamp":476980290402934,"circlet_count":0,"master_deck":["Strike_B+1","Defend_B","Defend_B","Defend_B","Defend_B","Zap+1","Dualcast","Ball Lightning+1","Beam Cell+1","Fusion+1","Ball Lightning","Gash","Creative AI","Self Repair","Auto Shields+1"],"relics":["Cracked Core","Emotion Chip","MawBank","Ancient Tea Set","Inserter"],"potions_floor_usage":[16,16,22],"damage_taken":[{"damage":0,"enemies":"2 Louse","floor":1,"turns":2},{"damage":0,"enemies":"Small Slimes","floor":5,"turns":2},{"damage":45,"enemies":"3 Sentries","floor":7,"turns":9},{"damage":0,"enemies":"Jaw Worm","floor":13,"turns":2},{"damage":8,"enemies":"Hexaghost","floor":16,"turns":6},{"damage":34,"enemies":"2 Thieves","floor":18,"turns":4},{"damage":23,"enemies":"Shell Parasite","floor":21,"turns":4},{"damage":18,"enemies":"Snake Plant","floor":22,"turns":2}],"seed_played":"6640055479508740317","potions_obtained":[{"floor":7,"key":"Dexterity Potion"},{"floor":12,"key":"Fire Potion"},{"floor":12,"key":"LiquidBronze"},{"floor":16,"key":"SmokeBomb"}],"is_trial":false,"path_per_floor":["M","?","$","?","M","R","E","R","T","?","R","?","M","?","R","B",null,"M","?","?","M"],"character_chosen":"DEFECT","items_purchased":["Beam Cell"],"campfire_rested":1,"item_purchase_floors":[3],"current_hp_per_floor":[75,75,75,75,75,75,30,30,30,15,37,37,37,37,37,29,64,30,30,30,14,0],"gold":386,"neow_bonus":"","is_prod":false,"is_daily":false,"chose_seed":false,"campfire_upgraded":3,"win_rate":0,"timestamp":1538220127,"path_taken":["M","?","$","?","M","R","E","R","T","?","R","?","?","?","R","BOSS","M","?","?","?","M"],"build_version":"2018-09-27","purchased_purges":0,"victory":false,"max_hp_per_floor":[75,75,75,75,75,75,75,75,75,75,75,75,75,75,75,75,75,75,75,75,75,75],"card_choices":[{"not_picked":["Coolheaded","Redo"],"picked":"Ball Lightning","floor":1},{"not_picked":["Glacier","Conserve Battery"],"picked":"Fusion","floor":5},{"not_picked":["Sunder","Redo"],"picked":"Ball Lightning","floor":7},{"not_picked":["Steam","Sunder"],"picked":"Gash","floor":13},{"not_picked":["Hyperbeam","Rainbow"],"picked":"Creative AI","floor":16},{"not_picked":["Fusion","Sweeping Beam"],"picked":"Self Repair","floor":18},{"not_picked":["Stack","Go for the Eyes"],"picked":"Auto Shields+1","floor":21}],"player_experience":192306,"relics_obtained":[{"floor":7,"key":"Emotion Chip"},{"floor":9,"key":"MawBank"}],"event_choices":[{"event_name":"The Cleric","player_choice":"Card Removal","floor":2,"damage_taken":0},{"event_name":"Living Wall","player_choice":"Forget","floor":4,"damage_taken":0},{"event_name":"Shining Light","player_choice":"Entered Light","floor":10,"damage_taken":0},{"event_name":"The Lab","player_choice":"Got Potions","floor":12,"damage_taken":0},{"event_name":"Dead Adventurer","player_choice":"Searched \u00271\u0027 times","floor":14,"damage_taken":0},{"event_name":"Back to Basics","player_choice":"Elegance","floor":19,"damage_taken":0},{"event_name":"Ghosts","player_choice":"Ignored","floor":20,"damage_taken":0}],"is_beta":false,"boss_relics":[{"not_picked":["Cursed Key","Philosopher\u0027s Stone"],"picked":"Inserter"}],"items_purged_floors":[],"is_endless":false,"potions_floor_spawned":[7,13,16],"killed_by":"Snake Plant","ascension_level":5}