{"gold_per_floor":[115,115,115,115,131,131,165,165,165,177,177,27,38,49,49,126,126,140,140,140,157,169,169,182,182,182,196,230,230,53,73,73,73],"floor_reached":33,"playtime":1130,"items_purged":["Strike_B+1"],"score":569,"play_id":"bf78094b-b820-424d-974d-6a0255bad2f5","local_time":"20190116215746","is_ascension_mode":true,"campfire_choices":[{"data":"Streamline","floor":6,"key":"SMITH"},{"data":"Zap","floor":8,"key":"SMITH"},{"data":"Impatience","floor":15,"key":"SMITH"},{"floor":23,"key":"REST"},{"floor":25,"key":"REST"},{"floor":32,"key":"REST"}],"neow_cost":"NONE","seed_source_timestamp":671312047707545,"circlet_count":0,"master_deck":["AscendersBane","Defend_B+1","Defend_B+1","Defend_B+1","Defend_B+1","Zap+1","Dualcast","Streamline+1","Gash","Melter","FTL","Gash","Impatience+1","Rebound","All For One","Rip and Tear+1","Recycle+1","Multi-Cast+1","Hologram","Self Repair","Conserve Battery","Steam Power+1","Scrape","Stack","Go for the Eyes"],"relics":["Cracked Core","NeowsBlessing","Letter Opener","Dodecahedron","Mummified Hand","Kunai","Astrolabe","MutagenicStrength","Matryoshka","Bag of Marbles"],"potions_floor_usage":[16,24,27],"damage_taken":[{"damage":0,"enemies":"Jaw Worm","floor":1,"turns":1},{"damage":0,"enemies":"Small Slimes","floor":5,"turns":1},{"damage":0,"enemies":"3 Sentries","floor":7,"turns":1},{"damage":3,"enemies":"2 Louse","floor":10,"turns":3},{"damage":10,"enemies":"Blue Slaver","floor":13,"turns":3},{"damage":0,"enemies":"Large Slime","floor":14,"turns":3},{"damage":29,"enemies":"Hexaghost","floor":16,"turns":8},{"damage":6,"enemies":"Chosen","floor":18,"turns":3},{"damage":10,"enemies":"3 Byrds","floor":21,"turns":3},{"damage":26,"enemies":"Sentry and Sphere","floor":22,"turns":4},{"damage":25,"enemies":"Shelled Parasite and Fungi","floor":24,"turns":2},{"damage":2,"enemies":"Centurion and Healer","floor":27,"turns":3},{"damage":34,"enemies":"Book of Stabbing","floor":28,"turns":5},{"damage":0,"enemies":"Snake Plant","floor":31,"turns":1},{"damage":91,"enemies":"Automaton","floor":33,"turns":6}],"seed_played":"-660456477279121908","potions_obtained":[{"floor":1,"key":"Energy Potion"},{"floor":14,"key":"Regen Potion"},{"floor":18,"key":"Fire Potion"},{"floor":28,"key":"SpeedPotion"}],"is_trial":false,"path_per_floor":["M","?","?","T","M","R","E","R","T","M","?","$","M","M","R","B",null,"M","?","?","M","M","R","M","R","T","M","E","?","$","M","R","B"],"character_chosen":"DEFECT","items_purchased":["Gash","Impatience","Scrape","Stack"],"campfire_rested":3,"item_purchase_floors":[12,12,30,30],"current_hp_per_floor":[64,29,52,52,52,52,52,52,52,49,49,49,39,39,39,25,60,54,54,54,44,18,39,21,42,42,47,20,20,20,27,48,0],"gold":73,"neow_bonus":"THREE_ENEMY_KILL","is_prod":false,"is_daily":false,"chose_seed":false,"campfire_upgraded":3,"win_rate":0,"timestamp":1547693866,"path_taken":["M","?","?","?","M","R","E","R","T","M","?","$","M","M","R","BOSS","M","?","?","M","M","R","M","R","T","M","E","?","?","M","R","BOSS"],"build_version":"2019-01-16","purchased_purges":1,"victory":false,"max_hp_per_floor":[71,71,71,71,71,71,71,71,71,71,71,71,71,71,71,71,71,71,71,71,71,71,71,71,71,71,71,71,71,71,71,71,71],"card_choices":[{"not_picked":["Steam Power","Go for the Eyes"],"picked":"Streamline","floor":1},{"not_picked":["Steam Power","Barrage"],"picked":"Gash","floor":5},{"not_picked":["Barrage","Darkness"],"picked":"Melter","floor":7},{"not_picked":["Steam","Genetic Algorithm"],"picked":"FTL","floor":10},{"not_picked":["Sweeping Beam","Cold Snap","Compile Driver"],"picked":"SKIP","floor":13},{"not_picked":["Capacitor","Go for the Eyes"],"picked":"Rebound","floor":14},{"not_picked":["Biased Cognition","Fission"],"picked":"All For One","floor":16},{"not_picked":["Stack","Compile Driver+1"],"picked":"Hologram","floor":18},{"not_picked":["Streamline","Cold Snap","Sweeping Beam"],"picked":"SKIP","floor":21},{"not_picked":["Skim","Leap"],"picked":"Self Repair","floor":22},{"not_picked":["Rainbow","Force Field"],"picked":"Conserve Battery","floor":24},{"not_picked":["Reinforced Body","Conserve Battery","Turbo"],"picked":"SKIP","floor":27},{"not_picked":["Leap","Force Field+1"],"picked":"Steam Power+1","floor":28},{"not_picked":["Recycle","Gash"],"picked":"Go for the Eyes","floor":31}],"player_experience":465019,"relics_obtained":[{"floor":4,"key":"Dodecahedron"},{"floor":7,"key":"Mummified Hand"},{"floor":9,"key":"Kunai"},{"floor":26,"key":"Matryoshka"},{"floor":28,"key":"Bag of Marbles"}],"event_choices":[{"damage_healed":0,"gold_gain":0,"player_choice":"Success","damage_taken":35,"relics_obtained":["Letter Opener"],"max_hp_gain":0,"max_hp_loss":0,"event_name":"Scrap Ooze","floor":2,"gold_loss":0},{"damage_healed":23,"gold_gain":0,"player_choice":"Banana","damage_taken":0,"max_hp_gain":0,"max_hp_loss":0,"event_name":"Big Fish","floor":3,"gold_loss":0},{"damage_healed":0,"gold_gain":0,"player_choice":"Ignored","damage_taken":0,"max_hp_gain":0,"max_hp_loss":0,"event_name":"Golden Idol","floor":11,"gold_loss":0},{"damage_healed":0,"gold_gain":0,"player_choice":"Ignored","damage_taken":0,"max_hp_gain":0,"max_hp_loss":0,"event_name":"Ghosts","floor":19,"gold_loss":0},{"damage_healed":0,"gold_gain":0,"player_choice":"Inject Mutagens","damage_taken":0,"relics_obtained":["MutagenicStrength"],"max_hp_gain":0,"max_hp_loss":0,"event_name":"Drug Dealer","floor":20,"gold_loss":0},{"damage_healed":0,"gold_gain":0,"player_choice":"Simplicity","damage_taken":0,"max_hp_gain":0,"max_hp_loss":0,"event_name":"Back to Basics","floor":29,"gold_loss":0,"cards_upgraded":["Strike_B","Defend_B","Defend_B","Defend_B","Defend_B"]}],"is_beta":true,"boss_relics":[{"not_picked":["White Beast Statue","Inserter"],"picked":"Astrolabe"}],"items_purged_floors":[30],"is_endless":false,"potions_floor_spawned":[1,14,18,22,28],"killed_by":"Automaton","ascension_level":19}