{"gold_per_floor":[119,119,119,137,62,62,82,111,111,138,138,164,164,164,164,266,266,286,298,126,306,324,354,279,279,279,279,78,90,117,135,135,135],"floor_reached":33,"playtime":2070,"items_purged":["Defend_G","Strike_G","Strike_G"],"score":359,"play_id":"3988a18d-3433-45c6-8175-5b861f6ad6c8","local_time":"20190302214855","is_ascension_mode":true,"campfire_choices":[{"data":"Infinite Blades","floor":6,"key":"SMITH"},{"data":"Corpse Explosion","floor":11,"key":"SMITH"},{"data":"Crippling Poison","floor":13,"key":"SMITH"},{"data":"Survivor","floor":15,"key":"SMITH"},{"floor":27,"key":"REST"},{"data":"Accuracy","floor":32,"key":"SMITH"}],"neow_cost":"NONE","seed_source_timestamp":1481803880087953,"circlet_count":0,"master_deck":["Defend_G","Defend_G","Defend_G","Strike_G","Strike_G","Survivor+1","Neutralize+1","Infinite Blades+1","Corpse Explosion+1","Crippling Poison+1","Reflex","Adrenaline","Well Laid Plans","PanicButton","Deadly Poison","Accuracy+1","Flechettes"],"relics":["Ring of the Snake","Singing Bowl","Orichalcum","Pear","Bottled Lightning","PreservedInsect","Philosopher\u0027s Stone","Bag of Preparation","Kunai"],"potions_floor_usage":[8,10,33,33,33],"damage_taken":[{"damage":22,"enemies":"Jaw Worm","floor":1,"turns":8},{"damage":3,"enemies":"2 Louse","floor":4,"turns":4},{"damage":0,"enemies":"Cultist","floor":7,"turns":3},{"damage":17,"enemies":"Gremlin Nob","floor":8,"turns":4},{"damage":10,"enemies":"3 Sentries","floor":10,"turns":3},{"damage":9,"enemies":"Gremlin Nob","floor":12,"turns":4},{"damage":24,"enemies":"The Guardian","floor":16,"turns":9},{"damage":0,"enemies":"Chosen","floor":18,"turns":4},{"damage":6,"enemies":"3 Byrds","floor":19,"turns":2},{"damage":13,"enemies":"Snake Plant","floor":22,"turns":4},{"damage":3,"enemies":"Gremlin Leader","floor":23,"turns":4},{"damage":0,"enemies":"3 Cultists","floor":29,"turns":3},{"damage":11,"enemies":"Snecko","floor":31,"turns":5},{"damage":21,"enemies":"Collector","floor":33,"turns":7}],"seed_played":"6141259727599228791","potions_obtained":[{"floor":1,"key":"GhostInAJar"},{"floor":4,"key":"Strength Potion"},{"floor":8,"key":"Explosive Potion"},{"floor":16,"key":"Explosive Potion"},{"floor":22,"key":"Dexterity Potion"},{"floor":23,"key":"SteroidPotion"}],"is_trial":false,"path_per_floor":["M","?","?","M","$","R","M","E","T","E","R","E","R","?","R","B",null,"M","M","$","?","M","E","?","?","T","R","$","M","T","M","R","B"],"character_chosen":"THE_SILENT","items_purchased":["Well Laid Plans","Accuracy"],"campfire_rested":1,"item_purchase_floors":[20,28],"current_hp_per_floor":[48,53,53,52,52,52,54,37,47,37,37,30,30,30,30,6,91,93,89,89,53,40,39,39,20,20,50,50,52,52,41,41,20],"gold":135,"neow_bonus":"UPGRADE_CARD","is_prod":false,"is_daily":false,"chose_seed":false,"campfire_upgraded":5,"win_rate":0,"timestamp":1551592135,"path_taken":["M","?","?","?","$","R","M","E","T","E","R","E","R","?","R","BOSS","M","M","$","?","?","E","?","?","T","R","$","M","?","M","R","BOSS"],"build_version":"2019-01-23","purchased_purges":3,"victory":false,"max_hp_per_floor":[70,75,75,77,77,77,79,79,89,89,89,91,91,91,91,91,91,93,95,95,95,95,97,97,102,102,102,102,104,104,104,104,104],"card_choices":[{"not_picked":["Acrobatics","Slice"],"picked":"Infinite Blades","floor":1},{"not_picked":["Infinite Blades","Dagger Throw","Dagger Spray"],"picked":"Singing Bowl","floor":4},{"not_picked":["Cloak And Dagger","Blade Dance","Masterful Stab"],"picked":"Singing Bowl","floor":7},{"not_picked":["Acrobatics","Escape Plan"],"picked":"Corpse Explosion","floor":8},{"not_picked":["Escape Plan","Sucker Punch"],"picked":"Crippling Poison","floor":10},{"not_picked":["Flying Knee","Dagger Throw","Prepared"],"picked":"Singing Bowl","floor":12},{"not_picked":["Tools of the Trade","Wraith Form v2"],"picked":"Adrenaline","floor":16},{"not_picked":["Choke","Heel Hook","Deflect"],"picked":"Singing Bowl","floor":18},{"not_picked":["Underhanded Strike","PiercingWail","Outmaneuver"],"picked":"Singing Bowl","floor":19},{"not_picked":["Concentrate","Blade Dance"],"picked":"Deadly Poison","floor":22},{"not_picked":["Eviscerate","Acrobatics","Distraction"],"picked":"Singing Bowl","floor":23},{"not_picked":["Footwork","Predator","Acrobatics"],"picked":"Singing Bowl","floor":29},{"not_picked":["Prepared","Dodge and Roll"],"picked":"Flechettes","floor":31}],"player_experience":185563,"relics_obtained":[{"floor":8,"key":"Orichalcum"},{"floor":9,"key":"Pear"},{"floor":10,"key":"Bottled Lightning"},{"floor":12,"key":"PreservedInsect"},{"floor":23,"key":"Bag of Preparation"},{"floor":26,"key":"Kunai"}],"event_choices":[{"damage_healed":0,"gold_gain":0,"player_choice":"Donut","damage_taken":0,"max_hp_gain":5,"max_hp_loss":0,"event_name":"Big Fish","floor":2,"gold_loss":0},{"damage_healed":0,"gold_gain":0,"player_choice":"Gave Potion","damage_taken":0,"relics_obtained":["Singing Bowl"],"max_hp_gain":0,"max_hp_loss":0,"event_name":"WeMeetAgain","floor":3,"gold_loss":0},{"damage_healed":0,"gold_gain":0,"cards_transformed":["Defend_G"],"player_choice":"Transformed","damage_taken":0,"max_hp_gain":0,"max_hp_loss":0,"event_name":"Transmorgrifier","floor":14,"gold_loss":0,"cards_obtained":["Reflex"]},{"damage_healed":0,"gold_gain":180,"player_choice":"GOLD CARD GOLD ","damage_taken":36,"max_hp_gain":0,"max_hp_loss":0,"event_name":"Knowing Skull","floor":21,"potions_obtained":[],"gold_loss":0,"cards_obtained":["PanicButton"]},{"cards_removed":["Strike_G"],"damage_healed":0,"gold_gain":0,"player_choice":"Gave Gold","damage_taken":0,"max_hp_gain":0,"max_hp_loss":0,"event_name":"Beggar","floor":24,"gold_loss":75},{"damage_healed":0,"gold_gain":0,"player_choice":"Shed Blood","damage_taken":24,"max_hp_gain":5,"max_hp_loss":0,"event_name":"Forgotten Altar","floor":25,"gold_loss":0}],"is_beta":false,"boss_relics":[{"not_picked":["White Beast Statue","Velvet Choker"],"picked":"Philosopher\u0027s Stone"}],"items_purged_floors":[5,20,28],"is_endless":false,"potions_floor_spawned":[1,4,8,16,22,23,31],"killed_by":"Collector","ascension_level":2}