{"gold_per_floor":[15,26,26,43,43,43,75,75,75,0,17,32,45,76,76,175,175,189,203,103,103,123,123,148,177,234,246,276,300,331,362,374,483,495,522,534,331,331,35,135,135,149,149,168,185,204,237,237,237,237,237,237,13,13],"floor_reached":54,"playtime":3245,"items_purged":["Strike_R","Strike_R","Strike_R"],"score":1085,"play_id":"d47030fd-ca38-41a7-bb4f-e9d5eb985297","local_time":"20190211030858","is_ascension_mode":true,"campfire_choices":[{"data":"Bash","floor":6.0,"key":"SMITH"},{"data":"Thunderclap","floor":8.0,"key":"SMITH"},{"data":"Disarm","floor":15.0,"key":"SMITH"},{"data":"Havoc","floor":23.0,"key":"SMITH"},{"data":"Dark Embrace","floor":27.0,"key":"SMITH"},{"data":"Immolate","floor":32.0,"key":"SMITH"},{"floor":41.0,"key":"RECALL"},{"floor":49.0,"key":"REST"},{"floor":52.0,"key":"REST"}],"neow_cost":"NO_GOLD","seed_source_timestamp":361070215245673,"circlet_count":0,"master_deck":["AscendersBane","Strike_R","Defend_R","Defend_R","Defend_R","Defend_R","Bash+1","Sever Soul","Thunderclap+1","Disarm+1","Twin Strike","Inflame","Immolate+1","Spot Weakness","Dark Embrace+1","Battle Trance","Reckless Charge+1","Havoc+1","Disarm","Warcry","Shrug It Off","Wild Strike+1","Corruption","Fiend Fire","Shrug It Off","Flame Barrier","Flash of Steel","Pommel Strike","Pommel Strike+1","Metallicize","True Grit+1","Infernal Blade","Pommel Strike+1","Sentinel"],"special_seed":0,"relics":["Burning Blood","Charon\u0027s Ashes","Champion Belt","Boot","Thread and Needle","Blue Candle","Eternal Feather","MawBank","Bag of Preparation","Fusion Hammer","Shuriken","Lantern","Bag of Marbles","Oddly Smooth Stone"],"potions_floor_usage":[],"damage_taken":[{"damage":4.0,"enemies":"Small Slimes","floor":1.0,"turns":4.0},{"damage":1.0,"enemies":"Cultist","floor":2.0,"turns":3.0},{"damage":2.0,"enemies":"Jaw Worm","floor":4.0,"turns":3.0},{"damage":25.0,"enemies":"3 Sentries","floor":7.0,"turns":6.0},{"damage":0.0,"enemies":"Blue Slaver","floor":11.0,"turns":5.0},{"damage":0.0,"enemies":"Gremlin Gang","floor":12.0,"turns":3.0},{"damage":0.0,"enemies":"Looter","floor":13.0,"turns":3.0},{"damage":16.0,"enemies":"Lagavulin","floor":14.0,"turns":5.0},{"damage":49.0,"enemies":"Hexaghost","floor":16.0,"turns":9.0},{"damage":16.0,"enemies":"Shell Parasite","floor":18.0,"turns":6.0},{"damage":16.0,"enemies":"Chosen","floor":19.0,"turns":5.0},{"damage":19.0,"enemies":"Snecko","floor":22.0,"turns":7.0},{"damage":37.0,"enemies":"Gremlin Leader","floor":24.0,"turns":5.0},{"damage":10.0,"enemies":"Centurion and Healer","floor":25.0,"turns":7.0},{"damage":0.0,"enemies":"Shelled Parasite and Fungi","floor":28.0,"turns":2.0},{"damage":2.0,"enemies":"Snake Plant","floor":29.0,"turns":6.0},{"damage":17.0,"enemies":"Centurion and Healer","floor":30.0,"turns":5.0},{"damage":5.0,"enemies":"3 Cultists","floor":31.0,"turns":4.0},{"damage":31.0,"enemies":"Collector","floor":33.0,"turns":11.0},{"damage":0.0,"enemies":"Orb Walker","floor":35.0,"turns":2.0},{"damage":9.0,"enemies":"3 Shapes","floor":42.0,"turns":3.0},{"damage":48.0,"enemies":"Spire Growth","floor":44.0,"turns":5.0},{"damage":0.0,"enemies":"Maw","floor":45.0,"turns":6.0},{"damage":2.0,"enemies":"Writhing Mass","floor":46.0,"turns":5.0},{"damage":17.0,"enemies":"Nemesis","floor":47.0,"turns":8.0},{"damage":66.0,"enemies":"Time Eater","floor":50.0,"turns":10.0},{"damage":0,"enemies":"Shield and Spear","floor":54,"turns":1}],"seed_played":"-7921302694517651036","potions_obtained":[{"floor":7.0,"key":"BloodPotion"},{"floor":14.0,"key":"Dexterity Potion"},{"floor":16.0,"key":"AttackPotion"},{"floor":21.0,"key":"Block Potion"},{"floor":24.0,"key":"PowerPotion"},{"floor":29.0,"key":"EssenceOfSteel"},{"floor":30.0,"key":"Ancient Potion"},{"floor":31.0,"key":"Block Potion"},{"floor":33.0,"key":"EssenceOfSteel"},{"floor":35.0,"key":"SteroidPotion"},{"floor":45.0,"key":"PowerPotion"}],"is_trial":false,"path_per_floor":["M","M","?","M","?","R","E","R","T","$","M","M","M","E","R","B",null,"M","M","$","?","M","R","E","M","T","R","M","M","M","M","R","B",null,"M","T","$","?","$","?","R","M","T","M","M","M","E","?","R","B",null,"R","$","E"],"character_chosen":"IRONCLAD","items_purchased":["Shrug It Off","Flame Barrier","Flash of Steel","Lantern","Pommel Strike","Oddly Smooth Stone","Sentinel"],"campfire_rested":2,"item_purchase_floors":[37,37,39,39,39,53,53],"current_hp_per_floor":[74,79,79,80,80,80,61,61,61,61,67,73,79,69,69,26,67,57,47,47,47,34,43,12,8,8,20,26,30,19,20,32,7,62,68,68,68,68,68,68,80,77,77,35,41,45,34,34,76,16,64,80,80,80],"gold":13,"neow_bonus":"ONE_RARE_RELIC","is_prod":false,"is_daily":false,"chose_seed":false,"campfire_upgraded":6,"win_rate":0,"timestamp":1549872538,"path_taken":["M","M","?","?","?","R","E","R","T","?","M","M","M","E","R","BOSS","M","M","$","?","M","R","E","M","T","R","M","M","M","M","R","BOSS","M","?","$","?","$","?","R","M","T","?","M","M","E","?","R","BOSS","R","$","E"],"build_version":"2019-01-23","purchased_purges":3,"victory":false,"max_hp_per_floor":[80,80,80,80,80,80,80,80,80,80,80,80,80,80,80,80,80,80,80,80,80,80,80,80,80,80,80,80,80,80,80,80,80,80,80,80,80,80,80,80,80,80,80,80,80,80,80,80,80,80,80,80,80,80],"card_choices":[{"not_picked":["Armaments","Heavy Blade"],"picked":"Flex","floor":1.0},{"not_picked":["Flame Barrier","Thunderclap"],"picked":"Sever Soul","floor":2.0},{"not_picked":["Warcry","Blood for Blood"],"picked":"Thunderclap","floor":4.0},{"not_picked":["Clothesline","Headbutt"],"picked":"Disarm","floor":7.0},{"not_picked":["Shockwave","Perfected Strike"],"picked":"Twin Strike","floor":11.0},{"not_picked":["Armaments","True Grit"],"picked":"Inflame","floor":12.0},{"not_picked":["Evolve","Entrench"],"picked":"Immolate","floor":13.0},{"not_picked":["Iron Wave","Cleave"],"picked":"Spot Weakness","floor":14.0},{"not_picked":["Brutality","Fiend Fire"],"picked":"Dark Embrace","floor":16.0},{"not_picked":["Clothesline","Thunderclap"],"picked":"Battle Trance","floor":18.0},{"not_picked":["Anger","Dropkick"],"picked":"Reckless Charge+1","floor":19.0},{"not_picked":["Cleave","Body Slam"],"picked":"Havoc","floor":22.0},{"not_picked":["Bloodletting","Bludgeon"],"picked":"Disarm","floor":24.0},{"not_picked":["Carnage","Fire Breathing"],"picked":"Warcry","floor":25.0},{"not_picked":["Dual Wield","Headbutt"],"picked":"Shrug It Off","floor":28.0},{"not_picked":["Sword Boomerang","Dual Wield","Havoc"],"picked":"SKIP","floor":29.0},{"not_picked":["Rupture","Clash"],"picked":"Wild Strike+1","floor":30.0},{"not_picked":["Flex","Body Slam+1"],"picked":"Corruption","floor":31.0},{"not_picked":["Impervious","Bludgeon"],"picked":"Fiend Fire","floor":33.0},{"not_picked":["True Grit","Sword Boomerang","Searing Blow"],"picked":"SKIP","floor":35.0},{"not_picked":["Shrug It Off","Armaments"],"picked":"Pommel Strike+1","floor":42.0},{"not_picked":["Infernal Blade","Clash"],"picked":"Metallicize","floor":44.0},{"not_picked":["Sword Boomerang","Fire Breathing"],"picked":"True Grit+1","floor":45.0},{"not_picked":["Searing Blow","Uppercut"],"picked":"Infernal Blade","floor":46.0},{"not_picked":["Feed","Juggernaut"],"picked":"Pommel Strike+1","floor":47.0}],"player_experience":393377,"relics_obtained":[{"floor":7.0,"key":"Boot"},{"floor":9.0,"key":"Thread and Needle"},{"floor":14.0,"key":"Blue Candle"},{"floor":24.0,"key":"MawBank"},{"floor":26.0,"key":"Bag of Preparation"},{"floor":36.0,"key":"Shuriken"},{"floor":47.0,"key":"Bag of Marbles"}],"event_choices":[{"cards_removed":["Strike_R"],"damage_healed":0.0,"max_hp_gain":0.0,"max_hp_loss":0.0,"gold_gain":0.0,"event_name":"Bonfire Elementals","player_choice":"Offered Basic","floor":3.0,"gold_loss":0.0,"damage_taken":0.0},{"cards_removed":["Flex"],"damage_healed":0.0,"max_hp_gain":0.0,"max_hp_loss":0.0,"gold_gain":0.0,"event_name":"WeMeetAgain","player_choice":"Gave Card","floor":5.0,"gold_loss":0.0,"damage_taken":0.0,"relics_obtained":["Champion Belt"]},{"damage_healed":0.0,"max_hp_gain":0.0,"max_hp_loss":0.0,"gold_gain":0.0,"event_name":"Lab","player_choice":"Got Potions","floor":21.0,"gold_loss":0.0,"damage_taken":0.0},{"damage_healed":0.0,"max_hp_gain":0.0,"max_hp_loss":0.0,"gold_gain":0.0,"event_name":"Tomb of Lord Red Mask","player_choice":"Ignored","floor":38.0,"gold_loss":0.0,"damage_taken":0.0},{"damage_healed":0.0,"max_hp_gain":0.0,"max_hp_loss":0.0,"gold_gain":100.0,"event_name":"Golden Shrine","player_choice":"Pray","floor":40.0,"gold_loss":0.0,"damage_taken":0.0},{"damage_healed":0.0,"max_hp_gain":0.0,"max_hp_loss":0.0,"gold_gain":0.0,"event_name":"The Moai Head","player_choice":"Ignored","floor":48.0,"gold_loss":0.0,"damage_taken":0.0}],"is_beta":false,"boss_relics":[{"not_picked":["White Beast Statue","Ectoplasm"],"picked":"Eternal Feather"},{"not_picked":["Velvet Choker","Orrery"],"picked":"Fusion Hammer"}],"items_purged_floors":[10,20,37],"is_endless":false,"potions_floor_spawned":[7,14,16,24,29,30,31,33,35,45],"killed_by":"Shield and Spear","ascension_level":12}