{"gold_per_floor":[12,26,26,41,1,30,30,30,77,93,106,138,138,0,0,79,79,52,62,81,44,44,76,88],"floor_reached":24,"playtime":920,"items_purged":[],"score":477,"play_id":"3b6d2b58-13b1-4a42-8cc0-2a286864804b","local_time":"20181101094113","is_ascension_mode":true,"campfire_choices":[{"floor":8.0,"key":"REST"},{"floor":13.0,"key":"REST"},{"floor":15.0,"key":"REST"}],"neow_cost":"NO_GOLD","seed_source_timestamp":1609261273993373,"circlet_count":0,"master_deck":["Defend_G+1","Defend_G","Defend_G","Defend_G","Defend_G","Strike_G","Strike_G","Strike_G","Strike_G","Strike_G","Survivor+1","Neutralize","AscendersBane","Quick Slash","Caltrops","Noxious Fumes+1","Noxious Fumes","Well Laid Plans","Footwork","Noxious Fumes","Backstab","Footwork","Catalyst"],"special_seed":0,"relics":["Ring of the Snake","Mango","Bag of Preparation","War Paint","Bronze Scales","Pantograph","Busted Crown","MawBank"],"potions_floor_usage":[23,23,24],"damage_taken":[{"damage":2.0,"enemies":"2 Louse","floor":1.0,"turns":3.0},{"damage":0.0,"enemies":"Jaw Worm","floor":2.0,"turns":4.0},{"damage":0.0,"enemies":"Cultist","floor":4.0,"turns":4.0},{"damage":7.0,"enemies":"Looter","floor":5.0,"turns":4.0},{"damage":50.0,"enemies":"Gremlin Nob","floor":6.0,"turns":5.0},{"damage":26.0,"enemies":"Exordium Thugs","floor":10.0,"turns":5.0},{"damage":2.0,"enemies":"Gremlin Gang","floor":11.0,"turns":4.0},{"damage":2.0,"enemies":"Lagavulin","floor":12.0,"turns":5.0},{"damage":36.0,"enemies":"Hexaghost","floor":16.0,"turns":7.0},{"damage":15.0,"enemies":"2 Thieves","floor":18.0,"turns":5.0},{"damage":10.0,"enemies":"Spheric Guardian","floor":19.0,"turns":6.0},{"damage":23.0,"enemies":"Snake Plant","floor":20.0,"turns":4.0},{"damage":25,"enemies":"Gremlin Leader","floor":23,"turns":7},{"damage":11,"enemies":"Shelled Parasite and Fungi","floor":24,"turns":2}],"seed_played":"8389140557203298450","potions_obtained":[{"floor":4.0,"key":"Fruit Juice"},{"floor":6.0,"key":"Strength Potion"},{"floor":10.0,"key":"AttackPotion"},{"floor":18.0,"key":"Poison Potion"},{"floor":20.0,"key":"AttackPotion"},{"floor":23,"key":"AttackPotion"}],"is_trial":false,"path_per_floor":["M","M","?","M","M","E","?","R","T","M","M","E","R","$","R","B",null,"M","M","M","$","?","E"],"character_chosen":"THE_SILENT","items_purchased":["Noxious Fumes","SkillPotion","Footwork"],"campfire_rested":3,"item_purchase_floors":[14,14,21],"current_hp_per_floor":[71,71,66,66,64,14,14,39,39,13,11,9,34,34,59,48,76,61,51,28,28,28,3,0],"gold":88,"neow_bonus":"ONE_RARE_RELIC","is_prod":false,"is_daily":false,"chose_seed":false,"campfire_upgraded":0,"win_rate":0,"timestamp":1541090473,"path_taken":["M","M","?","M","M","E","?","R","T","?","M","E","R","$","R","BOSS","M","M","?","$","?","E","M"],"build_version":"2018-10-25v2","purchased_purges":0,"victory":false,"max_hp_per_floor":[80,80,80,80,85,85,85,85,85,85,85,85,85,85,85,85,85,85,85,85,85,85,85,85],"card_choices":[{"not_picked":["Blade Dance","PiercingWail"],"picked":"Quick Slash","floor":1.0},{"not_picked":["Deadly Poison","All Out Attack"],"picked":"Caltrops","floor":2.0},{"not_picked":["Quick Slash","Poisoned Stab"],"picked":"Noxious Fumes","floor":4.0},{"not_picked":["Crippling Poison","Distraction"],"picked":"Noxious Fumes","floor":5.0},{"not_picked":["Heel Hook","Flechettes","Quick Slash"],"picked":"SKIP","floor":6.0},{"not_picked":["Accuracy","Dagger Throw"],"picked":"Well Laid Plans","floor":10.0},{"not_picked":["Choke","Dagger Throw","Dagger Spray"],"picked":"SKIP","floor":11.0},{"not_picked":["Well Laid Plans","Dash"],"picked":"Footwork","floor":12.0},{"not_picked":["Sucker Punch"],"picked":"SKIP","floor":18.0},{"not_picked":["Expertise"],"picked":"SKIP","floor":19.0},{"not_picked":[],"picked":"Backstab","floor":20.0},{"not_picked":[],"picked":"Catalyst","floor":23}],"player_experience":582702,"relics_obtained":[{"floor":6.0,"key":"War Paint"},{"floor":9.0,"key":"Bronze Scales"},{"floor":12.0,"key":"Pantograph"},{"floor":23,"key":"MawBank"}],"event_choices":[{"damage_healed":0.0,"max_hp_gain":0.0,"max_hp_loss":0.0,"gold_gain":0.0,"event_name":"Scrap Ooze","player_choice":"Success","floor":3.0,"gold_loss":0.0,"damage_taken":5.0,"relics_obtained":["Bag of Preparation"]},{"damage_healed":0.0,"max_hp_gain":0.0,"max_hp_loss":0.0,"gold_gain":0.0,"event_name":"Living Wall","player_choice":"Grow","floor":7.0,"gold_loss":0.0,"damage_taken":0.0,"cards_upgraded":["Noxious Fumes"]},{"damage_healed":0.0,"max_hp_gain":0.0,"max_hp_loss":0.0,"gold_gain":0.0,"event_name":"Vampires","player_choice":"Ignored","floor":22.0,"gold_loss":0.0,"damage_taken":0.0}],"is_beta":false,"boss_relics":[{"not_picked":["Empty Cage","Black Star"],"picked":"Busted Crown"}],"items_purged_floors":[],"is_endless":false,"potions_floor_spawned":[4,6,10,18,20,23],"killed_by":"Shelled Parasite and Fungi","ascension_level":20}