{"gold_per_floor":[119,138,153,153,172,203,1,76,76,26,26,26,52,66,66,167,167,185,205,240,254,274,274,300,300,300,314,314,15,15,28,28,129,129,140,140,158,208,223,253,268,268,268,268,268,0,30,30],"floor_reached":49,"playtime":5944,"items_purged":["Strike_B","Regret","Defend_B"],"score":1170,"play_id":"f00f7956-e7d3-4df7-a8ac-2117d07c138f","local_time":"20190305024752","is_ascension_mode":false,"campfire_choices":[{"data":"Creative AI","floor":12,"key":"SMITH"},{"data":"Reboot","floor":15,"key":"SMITH"},{"floor":23,"key":"RECALL"},{"data":"Reprogram","floor":25,"key":"SMITH"},{"data":"Reboot","floor":32,"key":"SMITH"},{"data":"Echo Form","floor":45,"key":"SMITH"}],"neow_cost":"NONE","seed_source_timestamp":18124056011045,"circlet_count":0,"master_deck":["Defend_B","Zap","Dualcast","Coolheaded","Cold Snap","Force Field","Creative AI+1","Turbo","Doom and Gloom","Meteor Strike","Hologram","Reboot+1","Hologram","Core Surge","Self Repair","Sweeping Beam+1","Storm+1","Ball Lightning+1","Reboot+1","Reprogram+1","Rebound","Tempest","BootSequence+1","Echo Form+1","Decay","Glacier+1","Reinforced Body+1","Turbo+1","Secret Technique","Defragment","Recycle","Reinforced Body+1","Hologram","Storm+1","Storm+1","Storm+1"],"relics":["Cracked Core","NeowsBlessing","Incense Burner","Sundial","Meat on the Bone","Gambling Chip","Snecko Eye","Red Mask","Dodecahedron","Mummified Hand","Toolbox","Astrolabe","Prayer Wheel","Frozen Egg 2","Bronze Scales"],"potions_floor_usage":[16,16,20,33,43,48,48,48],"damage_taken":[{"damage":0,"enemies":"Small Slimes","floor":1,"turns":1},{"damage":0,"enemies":"Jaw Worm","floor":2,"turns":1},{"damage":0,"enemies":"2 Louse","floor":3,"turns":1},{"damage":14,"enemies":"Large Slime","floor":5,"turns":9},{"damage":18,"enemies":"Lagavulin","floor":6,"turns":7},{"damage":7,"enemies":"3 Sentries","floor":13,"turns":3},{"damage":0,"enemies":"Blue Slaver","floor":14,"turns":2},{"damage":25,"enemies":"Hexaghost","floor":16,"turns":11},{"damage":0,"enemies":"Shell Parasite","floor":18,"turns":3},{"damage":12,"enemies":"3 Byrds","floor":19,"turns":3},{"damage":0,"enemies":"Masked Bandits","floor":20,"turns":3},{"damage":14,"enemies":"Sentry and Sphere","floor":21,"turns":4},{"damage":1,"enemies":"Snake Plant","floor":22,"turns":2},{"damage":6,"enemies":"Book of Stabbing","floor":24,"turns":6},{"damage":21,"enemies":"Snecko","floor":27,"turns":5},{"damage":0,"enemies":"Sentry and Sphere","floor":31,"turns":2},{"damage":24,"enemies":"Champ","floor":33,"turns":8},{"damage":0,"enemies":"3 Darklings","floor":35,"turns":2},{"damage":2,"enemies":"3 Shapes","floor":37,"turns":2},{"damage":0,"enemies":"2 Orb Walkers","floor":38,"turns":4},{"damage":0,"enemies":"Jaw Worm Horde","floor":39,"turns":3},{"damage":0,"enemies":"Giant Head","floor":40,"turns":6},{"damage":13,"enemies":"Maw","floor":41,"turns":6},{"damage":1,"enemies":"Time Eater","floor":43,"turns":6},{"damage":32,"enemies":"Shield and Spear","floor":47,"turns":6},{"damage":29,"enemies":"The Heart","floor":48,"turns":5}],"seed_played":"-5747265785506769476","potions_obtained":[{"floor":3,"key":"Swift Potion"},{"floor":14,"key":"SkillPotion"},{"floor":16,"key":"Ancient Potion"},{"floor":18,"key":"Fire Potion"},{"floor":21,"key":"Block Potion"},{"floor":22,"key":"Energy Potion"},{"floor":35,"key":"SteroidPotion"}],"is_trial":false,"path_per_floor":["M","M","M","?","M","E","$","?","T","?","?","R","E","M","R","B",null,"M","M","?","M","M","R","E","R","T","M","?","$","?","M","R","B",null,"M","?","M","?","M","E","M","?","B",null,"R","$","E","B",null],"character_chosen":"DEFECT","items_purchased":["Meteor Strike","Hologram","Toolbox","Storm+1","FocusPotion"],"campfire_rested":0,"item_purchase_floors":[7,7,29,46,46],"current_hp_per_floor":[75,75,75,75,61,43,43,32,32,32,32,32,37,49,49,36,75,75,63,63,49,48,48,49,49,49,47,47,47,47,54,54,49,72,72,72,72,72,72,72,59,59,68,72,72,72,47,37],"gold":30,"neow_bonus":"THREE_ENEMY_KILL","is_prod":false,"is_daily":false,"chose_seed":false,"campfire_upgraded":5,"win_rate":0,"timestamp":1551721672,"path_taken":["M","M","M","?","M","E","$","?","T","?","?","R","E","M","R","BOSS","M","M","?","M","M","R","E","R","T","M","?","$","?","M","R","BOSS","M","?","M","?","M","E","?","?","BOSS","R","$","E","BOSS"],"build_version":"2019-01-23","purchased_purges":3,"victory":true,"max_hp_per_floor":[75,75,75,75,75,75,75,75,75,75,75,75,75,75,75,75,75,75,75,75,75,75,75,75,75,75,75,75,75,75,75,75,75,72,72,72,72,72,72,72,72,72,72,72,72,72,72,72],"card_choices":[{"not_picked":["Barrage","Compile Driver"],"picked":"Coolheaded","floor":1},{"not_picked":["Gash","Hello World"],"picked":"Cold Snap","floor":2},{"not_picked":["Turbo","Gash"],"picked":"Force Field","floor":3},{"not_picked":["Steam","Sweeping Beam"],"picked":"Turbo","floor":5},{"not_picked":["Sweeping Beam","Steam"],"picked":"Doom and Gloom","floor":6},{"not_picked":["Auto Shields","Compile Driver"],"picked":"Reboot","floor":13},{"not_picked":["Lockon","Streamline"],"picked":"Hologram","floor":14},{"not_picked":["Hyperbeam","Machine Learning"],"picked":"Core Surge","floor":16},{"not_picked":["Cold Snap","Scrape+1"],"picked":"Self Repair","floor":18},{"not_picked":["Stack","Chill"],"picked":"Sweeping Beam+1","floor":19},{"not_picked":["Auto Shields","Undo"],"picked":"Storm+1","floor":20},{"not_picked":["Cold Snap+1","Compile Driver+1"],"picked":"Ball Lightning+1","floor":21},{"not_picked":["Rebound","Coolheaded+1"],"picked":"Reboot","floor":22},{"not_picked":["Gash","Creative AI"],"picked":"Reprogram","floor":24},{"not_picked":["Sweeping Beam","Cold Snap"],"picked":"Rebound","floor":27},{"not_picked":["Undo","Gash"],"picked":"BootSequence+1","floor":31},{"not_picked":["Thunder Strike","Multi-Cast"],"picked":"Echo Form","floor":33},{"not_picked":["Rebound","Steam+1"],"picked":"Turbo+1","floor":35},{"not_picked":["Trip","Finesse"],"picked":"Secret Technique","floor":36},{"not_picked":["Self Repair","Leap"],"picked":"Defragment","floor":37},{"not_picked":["Tempest+1","Steam Power"],"picked":"Recycle","floor":39},{"not_picked":["Chill","Turbo+1"],"picked":"Reinforced Body+1","floor":39},{"not_picked":["Compile Driver","Machine Learning"],"picked":"Hologram","floor":40},{"not_picked":["Turbo+1","Auto Shields+1"],"picked":"Storm+1","floor":41},{"not_picked":["Compile Driver+1","Genetic Algorithm+1","Barrage"],"picked":"SKIP","floor":41},{"not_picked":["Stack+1","Coolheaded+1"],"picked":"Storm+1","floor":47}],"player_experience":74756,"relics_obtained":[{"floor":6,"key":"Incense Burner"},{"floor":9,"key":"Sundial"},{"floor":13,"key":"Gambling Chip"},{"floor":20,"key":"Red Mask"},{"floor":24,"key":"Dodecahedron"},{"floor":38,"key":"Prayer Wheel"},{"floor":40,"key":"Frozen Egg 2"},{"floor":47,"key":"Bronze Scales"}],"event_choices":[{"damage_healed":0,"gold_gain":0,"cards_transformed":["Strike_B"],"player_choice":"Change","damage_taken":0,"max_hp_gain":0,"max_hp_loss":0,"event_name":"Living Wall","floor":4,"gold_loss":0,"cards_obtained":["Creative AI"]},{"damage_healed":0,"gold_gain":75,"player_choice":"Gather Gold","damage_taken":11,"max_hp_gain":0,"max_hp_loss":0,"event_name":"World of Goop","floor":8,"gold_loss":0},{"cards_removed":["Strike_B"],"damage_healed":0,"gold_gain":0,"player_choice":"Card Removal","damage_taken":0,"max_hp_gain":0,"max_hp_loss":0,"event_name":"The Cleric","floor":10,"gold_loss":50},{"damage_healed":0,"gold_gain":0,"player_choice":"Box","damage_taken":0,"relics_obtained":["Meat on the Bone"],"max_hp_gain":0,"max_hp_loss":0,"event_name":"Big Fish","floor":11,"gold_loss":0,"cards_obtained":["Regret"]},{"damage_healed":0,"gold_gain":0,"player_choice":"Fought Bandits","damage_taken":0,"max_hp_gain":0,"max_hp_loss":0,"event_name":"Masked Bandits","floor":20,"gold_loss":0},{"damage_healed":0,"gold_gain":0,"player_choice":"Stole Relic","damage_taken":0,"relics_obtained":["Mummified Hand"],"max_hp_gain":0,"max_hp_loss":0,"event_name":"Addict","floor":28,"gold_loss":0,"cards_obtained":["Shame"]},{"damage_healed":0,"gold_gain":0,"cards_transformed":["Strike_B","Shame"],"player_choice":"Became Test Subject","damage_taken":0,"max_hp_gain":0,"max_hp_loss":0,"event_name":"Drug Dealer","floor":30,"gold_loss":0,"cards_obtained":["Tempest","Parasite"]},{"damage_healed":0,"gold_gain":0,"player_choice":"Memory 1","damage_taken":0,"max_hp_gain":0,"max_hp_loss":0,"event_name":"SensoryStone","floor":36,"gold_loss":0},{"damage_healed":0,"gold_gain":0,"player_choice":"Fight","damage_taken":0,"max_hp_gain":0,"max_hp_loss":0,"event_name":"Mysterious Sphere","floor":38,"gold_loss":0},{"damage_healed":0,"gold_gain":0,"player_choice":"Took Portal","damage_taken":0,"max_hp_gain":0,"max_hp_loss":0,"event_name":"SecretPortal","floor":42,"gold_loss":0}],"is_beta":false,"boss_relics":[{"not_picked":["Empty Cage","Philosopher\u0027s Stone"],"picked":"Snecko Eye"},{"not_picked":["Cursed Key","Tiny House"],"picked":"Astrolabe"}],"items_purged_floors":[7,29,46],"is_endless":false,"potions_floor_spawned":[3,14,16,18,21,22,31,35,40],"ascension_level":0}