{"path_per_floor":["M","M","?","M","M","R","T","$","T","M","M","$","E","M","R","B",null,"M","?","?","?","M","M","M","M","T","M"],"character_chosen":"THE_SILENT","items_purchased":["Bouncing Flask","Deadly Poison"],"gold_per_floor":[112,129,129,148,161,161,161,18,18,29,39,15,47,60,60,165,165,178,178,178,178,196,212,232,243,243,260],"floor_reached":28,"campfire_rested":0,"playtime":1271,"current_hp_per_floor":[70,66,66,65,42,42,42,42,42,40,32,32,35,35,35,14,70,56,56,56,56,56,54,53,30,30,12],"items_purged":["Strike_G"],"gold":260,"score":271,"play_id":"fab4e818-4ef7-44d4-a5a7-6a39b5e4fb4f","is_prod":false,"is_daily":false,"is_ascension_mode":true,"campfire_upgraded":2,"path_taken":["M","M","?","?","M","R","?","$","T","?","M","?","E","?","R","BOSS","M","?","?","?","M","M","M","M","T","M","M"],"build_version":"2018-02-08-PROD1","purchased_purges":1,"victory":false,"master_deck":["Defend_G","Defend_G","Defend_G","Defend_G","Defend_G","Strike_G","Strike_G","Strike_G","Strike_G","Survivor","Neutralize+1","Dagger Throw","Outmaneuver","Predator","Dagger Spray+1","Bouncing Flask+1","Dodge and Roll","Caltrops","Deadly Poison","PiercingWail","Flying Knee","Corpse Explosion","Neutralize","Noxious Fumes","Acrobatics+1","Dagger Throw+1"],"max_hp_per_floor":[70,70,70,70,70,70,70,70,70,70,70,70,70,70,70,70,70,70,70,70,70,70,70,70,70,70,70],"relics":["Runic Pyramid","Torii","Unceasing Top","Thread and Needle","The Specimen","Ice Cream"],"card_choices":[{"not_picked":["Backstab","Choke"],"picked":"Dagger Throw"},{"not_picked":["All Out Attack","Finisher"],"picked":"Outmaneuver"},{"not_picked":["Endless Agony","Bane"],"picked":"Predator"},{"not_picked":["Quick Slash","Bane"],"picked":"Dagger Spray"},{"not_picked":["Grand Finale","Slice"],"picked":"Dodge and Roll"},{"not_picked":["Well Laid Plans","Bane"],"picked":"Caltrops"},{"not_picked":["Slice","Crippling Poison"],"picked":"PiercingWail"},{"not_picked":["Outmaneuver","Prepared"],"picked":"Flying Knee"},{"not_picked":["Grand Finale","Envenom"],"picked":"Corpse Explosion"},{"not_picked":["Cloak And Dagger","Deadly Poison"],"picked":"Acrobatics"},{"not_picked":["Caltrops","Slice"],"picked":"Dagger Throw"}],"player_experience":183797,"potions_floor_usage":[13,13,24,27,27],"damage_taken":[{"damage":0,"enemies":"Small Slimes","floor":1,"turns":4},{"damage":4,"enemies":"Blue Slaver","floor":2,"turns":5},{"damage":1,"enemies":"Cultist","floor":4,"turns":5},{"damage":23,"enemies":"Gremlin Gang","floor":5,"turns":6},{"damage":2,"enemies":"Looter","floor":10,"turns":3},{"damage":8,"enemies":"Lots of Slimes","floor":11,"turns":5},{"damage":12,"enemies":"3 Sentries","floor":13,"turns":5},{"damage":0,"enemies":"Large Slime","floor":14,"turns":5},{"damage":21,"enemies":"Hexaghost","floor":16,"turns":8},{"damage":14,"enemies":"3 Byrds","floor":18,"turns":4},{"damage":0,"enemies":"Chosen","floor":22,"turns":5},{"damage":2,"enemies":"Snake Plant","floor":23,"turns":5},{"damage":1,"enemies":"Sentry and Sphere","floor":24,"turns":5},{"damage":23,"enemies":"Snecko","floor":25,"turns":5},{"damage":18,"enemies":"Cultist and Chosen","floor":27,"turns":6},{"damage":19,"enemies":"Chosen and Byrds","floor":28,"turns":3}],"event_choices":[{"event_name":"Upgrade Shrine","player_choice":"Upgraded","floor":3,"damage_taken":0},{"event_name":"Match and Keep!","player_choice":"1 cards matched","floor":19,"damage_taken":0},{"event_name":"The Library","player_choice":"Read","floor":20,"damage_taken":0},{"event_name":"Vampires","player_choice":"Ignored","floor":21,"damage_taken":0}],"boss_relics":[{"not_picked":["Eternal Feather","Black Star"],"picked":"The Specimen"}],"potions_floor_spawned":[1,5,11,18,23],"seed_played":"7241020953903343596","killed_by":"Chosen and Byrds","ascension_level":4,"is_trial":false}