{"gold_per_floor":[117,134,134,31,31,31,46,46,100,120,137,137,87,61,61,161,161,175,33,52,52,62,62,62,62,115,115,115,127,127,146,146,245,245,262,274,40,53,53,53,68,68,68,68,87,87],"floor_reached":46,"playtime":2052,"items_purged":["Strike_G"],"score":577,"play_id":"d8b956f4-15cf-4539-bed6-407a444fe70c","local_time":"20190130190011","is_ascension_mode":true,"campfire_choices":[{"data":"Neutralize","floor":6,"key":"SMITH"},{"data":"Cloak And Dagger","floor":15,"key":"SMITH"},{"data":"Noxious Fumes","floor":23,"key":"SMITH"},{"data":"Noxious Fumes","floor":25,"key":"SMITH"},{"data":"Noxious Fumes","floor":32,"key":"SMITH"},{"data":"Malaise","floor":40,"key":"SMITH"},{"floor":42,"key":"REST"},{"floor":44,"key":"REST"}],"neow_cost":"NONE","seed_source_timestamp":354318263001385,"circlet_count":0,"master_deck":["Defend_G+1","Defend_G+1","Defend_G+1","Defend_G+1","Defend_G+1","Strike_G+1","Strike_G+1","Survivor","Neutralize+1","Envenom+1","Noxious Fumes+1","Sucker Punch","Noxious Fumes+1","Deflect","All Out Attack","PiercingWail","Noxious Fumes+1","Cloak And Dagger+1","Adrenaline","Leg Sweep","Malaise+1","Cloak And Dagger+1","Leg Sweep","Bane+1"],"relics":["Ring of the Snake","Orichalcum","Sozu","Nilry\u0027s Codex","Bag of Preparation","Strawberry","Snake Skull","Bronze Scales"],"potions_floor_usage":[22,33,35],"damage_taken":[{"damage":0,"enemies":"2 Louse","floor":1,"turns":2},{"damage":0,"enemies":"Small Slimes","floor":2,"turns":5},{"damage":0,"enemies":"Cultist","floor":7,"turns":4},{"damage":5,"enemies":"Gremlin Gang","floor":10,"turns":5},{"damage":7,"enemies":"2 Fungi Beasts","floor":11,"turns":4},{"damage":5,"enemies":"Exordium Thugs","floor":14,"turns":5},{"damage":13,"enemies":"Hexaghost","floor":16,"turns":10},{"damage":5,"enemies":"Shell Parasite","floor":18,"turns":6},{"damage":8,"enemies":"Spheric Guardian","floor":20,"turns":5},{"damage":4,"enemies":"Cultist and Chosen","floor":22,"turns":7},{"damage":7,"enemies":"Snake Plant","floor":29,"turns":5},{"damage":10,"enemies":"Centurion and Healer","floor":31,"turns":6},{"damage":7,"enemies":"Champ","floor":33,"turns":12},{"damage":32,"enemies":"3 Darklings","floor":35,"turns":5},{"damage":9,"enemies":"Orb Walker","floor":36,"turns":5},{"damage":13,"enemies":"Sphere and 2 Shapes","floor":38,"turns":5},{"damage":14,"enemies":"Spire Growth","floor":41,"turns":7},{"damage":49,"enemies":"Transient","floor":45,"turns":5},{"damage":4,"enemies":"4 Shapes","floor":46,"turns":2}],"seed_played":"-2752728117708437410","potions_obtained":[{"floor":1,"key":"Ancient Potion"},{"floor":11,"key":"Regen Potion"},{"floor":14,"key":"Swift Potion"},{"floor":16,"key":"GhostInAJar"}],"is_trial":false,"path_per_floor":["M","M","?","$","?","R","M","$","T","M","M","?","?","M","R","B",null,"M","$","M","?","M","R","?","R","T","?","?","M","?","M","R","B",null,"M","M","$","M","?","R","M","R","T","R","M","M"],"character_chosen":"THE_SILENT","items_purchased":["Noxious Fumes","Deflect","Leg Sweep","Snake Skull","Leg Sweep"],"campfire_rested":2,"item_purchase_floors":[4,4,19,37,37],"current_hp_per_floor":[63,63,63,63,68,68,68,68,68,63,56,49,49,44,44,31,64,59,59,51,35,31,31,31,31,31,38,65,58,58,48,48,41,72,40,31,31,18,18,18,4,28,28,52,3,0],"gold":87,"neow_bonus":"ONE_RANDOM_RARE_CARD","is_prod":false,"is_daily":false,"chose_seed":false,"campfire_upgraded":6,"win_rate":0,"timestamp":1548835211,"path_taken":["M","M","?","$","?","R","M","$","T","M","M","?","?","M","R","BOSS","M","$","M","?","M","R","?","R","T","?","?","M","?","M","R","BOSS","M","M","$","M","?","R","M","R","T","R","M","M"],"build_version":"2019-01-23","purchased_purges":1,"victory":false,"max_hp_per_floor":[70,70,70,70,75,75,75,75,75,75,75,75,75,75,75,75,75,75,75,75,75,75,75,75,75,75,82,82,82,82,82,82,82,82,82,82,82,82,82,82,82,82,82,82,82,82],"card_choices":[{"not_picked":["Acrobatics","Distraction"],"picked":"Noxious Fumes","floor":1},{"not_picked":["Slice","Flechettes"],"picked":"Sucker Punch","floor":2},{"not_picked":["Slice","Flying Knee"],"picked":"All Out Attack","floor":7},{"not_picked":["Quick Slash","Flying Knee"],"picked":"PiercingWail","floor":10},{"not_picked":["Choke","All Out Attack"],"picked":"Noxious Fumes","floor":11},{"not_picked":["Dagger Throw","Underhanded Strike"],"picked":"Cloak And Dagger","floor":14},{"not_picked":["Envenom","Burst"],"picked":"Adrenaline","floor":16},{"not_picked":["Dagger Throw","Flying Knee","Expertise"],"picked":"SKIP","floor":18},{"not_picked":["Prepared","Flying Knee","Choke"],"picked":"SKIP","floor":20},{"not_picked":["PiercingWail","Reflex+1","Acrobatics"],"picked":"SKIP","floor":22},{"not_picked":["Deflect","Dagger Spray+1","Prepared"],"picked":"SKIP","floor":29},{"not_picked":["Slice","Unload","Underhanded Strike"],"picked":"SKIP","floor":31},{"not_picked":["Envenom","Night Terror"],"picked":"Malaise","floor":33},{"not_picked":["Slice","Flying Knee+1","Calculated Gamble+1"],"picked":"SKIP","floor":35},{"not_picked":["Underhanded Strike+1","Slice+1"],"picked":"Cloak And Dagger+1","floor":36},{"not_picked":["Tactician","Backflip","Infinite Blades"],"picked":"SKIP","floor":38},{"not_picked":["Sucker Punch+1","Dagger Spray+1"],"picked":"Bane+1","floor":41},{"not_picked":["Poisoned Stab","Finisher+1","Blade Dance+1"],"picked":"SKIP","floor":45}],"player_experience":681390,"relics_obtained":[{"floor":9,"key":"Orichalcum"},{"floor":21,"key":"Nilry\u0027s Codex"},{"floor":26,"key":"Bag of Preparation"},{"floor":43,"key":"Bronze Scales"}],"event_choices":[{"damage_healed":0,"gold_gain":0,"player_choice":"Grow","damage_taken":0,"max_hp_gain":0,"max_hp_loss":0,"event_name":"Living Wall","floor":3,"gold_loss":0,"cards_upgraded":["Envenom"]},{"damage_healed":0,"gold_gain":0,"player_choice":"Donut","damage_taken":0,"max_hp_gain":5,"max_hp_loss":0,"event_name":"Big Fish","floor":5,"gold_loss":0},{"cards_removed":["Strike_G"],"damage_healed":0,"gold_gain":0,"player_choice":"Card Removal","damage_taken":7,"max_hp_gain":0,"max_hp_loss":0,"event_name":"Golden Wing","floor":12,"gold_loss":0},{"cards_removed":["Strike_G"],"damage_healed":0,"gold_gain":0,"player_choice":"Card Removal","damage_taken":0,"max_hp_gain":0,"max_hp_loss":0,"event_name":"The Cleric","floor":13,"gold_loss":50},{"damage_healed":0,"gold_gain":0,"player_choice":"Obtained Book","damage_taken":16,"max_hp_gain":0,"max_hp_loss":0,"event_name":"Cursed Tome","floor":21,"gold_loss":0},{"damage_healed":0,"gold_gain":0,"player_choice":"Simplicity","damage_taken":0,"max_hp_gain":0,"max_hp_loss":0,"event_name":"Back to Basics","floor":24,"gold_loss":0,"cards_upgraded":["Defend_G","Defend_G","Defend_G","Defend_G","Defend_G","Strike_G","Strike_G"]},{"damage_healed":0,"gold_gain":0,"player_choice":"Opened","damage_taken":0,"relics_obtained":["Strawberry"],"max_hp_gain":0,"max_hp_loss":0,"event_name":"The Mausoleum","floor":27,"gold_loss":0,"cards_obtained":["Writhe"]},{"damage_healed":27,"gold_gain":0,"player_choice":"Heal","damage_taken":0,"max_hp_gain":0,"max_hp_loss":0,"event_name":"The Library","floor":28,"gold_loss":0},{"damage_healed":0,"gold_gain":0,"player_choice":"Ignored","damage_taken":0,"max_hp_gain":0,"max_hp_loss":0,"event_name":"Ghosts","floor":30,"gold_loss":0},{"cards_removed":["Writhe"],"damage_healed":0,"gold_gain":0,"player_choice":"Removed Curses","damage_taken":0,"max_hp_gain":0,"max_hp_loss":0,"event_name":"Fountain of Cleansing","floor":39,"gold_loss":0}],"is_beta":false,"boss_relics":[{"not_picked":["Black Star","Coffee Dripper"],"picked":"Sozu"},{"not_picked":["Snecko Eye","Cursed Key","Runic Pyramid"]}],"items_purged_floors":[19],"is_endless":false,"potions_floor_spawned":[1,11,14,16,29,31,33,36,45],"killed_by":"4 Shapes","ascension_level":8}