{"gold_per_floor":[17,30,92,6,20,47,47,109,109,121,137,137,199,249,249,353,353,373,522,572,141,116,144,154,165,165,184,184],"floor_reached":28,"playtime":2331,"items_purged":["Streamline"],"score":242,"play_id":"4eb6815d-f25f-4b08-9770-96a6fa5913dc","local_time":"20190306170356","is_ascension_mode":false,"campfire_choices":[{"floor":12.0,"key":"REST"},{"floor":15.0,"key":"REST"}],"neow_cost":"NO_GOLD","seed_source_timestamp":0,"circlet_count":0,"master_deck":["Strike_B","Defend_B","Defend_B","Defend_B","Defend_B","Zap","Dualcast","Hyperbeam","Coolheaded","Go for the Eyes","Defragment","Conserve Battery","Beam Cell","Hologram","Go for the Eyes","Rebound","Turbo","Multi-Cast","Static Discharge+1","Rip and Tear+1","Thunder Strike+1","Streamline+1","Capacitor","Tempest","Sunder+1","Redo+1","Heatsinks+1","White Noise"],"special_seed":0,"relics":["Cracked Core","Omamori","SsserpentHead","Dream Catcher","WarpedTongs","Astrolabe","Question Card","Toy Ornithopter","Thread and Needle","Mummified Hand"],"potions_floor_usage":[23,24],"damage_taken":[{"damage":3.0,"enemies":"Small Slimes","floor":1.0,"turns":3.0},{"damage":0.0,"enemies":"Jaw Worm","floor":2.0,"turns":4.0},{"damage":1.0,"enemies":"Cultist","floor":5.0,"turns":3.0},{"damage":21.0,"enemies":"Lagavulin","floor":6.0,"turns":5.0},{"damage":30.0,"enemies":"Gremlin Gang","floor":8.0,"turns":5.0},{"damage":12.0,"enemies":"Blue Slaver","floor":10.0,"turns":4.0},{"damage":1.0,"enemies":"Red Slaver","floor":11.0,"turns":4.0},{"damage":9.0,"enemies":"2 Fungi Beasts","floor":13.0,"turns":3.0},{"damage":17.0,"enemies":"The Guardian","floor":16.0,"turns":7.0},{"damage":14,"enemies":"Shell Parasite","floor":18,"turns":5},{"damage":8,"enemies":"Gremlin Leader","floor":23,"turns":6},{"damage":13,"enemies":"2 Thieves","floor":24,"turns":2},{"damage":16,"enemies":"Shelled Parasite and Fungi","floor":25,"turns":3},{"damage":20,"enemies":"Chosen and Byrds","floor":27,"turns":4},{"damage":18,"enemies":"Snake Plant","floor":28,"turns":2}],"seed_played":"-5676740143400653684","potions_obtained":[{"floor":2.0,"key":"Regen Potion"},{"floor":5.0,"key":"Fire Potion"},{"floor":6.0,"key":"SkillPotion"},{"floor":18,"key":"Weak Potion"}],"is_trial":false,"path_per_floor":["?","?","M","M","?","?","?","?"],"character_chosen":"DEFECT","items_purchased":["Defragment","Explosive Potion","Capacitor","Tempest","Toy Ornithopter"],"campfire_rested":2,"item_purchase_floors":[4,4,21,21,21],"current_hp_per_floor":[72,72,72,72,71,50,50,20,20,8,7,29,20,20,42,39,75,61,61,61,61,61,58,50,34,34,14,0],"gold":184,"neow_bonus":"THREE_RARE_CARDS","is_prod":false,"is_daily":false,"chose_seed":false,"campfire_upgraded":0,"win_rate":0.0,"timestamp":1551888236,"path_taken":["M","M","?","$","M","E","?","?","T","M","M","R","?","?","R","BOSS","M","?","?","$","?","E","M","M","T","M","M"],"build_version":"2019-01-23","purchased_purges":1,"victory":false,"max_hp_per_floor":[75,75,75,75,75,75,75,75,75,75,75,75,75,75,75,75,75,75,75,75,75,75,75,75,75,75,75,75],"card_choices":[{"not_picked":["Fission","Seek"],"picked":"Hyperbeam","floor":0.0},{"not_picked":["Beam Cell","Undo"],"picked":"Coolheaded","floor":1.0},{"not_picked":["Conserve Battery","Melter"],"picked":"Go for the Eyes","floor":2.0},{"not_picked":["Coolheaded","Ball Lightning"],"picked":"Streamline","floor":5.0},{"not_picked":["Double Energy","Thunder Strike"],"picked":"Streamline","floor":6.0},{"not_picked":["Chill","Hello World"],"picked":"Conserve Battery","floor":8.0},{"not_picked":["Redo","Force Field"],"picked":"Beam Cell","floor":10.0},{"not_picked":["Conserve Battery","Redo"],"picked":"Hologram","floor":11.0},{"not_picked":["Coolheaded","Rebound"],"picked":"Go for the Eyes","floor":12.0},{"not_picked":["Aggregate","Streamline"],"picked":"Rebound","floor":13.0},{"not_picked":["Consume","Rebound"],"picked":"Turbo","floor":15.0},{"not_picked":["Seek","Creative AI"],"picked":"Multi-Cast","floor":16.0},{"not_picked":["Beam Cell+1","Steam"],"picked":"Streamline+1","floor":18},{"not_picked":["Skim","Coolheaded","Steam Power"],"picked":"Sunder+1","floor":23},{"not_picked":["Gash","Fusion+1","Cold Snap"],"picked":"Redo+1","floor":24},{"not_picked":["Static Discharge","Steam Power+1","Genetic Algorithm"],"picked":"Heatsinks+1","floor":25},{"not_picked":["Barrage","Aggregate","Loop"],"picked":"White Noise","floor":27}],"player_experience":50708,"relics_obtained":[{"floor":6.0,"key":"Omamori"},{"floor":9.0,"key":"Dream Catcher"},{"floor":23,"key":"Thread and Needle"},{"floor":26,"key":"Mummified Hand"}],"event_choices":[{"damage_healed":0.0,"max_hp_gain":0.0,"max_hp_loss":0.0,"gold_gain":62.0,"event_name":"Golden Wing","player_choice":"Gained Gold","floor":3.0,"gold_loss":0.0,"damage_taken":0.0},{"damage_healed":0.0,"max_hp_gain":0.0,"max_hp_loss":0.0,"gold_gain":0.0,"event_name":"FaceTrader","player_choice":"Trade","floor":7.0,"gold_loss":0.0,"damage_taken":0.0,"relics_obtained":["SsserpentHead"]},{"damage_healed":0.0,"max_hp_gain":0.0,"max_hp_loss":0.0,"gold_gain":0.0,"event_name":"Accursed Blacksmith","player_choice":"Rummage","floor":14.0,"gold_loss":0.0,"damage_taken":0.0,"relics_obtained":["WarpedTongs"],"cards_obtained":["Pain"]},{"damage_healed":0,"gold_gain":99,"player_choice":"Stole From Cult","damage_taken":0,"max_hp_gain":0,"max_hp_loss":0,"event_name":"Nest","floor":19,"gold_loss":0},{"damage_healed":0,"gold_gain":0,"player_choice":"Opened","damage_taken":0,"relics_obtained":["Question Card"],"max_hp_gain":0,"max_hp_loss":0,"event_name":"The Mausoleum","floor":20,"gold_loss":0,"cards_obtained":["Writhe"]},{"cards_removed":["Streamline"],"damage_healed":0,"gold_gain":0,"player_choice":"Gave Gold","damage_taken":0,"max_hp_gain":0,"max_hp_loss":0,"event_name":"Beggar","floor":22,"gold_loss":75}],"is_beta":false,"boss_relics":[{"not_picked":["Runic Dome","Lizard Tail"],"picked":"Astrolabe"}],"items_purged_floors":[21],"is_endless":false,"potions_floor_spawned":[2,5,6,13,18],"killed_by":"Snake Plant","ascension_level":0}