{"gold_per_floor":[110,185,185,202,219,219,235,235,235,296,307,107,162,162],"floor_reached":14,"playtime":701,"items_purged":["Strike_R"],"score":108,"play_id":"4aaf209e-f63c-4abe-ac27-64f767fb654d","local_time":"20181108183333","is_ascension_mode":true,"campfire_choices":[{"data":"Heavy Blade","floor":6,"key":"SMITH"},{"data":"Demon Form","floor":8,"key":"SMITH"}],"neow_cost":"NONE","seed_source_timestamp":376002245894463,"circlet_count":0,"master_deck":["Strike_R","Strike_R","Strike_R","Strike_R","Defend_R","Defend_R","Defend_R","Defend_R","Bash","Heavy Blade+1","Body Slam","Demon Form+1","Shrug It Off","True Grit","Heavy Blade","Apotheosis"],"relics":["Burning Blood","The Courier","Nunchaku","Happy Flower","Tiny Chest"],"potions_floor_usage":[],"damage_taken":[{"damage":0,"enemies":"Small Slimes","floor":1,"turns":3},{"damage":8,"enemies":"Jaw Worm","floor":4,"turns":5},{"damage":2,"enemies":"2 Louse","floor":5,"turns":3},{"damage":14,"enemies":"Blue Slaver","floor":7,"turns":5},{"damage":45,"enemies":"3 Sentries","floor":10,"turns":8},{"damage":2,"enemies":"Looter","floor":11,"turns":4},{"damage":13,"enemies":"3 Sentries","floor":13,"turns":6},{"damage":20,"enemies":"Large Slime","floor":14,"turns":5}],"seed_played":"-3326478425279808068","potions_obtained":[{"floor":5,"key":"LiquidBronze"},{"floor":10,"key":"SpeedPotion"},{"floor":13,"key":"Weak Potion"}],"is_trial":false,"path_per_floor":["M","?","?","M","M","R","M","R","T","?","M","$","E","M"],"character_chosen":"IRONCLAD","items_purchased":["Apotheosis"],"campfire_rested":0,"item_purchase_floors":[12],"current_hp_per_floor":[80,69,62,60,64,64,56,56,56,17,21,21,14,0],"gold":162,"neow_bonus":"THREE_CARDS","is_prod":false,"is_daily":false,"chose_seed":false,"campfire_upgraded":2,"win_rate":0,"timestamp":1541720013,"path_taken":["M","?","?","M","M","R","M","R","T","?","M","$","E","M"],"build_version":"2018-11-07","purchased_purges":1,"victory":false,"max_hp_per_floor":[80,80,80,80,80,80,80,80,80,80,80,80,80,80],"card_choices":[{"not_picked":["Clothesline","Flex"],"picked":"Heavy Blade","floor":0},{"not_picked":["Seeing Red","Heavy Blade"],"picked":"Body Slam","floor":1},{"not_picked":["Flex","Sword Boomerang","Clash"],"picked":"SKIP","floor":4},{"not_picked":["Pummel","Wild Strike"],"picked":"Demon Form","floor":5},{"not_picked":["Second Wind","Wild Strike"],"picked":"Shrug It Off","floor":7},{"not_picked":["Body Slam","Sword Boomerang"],"picked":"True Grit","floor":10},{"not_picked":["Dual Wield","Whirlwind"],"picked":"Heavy Blade","floor":11},{"not_picked":["Uppercut","Anger","Carnage"],"picked":"SKIP","floor":13}],"player_experience":332948,"relics_obtained":[{"floor":9,"key":"Nunchaku"},{"floor":10,"key":"Happy Flower"},{"floor":13,"key":"Tiny Chest"}],"event_choices":[{"damage_healed":0,"gold_gain":75,"player_choice":"Gather Gold","damage_taken":11,"max_hp_gain":0,"max_hp_loss":0,"event_name":"World of Goop","floor":2,"gold_loss":0},{"damage_healed":0,"gold_gain":0,"player_choice":"Success","damage_taken":7,"relics_obtained":["The Courier"],"max_hp_gain":0,"max_hp_loss":0,"event_name":"Scrap Ooze","floor":3,"gold_loss":0},{"damage_healed":0,"gold_gain":30,"player_choice":"Searched \u00273\u0027 times","damage_taken":0,"max_hp_gain":0,"max_hp_loss":0,"event_name":"Dead Adventurer","floor":10,"gold_loss":0}],"is_beta":true,"boss_relics":[],"items_purged_floors":[12],"is_endless":false,"potions_floor_spawned":[5,10,13],"killed_by":"Large Slime","ascension_level":4}