{"gold_per_floor":[367,367,4,28,28,59,72,86,110,110,135,135,135,166,166,239,239,250,264,264,275,41,41,56,86,86,114,125,137,147,158,158,234,234,253,264,279,279,279,279,310,310,310,310,65,99,109,127,127,127],"floor_reached":51,"playtime":2227,"items_purged":["Havoc"],"score":1374,"play_id":"0056b95a-dd8d-40ca-9dec-9de37d71312a","local_time":"20180911145103","is_ascension_mode":true,"campfire_choices":[{"data":"Armaments","floor":10.0,"key":"SMITH"},{"data":"Evolve","floor":13.0,"key":"SMITH"},{"data":"Bludgeon","floor":15.0,"key":"SMITH"},{"data":"True Grit","floor":23.0,"key":"SMITH"},{"floor":32.0,"key":"REST"},{"floor":40.0,"key":"REST"},{"floor":42.0,"key":"REST"},{"floor":49,"key":"REST"}],"neow_cost":"CURSE","seed_source_timestamp":552295914691097,"circlet_count":0,"master_deck":["Strike_R+1","Strike_R+1","Strike_R+1","Strike_R+1","Strike_R+1","Defend_R+1","Defend_R+1","Defend_R+1","Defend_R+1","Bash","AscendersBane","Wild Strike","Evolve+1","Perfected Strike+1","Shrug It Off","Headbutt","Armaments+1","Metallicize","Bludgeon+1","Impervious","Pommel Strike+1","True Grit+1","Perfected Strike","Ghostly Armor","Wild Strike","Intimidate","Metallicize","Pommel Strike","Disarm","Twin Strike+1","Offering","Finesse","Havoc+1","True Grit+1","Feel No Pain","Power Through","Whirlwind"],"special_seed":0,"relics":["Burning Blood","HandDrill","Omamori","Charon\u0027s Ashes","War Paint","Question Card","Happy Flower","Mark of Pain","PreservedInsect","Ancient Tea Set","Ginger","Vajra","Busted Crown","Kunai","Mercury Hourglass","Magic Flower","Pear"],"potions_floor_usage":[50],"damage_taken":[{"damage":30.0,"enemies":"Jaw Worm","floor":1.0,"turns":6.0},{"damage":30.0,"enemies":"Lagavulin","floor":6.0,"turns":7.0},{"damage":4.0,"enemies":"Small Slimes","floor":7.0,"turns":3.0},{"damage":3.0,"enemies":"Cultist","floor":8.0,"turns":4.0},{"damage":15.0,"enemies":"Gremlin Nob","floor":11.0,"turns":5.0},{"damage":3.0,"enemies":"Lagavulin","floor":14.0,"turns":6.0},{"damage":29.0,"enemies":"Hexaghost","floor":16.0,"turns":9.0},{"damage":0.0,"enemies":"Spheric Guardian","floor":18.0,"turns":3.0},{"damage":5.0,"enemies":"Shell Parasite","floor":19.0,"turns":3.0},{"damage":3.0,"enemies":"Centurion and Healer","floor":21.0,"turns":3.0},{"damage":0.0,"enemies":"Snecko","floor":24.0,"turns":3.0},{"damage":32.0,"enemies":"Book of Stabbing","floor":25.0,"turns":4.0},{"damage":0.0,"enemies":"Slavers","floor":27.0,"turns":4.0},{"damage":10.0,"enemies":"Shelled Parasite and Fungi","floor":28.0,"turns":4.0},{"damage":15.0,"enemies":"Snake Plant","floor":29.0,"turns":2.0},{"damage":12.0,"enemies":"Snecko","floor":30.0,"turns":3.0},{"damage":13.0,"enemies":"Sentry and Sphere","floor":31.0,"turns":5.0},{"damage":40.0,"enemies":"Collector","floor":33.0,"turns":10.0},{"damage":13.0,"enemies":"3 Darklings","floor":35.0,"turns":4.0},{"damage":16.0,"enemies":"Orb Walker","floor":36.0,"turns":2.0},{"damage":21.0,"enemies":"4 Shapes","floor":37.0,"turns":4.0},{"damage":30.0,"enemies":"Nemesis","floor":41.0,"turns":3.0},{"damage":5.0,"enemies":"Mind Bloom Boss Battle","floor":44.0,"turns":5.0},{"damage":16.0,"enemies":"Giant Head","floor":46.0,"turns":6.0},{"damage":18.0,"enemies":"Transient","floor":47.0,"turns":5.0},{"damage":8,"enemies":"Spire Growth","floor":48,"turns":3},{"damage":38,"enemies":"Donu and Deca","floor":50,"turns":8}],"seed_played":"312892961131540941","potions_obtained":[{"floor":8.0,"key":"Regen Potion"},{"floor":14.0,"key":"GamblersBrew"},{"floor":16.0,"key":"SpeedPotion"},{"floor":25.0,"key":"Weak Potion"},{"floor":30.0,"key":"FearPotion"},{"floor":33.0,"key":"Energy Potion"},{"floor":37.0,"key":"Block Potion"},{"floor":44.0,"key":"SpeedPotion"}],"is_trial":false,"path_per_floor":["M","?","$","T","?","E","M","M","T","R","E","$","R","E","R","B",null,"M","M","?","M","$","R","M","E","T","E","M","M","M","M","R","B",null,"M","M","M","?","?","R","E","R","T","?","$","E","M","M","R","B"],"character_chosen":"IRONCLAD","items_purchased":["HandDrill","Evolve","Perfected Strike","Shrug It Off","PreservedInsect","Perfected Strike","Ghostly Armor","Feel No Pain","Power Through","PowerPotion"],"campfire_rested":4,"item_purchase_floors":[3,3,3,3,22,22,22,45,45,45],"current_hp_per_floor":[44,44,44,44,44,20,22,25,25,25,30,30,30,33,33,10,59,65,66,66,69,69,69,75,49,49,55,51,42,36,29,51,17,61,54,44,29,29,29,51,27,49,49,50,50,53,44,45,70,41],"gold":127,"neow_bonus":"TWO_FIFTY_GOLD","is_prod":false,"is_daily":false,"chose_seed":false,"campfire_upgraded":4,"win_rate":0,"timestamp":1536645063,"path_taken":["M","?","$","?","?","E","?","M","T","R","E","$","R","E","R","BOSS","M","M","?","M","$","R","M","E","T","E","M","M","M","?","R","BOSS","M","M","?","?","?","R","E","R","T","?","$","E","M","M","R","BOSS"],"build_version":"2018-09-06","purchased_purges":1,"victory":true,"max_hp_per_floor":[75,75,75,75,75,75,75,75,75,75,75,75,75,75,75,75,75,75,75,75,75,75,75,75,75,75,75,75,75,75,75,75,75,75,75,75,75,75,75,75,75,75,75,75,75,85,85,85,85,85],"card_choices":[{"not_picked":["Burning Pact","Entrench"],"picked":"Wild Strike","floor":1.0},{"not_picked":["Perfected Strike","Thunderclap"],"picked":"Headbutt","floor":6.0},{"not_picked":["Flame Barrier","Rupture"],"picked":"Armaments","floor":7.0},{"not_picked":["Wild Strike","Sword Boomerang"],"picked":"Metallicize","floor":8.0},{"not_picked":["Dropkick","Headbutt","Iron Wave"],"picked":"SKIP","floor":11.0},{"not_picked":["Hemokinesis","Heavy Blade","Body Slam"],"picked":"Bludgeon","floor":14.0},{"not_picked":["Feed","Berserk","Immolate"],"picked":"Impervious","floor":16.0},{"not_picked":["Pummel","Clothesline","Warcry+1"],"picked":"Pommel Strike+1","floor":18.0},{"not_picked":["Twin Strike","Iron Wave","Wild Strike"],"picked":"Havoc","floor":19.0},{"not_picked":["Power Through","Clash","Headbutt"],"picked":"True Grit","floor":21.0},{"not_picked":["Warcry","Whirlwind","Iron Wave"],"picked":"Wild Strike","floor":24.0},{"not_picked":["Bludgeon","Wild Strike","Burning Pact"],"picked":"Intimidate","floor":25.0},{"not_picked":["Iron Wave","Ghostly Armor","Blood for Blood+1"],"picked":"Metallicize","floor":27.0},{"not_picked":["Ghostly Armor","Warcry","Clash"],"picked":"Pommel Strike","floor":28.0},{"not_picked":["Body Slam","Carnage","Thunderclap"],"picked":"Disarm","floor":29.0},{"not_picked":["Body Slam","Heavy Blade","Armaments","Rupture+1"],"picked":"SKIP","floor":30.0},{"not_picked":["Whirlwind","Uppercut","Carnage"],"picked":"Twin Strike+1","floor":31.0},{"not_picked":["Feed","Barricade","Reaper"],"picked":"Offering","floor":33.0},{"not_picked":["Entrench+1","Fire Breathing+1"],"picked":"SKIP","floor":35.0},{"not_picked":["Carnage","Wild Strike"],"picked":"SKIP","floor":36.0},{"not_picked":["Anger","Sword Boomerang"],"picked":"SKIP","floor":37.0},{"not_picked":["Trip"],"picked":"Finesse","floor":38.0},{"not_picked":["Armaments+1"],"picked":"Havoc+1","floor":41.0},{"not_picked":["Shockwave"],"picked":"True Grit+1","floor":44.0},{"not_picked":["Pommel Strike"],"picked":"Whirlwind","floor":46.0},{"not_picked":["True Grit+1","Shockwave"],"picked":"SKIP","floor":47.0},{"not_picked":["Headbutt","Brutality"],"picked":"SKIP","floor":48}],"player_experience":648261,"relics_obtained":[{"floor":4.0,"key":"Omamori"},{"floor":6.0,"key":"Charon\u0027s Ashes"},{"floor":9.0,"key":"War Paint"},{"floor":11.0,"key":"Question Card"},{"floor":14.0,"key":"Happy Flower"},{"floor":25.0,"key":"Ancient Tea Set"},{"floor":26.0,"key":"Ginger"},{"floor":27.0,"key":"Vajra"},{"floor":41.0,"key":"Kunai"},{"floor":43.0,"key":"Mercury Hourglass"},{"floor":44.0,"key":"Magic Flower"},{"floor":46.0,"key":"Pear"}],"event_choices":[{"event_name":"Living Wall","player_choice":"Forget","floor":2.0,"damage_taken":0.0},{"event_name":"Upgrade Shrine","player_choice":"Upgraded","floor":5.0,"damage_taken":0.0},{"event_name":"Back to Basics","player_choice":"Simplicity","floor":20.0,"damage_taken":0.0},{"event_name":"SensoryStone","player_choice":"Memory 1","floor":38.0,"damage_taken":0.0},{"event_name":"Mysterious Sphere","player_choice":"Ignore","floor":39.0,"damage_taken":0.0},{"event_name":"MindBloom","player_choice":"Fight","floor":44.0,"damage_taken":0.0}],"is_beta":false,"boss_relics":[{"not_picked":["Black Star","Fusion Hammer"],"picked":"Mark of Pain"},{"not_picked":["Coffee Dripper","Sozu"],"picked":"Busted Crown"}],"items_purged_floors":[45],"is_endless":false,"potions_floor_spawned":[8,14,16,21,25,28,30,33,36,37,44],"ascension_level":15}