{"gold_per_floor":[219,219,219,219,236,236,249,249,273,273,283,134,134,145,145,145],"floor_reached":16,"playtime":235,"items_purged":["Defend_R"],"score":90,"play_id":"965fceb3-c1b0-416f-af78-d4c3645ba7b1","local_time":"20180822184042","is_ascension_mode":false,"campfire_choices":[{"data":"Bash","floor":6,"key":"SMITH"},{"floor":8,"key":"REST"},{"data":"Sword Boomerang","floor":10,"key":"SMITH"},{"data":"Heavy Blade","floor":15,"key":"SMITH"}],"neow_cost":"NONE","seed_source_timestamp":74218696399018,"circlet_count":0,"master_deck":["Strike_R","Strike_R","Strike_R","Strike_R","Strike_R","Defend_R","Defend_R","Bash+1","Sword Boomerang+1","Pommel Strike","Heavy Blade+1","Limit Break"],"relics":["Burning Blood","Mummified Hand","Bronze Scales"],"potions_floor_usage":[16],"damage_taken":[{"damage":20,"enemies":"Jaw Worm","floor":1,"turns":4},{"damage":17,"enemies":"Small Slimes","floor":5,"turns":3},{"damage":6,"enemies":"Cultist","floor":7,"turns":3},{"damage":12,"enemies":"Blue Slaver","floor":11,"turns":2},{"damage":13,"enemies":"Red Slaver","floor":14,"turns":2},{"damage":52,"enemies":"The Guardian","floor":16,"turns":8}],"seed_played":"8555177282986394712","potions_obtained":[{"floor":7,"key":"Fire Potion"},{"floor":11,"key":"Fire Potion"}],"is_trial":false,"path_per_floor":["M","?","?","T","M","R","M","R","T","R","M","$","?","M","R"],"character_chosen":"IRONCLAD","items_purchased":["Limit Break"],"campfire_rested":1,"item_purchase_floors":[12],"current_hp_per_floor":[66,66,58,58,47,47,47,71,71,71,65,65,58,51,51,0],"gold":145,"neow_bonus":"HUNDRED_GOLD","is_prod":false,"is_daily":false,"chose_seed":false,"campfire_upgraded":3,"win_rate":0,"timestamp":1534977642,"path_taken":["M","?","?","?","M","R","?","R","T","R","M","$","?","?","R","BOSS"],"build_version":"2018-08-16","purchased_purges":1,"victory":false,"max_hp_per_floor":[80,80,80,80,80,80,80,80,80,80,80,80,80,80,80,80],"card_choices":[{"not_picked":["Thunderclap","Clash"],"picked":"Sword Boomerang","floor":1},{"not_picked":["Disarm","True Grit"],"picked":"Pommel Strike","floor":5},{"not_picked":["Combust","Anger","Blood for Blood"],"picked":"SKIP","floor":7},{"not_picked":["Perfected Strike","Sword Boomerang"],"picked":"Heavy Blade","floor":11},{"not_picked":["Ghostly Armor","Hemokinesis","Corruption"],"picked":"SKIP","floor":14}],"player_experience":138314,"relics_obtained":[{"floor":4,"key":"Mummified Hand"},{"floor":9,"key":"Bronze Scales"}],"event_choices":[{"event_name":"Shining Light","player_choice":"Ignored","floor":2,"damage_taken":0},{"event_name":"Wheel of Change","player_choice":"Damage","floor":3,"damage_taken":0},{"event_name":"Golden Wing","player_choice":"Card Removal","floor":13,"damage_taken":0}],"is_beta":false,"boss_relics":[],"items_purged_floors":[12],"is_endless":false,"potions_floor_spawned":[7,11],"killed_by":"The Guardian","ascension_level":0}