{"gold_per_floor":[115,115,115,265,135,135,152,167,191,208,208,226,226,242,242,316,316,330,4,14,14],"floor_reached":21,"playtime":782,"items_purged":["Doubt"],"score":316,"play_id":"7a09680c-044d-40fc-bc47-972b1f5e3d24","local_time":"20180928003556","is_ascension_mode":true,"campfire_choices":[{"data":"Zap","floor":6,"key":"SMITH"},{"data":"Streamline","floor":15,"key":"SMITH"}],"neow_cost":"NONE","seed_source_timestamp":1146043401353846,"circlet_count":0,"master_deck":["Strike_B","Strike_B","Strike_B+1","Strike_B","Defend_B","Defend_B","Defend_B","Defend_B","Zap+1","Dualcast","AscendersBane","Gash+1","Gash","BootSequence","White Noise","Rebound+1","Stack","Streamline+1","Echo Form","Fusion","Defragment","Gash+1"],"relics":["Cracked Core","Bronze Scales","Juzu Bracelet","Eternal Feather","Bottled Tornado"],"potions_floor_usage":[16,21],"damage_taken":[{"damage":1,"enemies":"2 Louse","floor":1,"turns":3},{"damage":7,"enemies":"Jaw Worm","floor":7,"turns":2},{"damage":0,"enemies":"Small Slimes","floor":8,"turns":2},{"damage":8,"enemies":"3 Louse","floor":10,"turns":4},{"damage":3,"enemies":"Exordium Thugs","floor":12,"turns":3},{"damage":7,"enemies":"Looter","floor":14,"turns":2},{"damage":24,"enemies":"Slime Boss","floor":16,"turns":11},{"damage":41,"enemies":"Shell Parasite","floor":18,"turns":8},{"damage":8,"enemies":"3 Byrds","floor":20,"turns":2},{"damage":15,"enemies":"3 Cultists","floor":21,"turns":3}],"seed_played":"4988635062205677420","potions_obtained":[{"floor":8,"key":"EssenceOfSteel"},{"floor":12,"key":"Dexterity Potion"},{"floor":20,"key":"Block Potion"}],"is_trial":false,"path_per_floor":["M","?","?","?","$","R","M","M","T","M","?","M","?","M","R","B",null,"M","$","M"],"character_chosen":"DEFECT","items_purchased":["Gash","Defragment","Bottled Tornado"],"campfire_rested":0,"item_purchase_floors":[5,19,19],"current_hp_per_floor":[63,42,42,42,42,42,35,35,35,27,27,24,47,47,47,23,59,18,18,10,0],"gold":14,"neow_bonus":"RANDOM_COMMON_RELIC","is_prod":false,"is_daily":false,"chose_seed":false,"campfire_upgraded":2,"win_rate":0,"timestamp":1538109356,"path_taken":["M","?","?","?","$","R","M","M","T","M","?","M","?","M","R","BOSS","M","$","M","M"],"build_version":"2018-09-27","purchased_purges":1,"victory":false,"max_hp_per_floor":[71,71,71,71,71,71,71,71,71,71,71,71,71,71,71,71,71,71,71,71,71],"card_choices":[{"not_picked":["Leap","Conserve Battery"],"picked":"Gash","floor":1},{"not_picked":["Redo","Blizzard"],"picked":"BootSequence","floor":7},{"not_picked":["Go for the Eyes","Leap"],"picked":"White Noise","floor":8},{"not_picked":["Double Energy","Ball Lightning"],"picked":"Rebound","floor":10},{"not_picked":["Steam","Lockon"],"picked":"Stack","floor":12},{"not_picked":["Sweeping Beam","Turbo"],"picked":"Streamline","floor":14},{"not_picked":["Hyperbeam","Thunder Strike"],"picked":"Echo Form","floor":16},{"not_picked":["Redo","Reinforced Body"],"picked":"Fusion","floor":18},{"not_picked":["Heatsinks","Barrage"],"picked":"Gash+1","floor":20}],"player_experience":270786,"relics_obtained":[{"floor":9,"key":"Juzu Bracelet"}],"event_choices":[{"event_name":"Shining Light","player_choice":"Entered Light","floor":2,"damage_taken":0},{"event_name":"Golden Idol","player_choice":"Ignored","floor":3,"damage_taken":0},{"event_name":"Liars Game","player_choice":"agreed","floor":4,"damage_taken":0},{"event_name":"Accursed Blacksmith","player_choice":"Forge","floor":11,"damage_taken":0},{"event_name":"Big Fish","player_choice":"Banana","floor":13,"damage_taken":0}],"is_beta":false,"boss_relics":[{"not_picked":["Ectoplasm","Philosopher\u0027s Stone"],"picked":"Eternal Feather"}],"items_purged_floors":[5],"is_endless":false,"potions_floor_spawned":[8,12,20],"killed_by":"3 Cultists","ascension_level":17}