{"gold_per_floor":[111,61,76,76,91,124,139,139,162,182,245,100,100,131,131,131],"floor_reached":16,"playtime":1140,"items_purged":["Defend_R"],"score":144,"play_id":"061908c1-06fc-4e44-ac33-efa7f820000a","local_time":"20190128152649","is_ascension_mode":true,"campfire_choices":[{"floor":8.0,"key":"REST"},{"data":"Uppercut","floor":13,"key":"SMITH"},{"floor":15,"key":"RECALL"}],"neow_cost":"TEN_PERCENT_HP_LOSS","seed_source_timestamp":385314327697363,"circlet_count":0,"master_deck":["Strike_R","Strike_R","Defend_R","Defend_R","Defend_R","Bash","Headbutt","Burning Pact","Uppercut+1","Flame Barrier","Dropkick","Rage","Shrug It Off","Dropkick","Disarm"],"special_seed":0,"relics":["Burning Blood","Potion Belt","Vajra","Tiny Chest","Blue Candle"],"potions_floor_usage":[],"damage_taken":[{"damage":1.0,"enemies":"Cultist","floor":1.0,"turns":3.0},{"damage":4.0,"enemies":"Small Slimes","floor":3.0,"turns":5.0},{"damage":7.0,"enemies":"Jaw Worm","floor":5.0,"turns":3.0},{"damage":66.0,"enemies":"Gremlin Nob","floor":6.0,"turns":7.0},{"damage":8.0,"enemies":"Lots of Slimes","floor":7.0,"turns":5.0},{"damage":0.0,"enemies":"2 Fungi Beasts","floor":10.0,"turns":4.0},{"damage":16.0,"enemies":"3 Sentries","floor":11.0,"turns":7.0},{"damage":9,"enemies":"Lagavulin","floor":14,"turns":6},{"damage":49,"enemies":"Slime Boss","floor":16,"turns":7}],"seed_played":"3126695934532601492","potions_obtained":[{"floor":6.0,"key":"SpeedPotion"},{"floor":7.0,"key":"Explosive Potion"},{"floor":11.0,"key":"FairyPotion"},{"floor":14,"key":"SteroidPotion"}],"is_trial":false,"path_per_floor":["M","?","M","?","M","E","M","R","T","M","E","$","R","E","R","B"],"character_chosen":"IRONCLAD","items_purchased":["Dropkick"],"campfire_rested":1,"item_purchase_floors":[12],"current_hp_per_floor":[72,72,72,72,71,11,9,30,30,36,26,26,26,23,23,0],"gold":131,"neow_bonus":"REMOVE_TWO","is_prod":false,"is_daily":false,"chose_seed":false,"campfire_upgraded":1,"win_rate":0,"timestamp":1548707209,"path_taken":["M","?","M","?","M","E","M","R","T","M","E","$","R","E","R","BOSS"],"build_version":"2019-01-23","purchased_purges":1,"victory":false,"max_hp_per_floor":[72,72,72,72,72,72,72,72,72,72,72,72,72,72,72,72],"card_choices":[{"not_picked":["Perfected Strike","Iron Wave"],"picked":"Headbutt","floor":1.0},{"not_picked":["Body Slam","Heavy Blade"],"picked":"Burning Pact","floor":3.0},{"not_picked":["Headbutt","Reaper"],"picked":"Flame Barrier","floor":5.0},{"not_picked":["Sentinel","Wild Strike"],"picked":"Dropkick","floor":6.0},{"not_picked":["Twin Strike","Searing Blow","Cleave"],"picked":"SKIP","floor":7.0},{"not_picked":["Thunderclap","Evolve"],"picked":"Rage","floor":10.0},{"not_picked":["Disarm","Clash"],"picked":"Shrug It Off","floor":11.0},{"not_picked":["Iron Wave","Feel No Pain"],"picked":"Disarm","floor":14}],"player_experience":205180,"relics_obtained":[{"floor":6.0,"key":"Potion Belt"},{"floor":9.0,"key":"Vajra"},{"floor":11.0,"key":"Tiny Chest"},{"floor":14,"key":"Blue Candle"}],"event_choices":[{"cards_removed":["Strike_R"],"damage_healed":0.0,"max_hp_gain":0.0,"max_hp_loss":0.0,"gold_gain":0.0,"event_name":"The Cleric","player_choice":"Card Removal","floor":2.0,"gold_loss":50.0,"damage_taken":0.0},{"damage_healed":0.0,"max_hp_gain":0.0,"max_hp_loss":0.0,"gold_gain":0.0,"event_name":"Match and Keep!","player_choice":"1 cards matched","floor":4.0,"gold_loss":0.0,"damage_taken":0.0,"cards_obtained":["Uppercut"]}],"is_beta":false,"boss_relics":[],"items_purged_floors":[12],"is_endless":false,"potions_floor_spawned":[6,7,11,14],"killed_by":"Slime Boss","ascension_level":4}