{"gold_per_floor":[115,4,17,30,105,105,130,144,144,176,351,351,370,402,402,504,504,524,537,537,549,568,568,568,568],"floor_reached":25,"playtime":1555,"items_purged":["Bash"],"score":273,"play_id":"02c5c08f-0457-407c-89e5-b6a258dcb167","local_time":"20190125182001","is_ascension_mode":true,"campfire_choices":[{"data":"Armaments","floor":6,"key":"SMITH"},{"floor":12,"key":"RECALL"},{"data":"True Grit","floor":15,"key":"SMITH"},{"floor":23,"key":"REST"}],"neow_cost":"NONE","seed_source_timestamp":136114595512631,"circlet_count":0,"master_deck":["Strike_R","Strike_R","Strike_R","Strike_R","Strike_R","Defend_R","Defend_R","Defend_R","Defend_R","Clash","Inflame","Armaments+1","Twin Strike","Twin Strike","True Grit+1","Inflame","Doubt","Perfected Strike","Battle Trance","Feed","Pommel Strike","Writhe","Necronomicurse"],"relics":["Burning Blood","NeowsBlessing","PreservedInsect","Bottled Flame","Orichalcum","Cursed Key","Dodecahedron","Necronomicon"],"potions_floor_usage":[7,21,25,25],"damage_taken":[{"damage":0,"enemies":"2 Louse","floor":1,"turns":1},{"damage":0,"enemies":"Jaw Worm","floor":3,"turns":1},{"damage":0,"enemies":"Small Slimes","floor":4,"turns":1},{"damage":8,"enemies":"Gremlin Nob","floor":7,"turns":4},{"damage":3,"enemies":"3 Louse","floor":8,"turns":3},{"damage":0,"enemies":"Lagavulin","floor":10,"turns":7},{"damage":0,"enemies":"Blue Slaver","floor":13,"turns":2},{"damage":14,"enemies":"Gremlin Nob","floor":14,"turns":4},{"damage":24,"enemies":"Slime Boss","floor":16,"turns":10},{"damage":16,"enemies":"3 Byrds","floor":18,"turns":5},{"damage":8,"enemies":"Shell Parasite","floor":19,"turns":5},{"damage":54,"enemies":"Cultist and Chosen","floor":21,"turns":8},{"damage":23,"enemies":"Snecko","floor":22,"turns":5},{"damage":36,"enemies":"Centurion and Healer","floor":25,"turns":5}],"seed_played":"151666122684808437","potions_obtained":[{"floor":1,"key":"Block Potion"},{"floor":4,"key":"EssenceOfSteel"},{"floor":13,"key":"BloodPotion"},{"floor":14,"key":"Swift Potion"}],"is_trial":false,"path_per_floor":["M","$","M","M","?","R","E","M","T","E","?","R","M","E","R","B",null,"M","M","?","M","M","R","?","M"],"character_chosen":"IRONCLAD","items_purchased":["Inflame"],"campfire_rested":1,"item_purchase_floors":[2],"current_hp_per_floor":[80,80,80,80,69,69,67,70,70,76,76,76,80,72,72,54,80,74,75,75,27,10,36,20,0],"gold":568,"neow_bonus":"THREE_ENEMY_KILL","is_prod":false,"is_daily":false,"chose_seed":false,"campfire_upgraded":2,"win_rate":0,"timestamp":1548458401,"path_taken":["M","$","M","M","?","R","E","M","T","E","?","R","M","E","R","BOSS","M","M","?","M","M","R","?","M"],"build_version":"2019-01-23","purchased_purges":1,"victory":false,"max_hp_per_floor":[80,80,80,80,80,80,80,80,80,80,80,80,80,80,80,80,80,84,87,87,87,87,87,87,90],"card_choices":[{"not_picked":["Sentinel","Sever Soul"],"picked":"Clash","floor":1},{"not_picked":["Carnage","Clothesline"],"picked":"Armaments","floor":3},{"not_picked":["Warcry","Clothesline"],"picked":"Twin Strike","floor":4},{"not_picked":["Body Slam","Warcry"],"picked":"Twin Strike","floor":7},{"not_picked":["Wild Strike","Clothesline"],"picked":"True Grit","floor":8},{"not_picked":["Evolve","Blood for Blood"],"picked":"Inflame","floor":10},{"not_picked":["Wild Strike","Armaments"],"picked":"Perfected Strike","floor":13},{"not_picked":["Thunderclap","Shockwave"],"picked":"Battle Trance","floor":14},{"not_picked":["Immolate","Dark Embrace"],"picked":"Feed","floor":16},{"not_picked":["Flex","Intimidate","Body Slam"],"picked":"SKIP","floor":18},{"not_picked":["Havoc+1","Sword Boomerang"],"picked":"Pommel Strike","floor":19},{"not_picked":["Warcry","Headbutt+1","Sword Boomerang+1"],"picked":"SKIP","floor":21},{"not_picked":["Cleave","Metallicize","Warcry"],"picked":"SKIP","floor":22}],"player_experience":138869,"relics_obtained":[{"floor":7,"key":"PreservedInsect"},{"floor":10,"key":"Bottled Flame"},{"floor":14,"key":"Orichalcum"},{"floor":24,"key":"Necronomicon"}],"event_choices":[{"damage_healed":0,"gold_gain":75,"player_choice":"Gather Gold","damage_taken":11,"max_hp_gain":0,"max_hp_loss":0,"event_name":"World of Goop","floor":5,"gold_loss":0},{"damage_healed":0,"gold_gain":175,"player_choice":"AGREE","damage_taken":0,"max_hp_gain":0,"max_hp_loss":0,"event_name":"Liars Game","floor":11,"gold_loss":0,"cards_obtained":["Doubt"]},{"damage_healed":0,"gold_gain":0,"player_choice":"Opened","damage_taken":0,"relics_obtained":["Dodecahedron"],"max_hp_gain":0,"max_hp_loss":0,"event_name":"The Mausoleum","floor":20,"gold_loss":0,"cards_obtained":["Writhe"]},{"damage_healed":0,"gold_gain":0,"player_choice":"Obtained Book","damage_taken":16,"max_hp_gain":0,"max_hp_loss":0,"event_name":"Cursed Tome","floor":24,"gold_loss":0}],"is_beta":false,"boss_relics":[{"not_picked":["Black Star","Empty Cage"],"picked":"Cursed Key"}],"items_purged_floors":[2],"is_endless":false,"potions_floor_spawned":[1,4,13,14,19],"killed_by":"Centurion and Healer","ascension_level":2}