{"gold_per_floor":[13,24,24,24,36,36,68,87,111,130,143,143,143,161,161,263,263,280,297,69,86,104,134,134,167,243,292,170,170,182,182],"floor_reached":31,"playtime":2165,"items_purged":["Normality"],"score":304,"play_id":"de6eb6ff-e253-4410-ad9f-97c7f45321df","local_time":"20180704032217","is_ascension_mode":false,"campfire_choices":[{"data":"Defragment","floor":6,"key":"SMITH"},{"data":"Loop","floor":12,"key":"SMITH"},{"data":"Electrodynamics","floor":15,"key":"SMITH"},{"data":"Storm","floor":24,"key":"SMITH"}],"neow_cost":"NO_GOLD","seed_source_timestamp":260325075639250,"circlet_count":0,"master_deck":["Zap","Dualcast","Consume+1","Hologram","Defragment+1","Genetic Algorithm","Cold Snap","Doom and Gloom","Go for the Eyes","Conserve Battery","Loop+1","Electrodynamics+1","Echo Form","Glacier","Defragment","BootSequence+1","Ball Lightning","Double Energy","Lockon","Storm+1","Streamline+1","Loop","Amplify","Redo","Necronomicurse","Defragment"],"relics":["Cracked Core","Art of War","Singing Bowl","Blood Vial","Ornamental Fan","Pandora\u0027s Box","War Paint","Kunai","Pen Nib","Letter Opener","Happy Flower","Necronomicon"],"potions_floor_usage":[7,18,23,23,31],"damage_taken":[{"damage":3,"enemies":"2 Louse","floor":1,"turns":4},{"damage":0,"enemies":"Jaw Worm","floor":2,"turns":3},{"damage":5,"enemies":"Small Slimes","floor":5,"turns":4},{"damage":13,"enemies":"3 Sentries","floor":7,"turns":5},{"damage":2,"enemies":"2 Fungi Beasts","floor":8,"turns":3},{"damage":24,"enemies":"Lots of Slimes","floor":10,"turns":3},{"damage":0,"enemies":"Exordium Wildlife","floor":11,"turns":3},{"damage":4,"enemies":"Exordium Thugs","floor":14,"turns":4},{"damage":21,"enemies":"The Guardian","floor":16,"turns":8},{"damage":0,"enemies":"Spheric Guardian","floor":18,"turns":2},{"damage":1,"enemies":"Chosen","floor":19,"turns":6},{"damage":12,"enemies":"Centurion and Healer","floor":21,"turns":5},{"damage":4,"enemies":"Snake Plant","floor":22,"turns":3},{"damage":43,"enemies":"Book of Stabbing","floor":23,"turns":5},{"damage":2,"enemies":"Gremlin Leader","floor":25,"turns":4},{"damage":0,"enemies":"Cultist and Chosen","floor":30,"turns":3},{"damage":18,"enemies":"Book of Stabbing","floor":31,"turns":2}],"seed_played":"-9168756687979910896","potions_obtained":[{"floor":1,"key":"PowerPotion"},{"floor":10,"key":"Weak Potion"},{"floor":11,"key":"Fire Potion"},{"floor":14,"key":"LiquidBronze"},{"floor":19,"key":"AttackPotion"},{"floor":22,"key":"SpeedPotion"},{"floor":30,"key":"Fruit Juice"}],"is_trial":false,"path_per_floor":["M","M","?","?","M","R","E","M","T","M","M","R","T","M","R","B",null,"M","M","$","M","M","E","R","E","T","T","$","?","M"],"character_chosen":"DEFECT","items_purchased":["Storm","War Paint","Redo"],"campfire_rested":0,"item_purchase_floors":[20,20,28],"current_hp_per_floor":[72,72,65,65,60,60,47,45,45,23,25,25,25,23,23,4,75,77,76,76,65,65,24,24,24,24,24,24,8,10,0],"gold":182,"neow_bonus":"TRANSFORM_TWO_CARDS","is_prod":false,"is_daily":false,"chose_seed":false,"campfire_upgraded":4,"win_rate":0.0,"timestamp":1530699737,"path_taken":["M","M","?","?","M","R","E","M","T","?","M","R","?","M","R","BOSS","M","M","$","M","?","E","R","E","T","?","$","?","?","E"],"build_version":"2018-06-28","purchased_purges":1,"victory":false,"max_hp_per_floor":[75,75,75,75,75,75,75,75,75,75,75,75,75,75,75,75,75,77,77,77,77,79,79,79,79,79,79,79,79,79,84],"card_choices":[{"not_picked":["Loop","Streamline"],"picked":"Defragment","floor":1},{"not_picked":["Barrage","Steam Power"],"picked":"Genetic Algorithm","floor":2},{"not_picked":["Rebound","Rip and Tear"],"picked":"Cold Snap","floor":5},{"not_picked":["Cold Snap","Compile Driver"],"picked":"Doom and Gloom","floor":7},{"not_picked":["BootSequence","Barrage"],"picked":"Go for the Eyes","floor":8},{"not_picked":["Hologram","Consume"],"picked":"Conserve Battery","floor":10},{"not_picked":["Compile Driver","Gash"],"picked":"Loop","floor":11},{"not_picked":["Scrape","Conserve Battery"],"picked":"Electrodynamics","floor":14},{"not_picked":["Biased Cognition","Machine Learning"],"picked":"Echo Form","floor":16},{"not_picked":["Stack","Cold Snap","Gash"],"picked":"Singing Bowl","floor":18},{"not_picked":["Scrape","Ball Lightning"],"picked":"Lockon","floor":19},{"not_picked":["Conserve Battery+1","Compile Driver"],"picked":"Streamline+1","floor":21},{"not_picked":["Sweeping Beam","FTL","Steam"],"picked":"Singing Bowl","floor":22},{"not_picked":["Barrage","Hello World+1"],"picked":"Loop","floor":23},{"not_picked":["Double Energy","Genetic Algorithm"],"picked":"Amplify","floor":25},{"not_picked":["Conserve Battery","Beam Cell"],"picked":"Defragment","floor":30}],"player_experience":105119,"relics_obtained":[{"floor":7,"key":"Singing Bowl"},{"floor":9,"key":"Blood Vial"},{"floor":13,"key":"Ornamental Fan"},{"floor":23,"key":"Kunai"},{"floor":25,"key":"Pen Nib"},{"floor":26,"key":"Letter Opener"},{"floor":27,"key":"Happy Flower"},{"floor":29,"key":"Necronomicon"}],"event_choices":[{"event_name":"Golden Wing","player_choice":"Card Removal","floor":3,"damage_taken":0},{"event_name":"Accursed Blacksmith","player_choice":"Rummage","floor":4,"damage_taken":0},{"event_name":"Cursed Tome","player_choice":"Obtained Book","floor":29,"damage_taken":0}],"boss_relics":[{"not_picked":["Velvet Choker","Black Star"],"picked":"Pandora\u0027s Box"}],"items_purged_floors":[28],"is_endless":false,"potions_floor_spawned":[1,10,11,14,16,19,22,30],"killed_by":"Book of Stabbing","ascension_level":0}