{"gold_per_floor":[112,112,126,49,63,96,96,139,193,237,255,255,255,321,321,451,451,474,524,93,114,130,130,143,161,215,215],"floor_reached":27,"playtime":1187,"items_purged":[],"score":331,"play_id":"f6bd3804-66cc-4336-8f31-7fd54769754a","local_time":"20190127233732","is_ascension_mode":true,"campfire_choices":[{"data":"Demon Form","floor":7,"key":"SMITH"},{"floor":15,"key":"REST"},{"data":"1","floor":23,"key":"LIFT"}],"neow_cost":"PERCENT_DAMAGE","seed_source_timestamp":1494390862893100,"circlet_count":0,"master_deck":["Strike_R","Strike_R","Strike_R","Strike_R","Defend_R","Defend_R","Defend_R","Defend_R","Bash","Clothesline","True Grit","Whirlwind","Demon Form+1","Pommel Strike","Heavy Blade","True Grit","Pommel Strike","Anger","Fiend Fire","True Grit","Metallicize","Fiend Fire","Corruption+1","Seeing Red","Sword Boomerang"],"relics":["Burning Blood","Golden Idol","Blue Candle","Potion Belt","Centennial Puzzle","Girya","Runic Cube","Nloth\u0027s Gift","Lee\u0027s Waffle","PreservedInsect","Tiny Chest"],"potions_floor_usage":[22,25,25,25,25],"damage_taken":[{"damage":4,"enemies":"2 Louse","floor":1,"turns":4},{"damage":4,"enemies":"Cultist","floor":3,"turns":3},{"damage":0,"enemies":"Small Slimes","floor":5,"turns":3},{"damage":45,"enemies":"3 Sentries","floor":6,"turns":6},{"damage":23,"enemies":"Gremlin Nob","floor":8,"turns":4},{"damage":8,"enemies":"Lagavulin","floor":10,"turns":7},{"damage":7,"enemies":"Red Slaver","floor":11,"turns":5},{"damage":9,"enemies":"Blue Slaver","floor":14,"turns":4},{"damage":23,"enemies":"The Guardian","floor":16,"turns":10},{"damage":33,"enemies":"Shell Parasite","floor":18,"turns":6},{"damage":26,"enemies":"2 Thieves","floor":21,"turns":3},{"damage":7,"enemies":"Snake Plant","floor":22,"turns":4},{"damage":18,"enemies":"Chosen and Byrds","floor":24,"turns":5},{"damage":25,"enemies":"Shelled Parasite and Fungi","floor":25,"turns":3},{"damage":46,"enemies":"Masked Bandits","floor":27,"turns":3}],"seed_played":"6547051105541574721","potions_obtained":[{"floor":3,"key":"SneckoOil"},{"floor":11,"key":"Ancient Potion"},{"floor":16,"key":"Explosive Potion"},{"floor":18,"key":"PowerPotion"},{"floor":21,"key":"Fire Potion"},{"floor":25,"key":"GamblersBrew"}],"is_trial":false,"path_per_floor":["M","?","M","$","M","E","R","E","T","E","M","?","?","M","R","B",null,"M","?","$","M","M","R","M","M","T","?"],"character_chosen":"IRONCLAD","items_purchased":["Whirlwind","Lee\u0027s Waffle","PreservedInsect","Metallicize"],"campfire_rested":1,"item_purchase_floors":[4,20,20,20],"current_hp_per_floor":[69,69,71,71,77,38,38,21,21,19,18,11,11,8,34,17,71,44,44,96,76,75,75,63,44,44,0],"gold":215,"neow_bonus":"TWENTY_PERCENT_HP_BONUS","is_prod":false,"is_daily":false,"chose_seed":false,"campfire_upgraded":1,"win_rate":0,"timestamp":1548661052,"path_taken":["M","?","M","$","M","E","R","E","T","E","M","?","?","?","R","BOSS","M","?","$","M","?","R","M","M","T","?"],"build_version":"2019-01-23","purchased_purges":0,"victory":false,"max_hp_per_floor":[96,89,89,89,89,89,89,89,89,89,89,89,89,89,89,89,89,89,89,96,96,96,96,96,96,96,96],"card_choices":[{"not_picked":["Flex","Heavy Blade"],"picked":"Clothesline","floor":1},{"not_picked":["Clash","Twin Strike"],"picked":"True Grit","floor":3},{"not_picked":["Heavy Blade","Whirlwind"],"picked":"Demon Form","floor":5},{"not_picked":["Battle Trance","Dropkick"],"picked":"Pommel Strike","floor":6},{"not_picked":["Battle Trance","Clash"],"picked":"Heavy Blade","floor":8},{"not_picked":["Fiend Fire","Disarm"],"picked":"True Grit","floor":10},{"not_picked":["Warcry","Cleave"],"picked":"Pommel Strike","floor":11},{"not_picked":["Rupture","Havoc"],"picked":"Anger","floor":14},{"not_picked":["Brutality","Barricade"],"picked":"Fiend Fire","floor":16},{"not_picked":["Sword Boomerang","Flex+1"],"picked":"True Grit","floor":18},{"not_picked":["Clash","Wild Strike"],"picked":"Fiend Fire","floor":21},{"not_picked":["Perfected Strike","Spot Weakness"],"picked":"Corruption+1","floor":22},{"not_picked":["Rampage","Havoc"],"picked":"Seeing Red","floor":24},{"not_picked":["Rampage","Shrug It Off"],"picked":"Sword Boomerang","floor":25}],"player_experience":599094,"relics_obtained":[{"floor":6,"key":"Blue Candle"},{"floor":8,"key":"Potion Belt"},{"floor":9,"key":"Centennial Puzzle"},{"floor":10,"key":"Girya"},{"floor":26,"key":"Tiny Chest"}],"event_choices":[{"damage_healed":0,"gold_gain":0,"player_choice":"Lose Max HP","damage_taken":0,"relics_obtained":["Golden Idol"],"max_hp_gain":0,"max_hp_loss":7,"event_name":"Golden Idol","floor":2,"gold_loss":0},{"cards_removed":["Strike_R"],"damage_healed":0,"gold_gain":0,"player_choice":"Card Removal","damage_taken":7,"max_hp_gain":0,"max_hp_loss":0,"event_name":"Golden Wing","floor":12,"gold_loss":0},{"damage_healed":0,"gold_gain":0,"player_choice":"Trade","damage_taken":0,"relics_obtained":["SsserpentHead"],"max_hp_gain":0,"max_hp_loss":0,"event_name":"FaceTrader","floor":13,"gold_loss":0},{"damage_healed":0,"gold_gain":0,"player_choice":"Traded Relic","damage_taken":0,"relics_obtained":["Nloth\u0027s Gift"],"max_hp_gain":0,"max_hp_loss":0,"event_name":"N\u0027loth","floor":19,"relics_lost":["SsserpentHead"],"gold_loss":0},{"damage_healed":0,"gold_gain":0,"player_choice":"Fought Bandits","damage_taken":0,"max_hp_gain":0,"max_hp_loss":0,"event_name":"Masked Bandits","floor":27,"gold_loss":0}],"is_beta":false,"boss_relics":[{"not_picked":["Empty Cage","Lizard Tail"],"picked":"Runic Cube"}],"items_purged_floors":[],"is_endless":false,"potions_floor_spawned":[3,11,16,18,21,25],"killed_by":"Masked Bandits","ascension_level":6}