{"gold_per_floor":[118,129,129,139,139,139,64,83,154,186,203,203,236,423,435,542,554,580,592,604,616,178,178,192,211,211,225,225,252,98,113,113,113],"floor_reached":33,"playtime":2010,"items_purged":["Strike_B","Doubt","Strike_B"],"score":275,"play_id":"71d18836-5c43-486e-afb8-e1106e741a53","local_time":"20180818164403","is_ascension_mode":false,"campfire_choices":[{"data":"Beam Cell","floor":6,"key":"SMITH"},{"data":"Zap","floor":12,"key":"SMITH"},{"data":"Hologram","floor":15,"key":"SMITH"},{"data":"Steam Power","floor":23,"key":"SMITH"},{"data":"Skim","floor":28,"key":"SMITH"},{"data":"FTL","floor":32,"key":"SMITH"}],"neow_cost":"","seed_source_timestamp":49960731188923,"circlet_count":0,"master_deck":["Strike_B+1","Defend_B","Defend_B","Defend_B+1","Zap+1","Dualcast","Gash","Steam","Beam Cell+1","Reprogram","Hologram+1","Core Surge","Steam Power+1","Steam","Gash","Reprogram","Skim+1","FTL+1","Steam+1"],"relics":["Cracked Core","The Courier","Orichalcum","MawBank","Empty Cage","Anchor","Lantern","Bottled Lightning","Shuriken"],"potions_floor_usage":[13,16,16,18,27,27,27,27,29],"damage_taken":[{"damage":0,"enemies":"Small Slimes","floor":1,"turns":2},{"damage":1,"enemies":"Cultist","floor":2,"turns":3},{"damage":0,"enemies":"2 Louse","floor":4,"turns":1},{"damage":0,"enemies":"2 Fungi Beasts","floor":8,"turns":3},{"damage":10,"enemies":"Gremlin Nob","floor":10,"turns":3},{"damage":0,"enemies":"Exordium Wildlife","floor":11,"turns":2},{"damage":12,"enemies":"3 Sentries","floor":13,"turns":7},{"damage":29,"enemies":"The Guardian","floor":16,"turns":8},{"damage":5,"enemies":"3 Byrds","floor":18,"turns":4},{"damage":14,"enemies":"Shell Parasite","floor":24,"turns":6},{"damage":9,"enemies":"Chosen and Byrds","floor":25,"turns":6},{"damage":9,"enemies":"Snake Plant","floor":27,"turns":4},{"damage":1,"enemies":"Slavers","floor":29,"turns":5},{"damage":0,"enemies":"Snecko","floor":31,"turns":3},{"damage":59,"enemies":"Collector","floor":33,"turns":7}],"seed_played":"-8408470874231574484","potions_obtained":[{"floor":2,"key":"FocusPotion"},{"floor":4,"key":"Fire Potion"},{"floor":10,"key":"SkillPotion"},{"floor":11,"key":"Swift Potion"},{"floor":13,"key":"Fire Potion"},{"floor":19,"key":"PowerPotion"},{"floor":19,"key":"EntropicBrew"},{"floor":19,"key":"Energy Potion"},{"floor":25,"key":"SteroidPotion"},{"floor":31,"key":"SpeedPotion"}],"is_trial":false,"path_per_floor":["M","M","?","M","?","R","$","M","T","E","M","R","E","?","R","B",null,"M","?","?","?","$","R","M","M","T","M","R","E","$","M","R"],"character_chosen":"DEFECT","items_purchased":["Steam Power","Steam","Anchor","Lantern","FTL"],"campfire_rested":0,"item_purchase_floors":[22,22,22,22,30],"current_hp_per_floor":[75,74,74,74,59,59,59,59,59,49,49,49,37,37,37,8,75,70,70,70,70,70,70,56,47,47,38,38,51,51,51,51,0],"gold":113,"neow_bonus":"","is_prod":false,"is_daily":false,"chose_seed":false,"campfire_upgraded":6,"win_rate":0,"timestamp":1534625043,"path_taken":["M","M","?","M","?","R","$","M","T","E","?","R","E","?","R","BOSS","M","?","?","?","$","R","M","?","T","M","R","E","?","?","R","BOSS"],"build_version":"2018-08-16","purchased_purges":3,"victory":false,"max_hp_per_floor":[75,75,75,75,75,75,75,75,75,75,75,75,75,75,75,75,75,75,75,75,75,75,75,75,75,75,75,75,75,75,75,75,75],"card_choices":[{"not_picked":["Turbo","Leap"],"picked":"Gash","floor":1},{"not_picked":["Stack","Sweeping Beam"],"picked":"Steam","floor":2},{"not_picked":["Melter","Coolheaded"],"picked":"Beam Cell","floor":4},{"not_picked":["Loop","Rebound","Consume"],"picked":"SKIP","floor":8},{"not_picked":["Doom and Gloom","Compile Driver","Rebound"],"picked":"SKIP","floor":10},{"not_picked":["Conserve Battery","Compile Driver"],"picked":"Reprogram","floor":11},{"not_picked":["Loop","Stack"],"picked":"Hologram","floor":13},{"not_picked":["Hyperbeam","Fission"],"picked":"Core Surge","floor":16},{"not_picked":["Coolheaded+1","Compile Driver","Steam"],"picked":"SKIP","floor":18},{"not_picked":["Heatsinks","Compile Driver"],"picked":"Gash","floor":24},{"not_picked":["Compile Driver","Heatsinks+1"],"picked":"Reprogram","floor":25},{"not_picked":["Beam Cell","Barrage"],"picked":"Skim","floor":27},{"not_picked":["Meteor Strike","Coolheaded+1","Sunder+1"],"picked":"SKIP","floor":29},{"not_picked":["Stack","Conserve Battery"],"picked":"Steam+1","floor":31}],"player_experience":96900,"relics_obtained":[{"floor":9,"key":"The Courier"},{"floor":10,"key":"Orichalcum"},{"floor":13,"key":"MawBank"},{"floor":26,"key":"Bottled Lightning"},{"floor":29,"key":"Shuriken"}],"event_choices":[{"event_name":"The Woman in Blue","player_choice":"Bought 0 Potions","floor":3,"damage_taken":0},{"event_name":"Shining Light","player_choice":"Entered Light","floor":5,"damage_taken":0},{"event_name":"Liars Game","player_choice":"agreed","floor":14,"damage_taken":0},{"event_name":"The Lab","player_choice":"Got Potions","floor":19,"damage_taken":0},{"event_name":"Vampires","player_choice":"Ignored","floor":20,"damage_taken":0},{"event_name":"Drug Dealer","player_choice":"Ignored","floor":21,"damage_taken":0}],"is_beta":false,"boss_relics":[{"not_picked":["Philosopher\u0027s Stone","Black Star"],"picked":"Empty Cage"}],"items_purged_floors":[7,22,30],"is_endless":false,"potions_floor_spawned":[2,4,10,11,13,25,31],"killed_by":"Collector","ascension_level":0}