{"gold_per_floor":[114,128,145,164,182,211,211,245,317,317,334,509,540,560,560,661,661,672,606,622,622,276,276,304,304,304,337,337,370,383,383,383,383],"floor_reached":33,"playtime":1161,"items_purged":["Doubt"],"score":471,"play_id":"49d990ff-454a-4cde-ac33-a98662147a3f","local_time":"20190301172313","is_ascension_mode":true,"campfire_choices":[{"floor":7,"key":"REST"},{"floor":15,"key":"REST"},{"data":"Fiend Fire","floor":23,"key":"SMITH"},{"data":"Rage","floor":25,"key":"SMITH"},{"floor":28,"key":"REST"},{"floor":32,"key":"REST"}],"neow_cost":"TEN_PERCENT_HP_LOSS","seed_source_timestamp":57048687597037,"circlet_count":0,"master_deck":["Strike_R","Strike_R","Strike_R","Strike_R","Strike_R","Defend_R","Defend_R","Defend_R","Defend_R","Bash","Immolate+1","Perfected Strike","Anger","Thunderclap","Pommel Strike","Shrug It Off","Anger","Seeing Red","Burning Pact","Reaper","Fiend Fire+1","Regret","Decay","Parasite","Shockwave","Iron Wave+1","Writhe","Bandage Up","Rage+1","Impervious","Iron Wave+1","Cleave+1"],"relics":["Burning Blood","Potion Belt","Bottled Flame","The Courier","Charon\u0027s Ashes","Calling Bell","Red Skull","Molten Egg 2","StoneCalendar","Dream Catcher","Question Card","Pear","Shuriken","Singing Bowl","Bronze Scales","Centennial Puzzle"],"potions_floor_usage":[8,18,24,27,27,27,33,33],"damage_taken":[{"damage":0,"enemies":"2 Louse","floor":1,"turns":2},{"damage":0,"enemies":"Small Slimes","floor":2,"turns":4},{"damage":12,"enemies":"Jaw Worm","floor":3,"turns":2},{"damage":11,"enemies":"Blue Slaver","floor":4,"turns":3},{"damage":13,"enemies":"Red Slaver","floor":5,"turns":4},{"damage":17,"enemies":"3 Sentries","floor":6,"turns":4},{"damage":28,"enemies":"Lagavulin","floor":8,"turns":4},{"damage":0,"enemies":"3 Louse","floor":11,"turns":1},{"damage":29,"enemies":"3 Sentries","floor":13,"turns":6},{"damage":0,"enemies":"2 Fungi Beasts","floor":14,"turns":1},{"damage":29,"enemies":"Slime Boss","floor":16,"turns":8},{"damage":10,"enemies":"3 Byrds","floor":18,"turns":3},{"damage":7,"enemies":"Chosen","floor":20,"turns":3},{"damage":37,"enemies":"Book of Stabbing","floor":24,"turns":4},{"damage":49,"enemies":"Slavers","floor":27,"turns":7},{"damage":27,"enemies":"Book of Stabbing","floor":29,"turns":5},{"damage":17,"enemies":"Snake Plant","floor":30,"turns":2},{"damage":11,"enemies":"Colosseum Slavers","floor":31,"turns":5},{"damage":57,"enemies":"Automaton","floor":33,"turns":10}],"seed_played":"-2453223022880071963","potions_obtained":[{"floor":4,"key":"Block Potion"},{"floor":5,"key":"BloodPotion"},{"floor":6,"key":"PowerPotion"},{"floor":8,"key":"Weak Potion"},{"floor":11,"key":"Energy Potion"},{"floor":16,"key":"SteroidPotion"},{"floor":20,"key":"AttackPotion"},{"floor":29,"key":"Ancient Potion"},{"floor":30,"key":"SpeedPotion"}],"is_trial":false,"path_per_floor":["M","M","M","M","M","E","R","E","T","?","M","?","E","M","R","B",null,"M","?","M","?","$","R","E","R","T","E","R","E","M","?","R","B"],"character_chosen":"IRONCLAD","items_purchased":["Pear","Bandage Up"],"campfire_rested":4,"item_purchase_floors":[22,22],"current_hp_per_floor":[72,72,66,61,54,43,64,42,42,42,48,48,25,31,52,29,61,63,63,62,62,72,72,55,55,55,24,50,33,26,25,52,0],"gold":383,"neow_bonus":"THREE_RARE_CARDS","is_prod":false,"is_daily":false,"chose_seed":false,"campfire_upgraded":2,"win_rate":0,"timestamp":1551478993,"path_taken":["M","M","M","M","M","E","R","E","T","?","M","?","E","?","R","BOSS","M","?","?","?","$","R","E","R","T","E","R","E","M","?","R","BOSS"],"build_version":"2019-01-23","purchased_purges":1,"victory":false,"max_hp_per_floor":[72,72,72,72,72,72,72,72,72,72,72,72,72,72,72,72,72,72,72,72,72,82,82,82,82,82,82,84,84,84,84,86,86],"card_choices":[{"not_picked":["Limit Break","Brutality"],"picked":"Immolate","floor":0},{"not_picked":["Headbutt","True Grit"],"picked":"Perfected Strike","floor":1},{"not_picked":["Flex","Dropkick"],"picked":"Anger","floor":2},{"not_picked":["Sentinel","Heavy Blade"],"picked":"Thunderclap","floor":3},{"not_picked":["Pummel","Feel No Pain"],"picked":"Pommel Strike","floor":4},{"not_picked":["Pummel","Havoc"],"picked":"Shrug It Off","floor":5},{"not_picked":["Dual Wield","Clash"],"picked":"Anger","floor":6},{"not_picked":["Sever Soul","Burning Pact"],"picked":"Seeing Red","floor":8},{"not_picked":["Body Slam","Heavy Blade","Sentinel"],"picked":"SKIP","floor":11},{"not_picked":["Battle Trance","Evolve"],"picked":"Burning Pact","floor":13},{"not_picked":["Metallicize","Rupture"],"picked":"Reaper","floor":14},{"not_picked":["Exhume","Berserk"],"picked":"Fiend Fire","floor":16},{"not_picked":["Warcry","Clothesline+1"],"picked":"Shockwave","floor":18},{"not_picked":["Clash+1","Inflame"],"picked":"Iron Wave+1","floor":20},{"not_picked":["Metallicize","Sword Boomerang+1","Brutality"],"picked":"Rage","floor":24},{"not_picked":["Iron Wave+1","Bloodletting","Cleave+1"],"picked":"Impervious","floor":27},{"not_picked":["Wild Strike+1","Whirlwind+1","Flex","Clash+1"],"picked":"Singing Bowl","floor":28},{"not_picked":["Cleave+1","Sword Boomerang+1","True Grit"],"picked":"Iron Wave+1","floor":29},{"not_picked":["Iron Wave+1","Feel No Pain+1","Havoc+1"],"picked":"Cleave+1","floor":30},{"not_picked":["Havoc","Armaments","Bloodletting","Pommel Strike+1"],"picked":"Singing Bowl","floor":32}],"player_experience":250665,"relics_obtained":[{"floor":6,"key":"Potion Belt"},{"floor":8,"key":"Bottled Flame"},{"floor":9,"key":"The Courier"},{"floor":13,"key":"Charon\u0027s Ashes"},{"floor":17,"key":"Red Skull"},{"floor":17,"key":"Molten Egg 2"},{"floor":17,"key":"StoneCalendar"},{"floor":24,"key":"Shuriken"},{"floor":26,"key":"Singing Bowl"},{"floor":27,"key":"Bronze Scales"},{"floor":29,"key":"Centennial Puzzle"}],"event_choices":[{"damage_healed":0,"gold_gain":0,"player_choice":"Grow","damage_taken":0,"max_hp_gain":0,"max_hp_loss":0,"event_name":"Living Wall","floor":10,"gold_loss":0,"cards_upgraded":["Immolate"]},{"damage_healed":0,"gold_gain":175,"player_choice":"AGREE","damage_taken":0,"max_hp_gain":0,"max_hp_loss":0,"event_name":"Liars Game","floor":12,"gold_loss":0,"cards_obtained":["Doubt"]},{"damage_healed":0,"gold_gain":0,"player_choice":"Paid Gold","damage_taken":0,"relics_obtained":["Dream Catcher"],"max_hp_gain":0,"max_hp_loss":0,"event_name":"WeMeetAgain","floor":19,"gold_loss":66},{"damage_healed":0,"gold_gain":0,"player_choice":"Opened","damage_taken":0,"relics_obtained":["Question Card"],"max_hp_gain":0,"max_hp_loss":0,"event_name":"The Mausoleum","floor":21,"gold_loss":0,"cards_obtained":["Writhe"]},{"damage_healed":0,"gold_gain":0,"player_choice":"Fight","damage_taken":0,"max_hp_gain":0,"max_hp_loss":0,"event_name":"Colosseum","floor":31,"gold_loss":0},{"damage_healed":0,"gold_gain":0,"player_choice":"Fled From Nobs","damage_taken":0,"max_hp_gain":0,"max_hp_loss":0,"event_name":"Colosseum","floor":31,"gold_loss":0}],"is_beta":false,"boss_relics":[{"not_picked":["Empty Cage","Astrolabe"],"picked":"Calling Bell"}],"items_purged_floors":[22],"is_endless":false,"potions_floor_spawned":[4,5,6,8,11,16,20,29,30,31],"killed_by":"Automaton","ascension_level":9}