{"path_per_floor":["M","M","M","M","M","E","M","T","T","M","R","E","R","M","R","B",null,"M","M","?","$","?","R","E","$","T","M","R","$","E","$","R"],"character_chosen":"IRONCLAD","items_purchased":["Disarm","Bag of Marbles","Inflame","Metallicize","Seeing Red","True Grit"],"gold_per_floor":[119,131,148,162,180,207,218,218,244,261,261,286,286,296,296,372,372,387,401,401,184,184,184,214,133,185,204,204,87,120,75,75,75],"floor_reached":33,"campfire_rested":0,"playtime":1228,"current_hp_per_floor":[77,80,80,80,61,54,55,55,55,60,60,50,50,55,55,16,64,70,52,52,52,52,52,75,75,75,60,60,60,48,48,48,0],"items_purged":[],"gold":75,"score":531,"play_id":"509b41e0-7f20-464e-90ab-cce791080cab","local_time":"20180425213105","is_prod":false,"is_daily":false,"chose_seed":false,"is_ascension_mode":true,"campfire_upgraded":6,"timestamp":1524684665,"path_taken":["M","M","M","M","M","E","M","?","T","M","R","E","R","M","R","BOSS","M","M","?","?","?","R","E","$","T","M","R","$","E","$","R","BOSS"],"build_version":"2018-04-19","seed_source_timestamp":220793899539600,"purchased_purges":0,"victory":false,"master_deck":["Strike_R+1","Strike_R+1","Strike_R+1","Strike_R+1","Strike_R+1","Defend_R+1","Defend_R+1","Defend_R+1","Defend_R+1","Bash+1","AscendersBane","Pommel Strike","Anger","Clothesline+1","Immolate+1","Thunderclap","Feel No Pain","Limit Break+1","Double Tap+1","Reaper","Evolve+1","Flex","Disarm","Fiend Fire","Inflame","Sentinel+1","Metallicize","Seeing Red","Metallicize+1","True Grit+1"],"max_hp_per_floor":[80,80,80,80,80,80,80,80,80,80,80,80,80,80,80,80,80,80,80,80,80,80,80,80,80,80,80,80,80,80,80,80,80],"relics":["Burning Blood","Bronze Scales","Juzu Bracelet","Whetstone","Pen Nib","Thread and Needle","Philosopher\u0027s Stone","Bag of Marbles","Happy Flower","Blood Vial","Darkstone Periapt"],"card_choices":[{"not_picked":["Cleave","Heavy Blade"],"picked":"Pommel Strike","floor":1},{"not_picked":["Second Wind","True Grit"],"picked":"Anger","floor":2},{"not_picked":["Flame Barrier","Dual Wield"],"picked":"Clothesline","floor":3},{"not_picked":["Clash","Body Slam"],"picked":"Immolate","floor":4},{"not_picked":["Twin Strike","Clash"],"picked":"Thunderclap","floor":5},{"not_picked":["Corruption","Twin Strike"],"picked":"Feel No Pain","floor":6},{"not_picked":["Havoc","Power Through"],"picked":"Limit Break","floor":7},{"not_picked":["Heavy Blade","Iron Wave"],"picked":"Double Tap","floor":12},{"not_picked":["Feed","Impervious"],"picked":"Reaper","floor":16},{"not_picked":["Pommel Strike","Warcry"],"picked":"Evolve","floor":18},{"not_picked":["Clash","Cleave"],"picked":"Flex","floor":19},{"not_picked":["Searing Blow","Wild Strike"],"picked":"Fiend Fire","floor":24},{"not_picked":["Shrug It Off","Blood for Blood"],"picked":"Sentinel","floor":27},{"not_picked":["Pommel Strike","Combust"],"picked":"Metallicize","floor":30}],"player_experience":439797,"potions_floor_usage":[12,16,18,30,30,33],"damage_taken":[{"damage":1,"enemies":"Cultist","floor":1,"turns":3},{"damage":3,"enemies":"2 Louse","floor":2,"turns":2},{"damage":2,"enemies":"Jaw Worm","floor":3,"turns":3},{"damage":2,"enemies":"Exordium Wildlife","floor":4,"turns":3},{"damage":25,"enemies":"Exordium Thugs","floor":5,"turns":4},{"damage":13,"enemies":"3 Sentries","floor":6,"turns":4},{"damage":5,"enemies":"2 Fungi Beasts","floor":7,"turns":3},{"damage":1,"enemies":"3 Louse","floor":10,"turns":3},{"damage":25,"enemies":"Lagavulin","floor":12,"turns":5},{"damage":1,"enemies":"Blue Slaver","floor":14,"turns":3},{"damage":45,"enemies":"Hexaghost","floor":16,"turns":8},{"damage":0,"enemies":"Chosen","floor":18,"turns":1},{"damage":24,"enemies":"3 Byrds","floor":19,"turns":3},{"damage":0,"enemies":"Gremlin Leader","floor":24,"turns":5},{"damage":23,"enemies":"Centurion and Healer","floor":27,"turns":3},{"damage":20,"enemies":"Slavers","floor":30,"turns":4},{"damage":60,"enemies":"Automaton","floor":33,"turns":6}],"event_choices":[{"event_name":"Back to Basics","player_choice":"Simplicity","floor":20,"damage_taken":0},{"event_name":"Beggar","player_choice":"Ignored","floor":22,"damage_taken":0}],"boss_relics":[{"not_picked":["Pandora\u0027s Box","Tiny House"],"picked":"Philosopher\u0027s Stone"}],"potions_floor_spawned":[5,7,10,14,19,27,30],"seed_played":"-6198846734380522401","killed_by":"Automaton","ascension_level":13,"is_trial":false}