{"gold_per_floor":[359,359,369,385,395,728,728,761,841,875,901,919,919,949,949,1052,1052,1062,1062,751,763,781,781,798,798],"floor_reached":25,"playtime":1230,"items_purged":["Strike_R"],"score":386,"play_id":"bfd41876-869e-44d4-8659-abc754e0c0d3","local_time":"20190228102936","is_ascension_mode":true,"campfire_choices":[{"floor":13.0,"key":"REST"},{"data":"Heavy Blade","floor":15.0,"key":"SMITH"},{"data":"Armaments","floor":23.0,"key":"SMITH"}],"neow_cost":"TEN_PERCENT_HP_LOSS","seed_source_timestamp":0,"circlet_count":0,"master_deck":["AscendersBane","Strike_R","Strike_R","Strike_R+1","Strike_R+1","Defend_R","Defend_R","Defend_R","Defend_R","Bash+1","Iron Wave","Spot Weakness","Armaments+1","Pummel+1","Shrug It Off","Cleave","Pummel","Heavy Blade+1","Iron Wave","Offering","Battle Trance","Body Slam","Body Slam","Pummel"],"special_seed":0,"relics":["Burning Blood","Old Coin","Turnip","Pantograph","Centennial Puzzle","Whetstone","Letter Opener","Eternal Feather","Membership Card","Juzu Bracelet"],"potions_floor_usage":[25],"damage_taken":[{"damage":14.0,"enemies":"Jaw Worm","floor":1.0,"turns":5.0},{"damage":1.0,"enemies":"2 Louse","floor":3.0,"turns":3.0},{"damage":8.0,"enemies":"Small Slimes","floor":4.0,"turns":4.0},{"damage":3.0,"enemies":"Looter","floor":5.0,"turns":5.0},{"damage":15.0,"enemies":"Gremlin Nob","floor":6.0,"turns":4.0},{"damage":35.0,"enemies":"Lagavulin","floor":8.0,"turns":8.0},{"damage":9.0,"enemies":"3 Sentries","floor":10.0,"turns":7.0},{"damage":8.0,"enemies":"Blue Slaver","floor":12.0,"turns":3.0},{"damage":19.0,"enemies":"Gremlin Nob","floor":14.0,"turns":4.0},{"damage":33.0,"enemies":"The Guardian","floor":16.0,"turns":10.0},{"damage":28.0,"enemies":"2 Thieves","floor":18.0,"turns":4.0},{"damage":22.0,"enemies":"3 Byrds","floor":21.0,"turns":5.0},{"damage":12.0,"enemies":"Cultist and Chosen","floor":22.0,"turns":6.0},{"damage":32.0,"enemies":"Sentry and Sphere","floor":24.0,"turns":8.0},{"damage":50,"enemies":"Slavers","floor":25,"turns":3}],"seed_played":"-7519775317618734247","potions_obtained":[{"floor":1.0,"key":"Poison Potion"},{"floor":8.0,"key":"Dexterity Potion"},{"floor":10.0,"key":"FearPotion"},{"floor":16.0,"key":"Swift Potion"},{"floor":22.0,"key":"Regen Potion"},{"floor":24.0,"key":"Fruit Juice"}],"is_trial":false,"path_per_floor":["M","?","M","M","M","E","?","E","T","E","T","M","R","E","R","B",null,"M","?","$","M","M","R","M","E"],"character_chosen":"IRONCLAD","items_purchased":["Membership Card","Juzu Bracelet"],"campfire_rested":1,"item_purchase_floors":[20,20],"current_hp_per_floor":[64,50,55,53,56,47,47,18,18,15,15,13,34,21,21,19,59,37,61,61,45,39,51,45,0],"gold":798,"neow_bonus":"TWO_FIFTY_GOLD","is_prod":false,"is_daily":false,"chose_seed":false,"campfire_upgraded":2,"win_rate":0,"timestamp":1551338976,"path_taken":["M","?","M","M","M","E","?","E","T","E","?","M","R","E","R","BOSS","M","?","$","M","M","R","M","E"],"build_version":"2019-01-23","purchased_purges":1,"victory":false,"max_hp_per_floor":[72,72,72,72,72,72,72,72,72,72,72,72,72,72,72,72,72,72,72,72,72,72,72,77,77],"card_choices":[{"not_picked":["Sentinel","Wild Strike"],"picked":"Iron Wave","floor":1.0},{"not_picked":["Shockwave","Headbutt"],"picked":"Spot Weakness","floor":3.0},{"not_picked":["Wild Strike","Anger"],"picked":"Armaments","floor":4.0},{"not_picked":["Seeing Red","Blood for Blood"],"picked":"Pummel","floor":5.0},{"not_picked":["Twin Strike","Exhume"],"picked":"Shrug It Off","floor":6.0},{"not_picked":["Blood for Blood","Flex"],"picked":"Cleave","floor":8.0},{"not_picked":["Feel No Pain","Carnage"],"picked":"Pummel","floor":10.0},{"not_picked":["Disarm","Pommel Strike"],"picked":"Heavy Blade","floor":12.0},{"not_picked":["Sentinel","Clothesline"],"picked":"Iron Wave","floor":14.0},{"not_picked":["Feed","Brutality"],"picked":"Offering","floor":16.0},{"not_picked":["Warcry","Twin Strike+1"],"picked":"Battle Trance","floor":18.0},{"not_picked":["Clash+1","Sword Boomerang"],"picked":"Body Slam","floor":21.0},{"not_picked":["Twin Strike","Sever Soul"],"picked":"Body Slam","floor":22.0},{"not_picked":["Bloodletting","Sever Soul"],"picked":"Pummel","floor":24.0}],"player_experience":362140,"relics_obtained":[{"floor":6.0,"key":"Old Coin"},{"floor":8.0,"key":"Turnip"},{"floor":9.0,"key":"Pantograph"},{"floor":10.0,"key":"Centennial Puzzle"},{"floor":11.0,"key":"Whetstone"},{"floor":14.0,"key":"Letter Opener"}],"event_choices":[{"damage_healed":0.0,"max_hp_gain":0.0,"max_hp_loss":0.0,"gold_gain":0.0,"event_name":"Shining Light","player_choice":"Entered Light","floor":2.0,"gold_loss":0.0,"damage_taken":14.0,"cards_upgraded":["Bash","Strike_R"]},{"damage_healed":0.0,"max_hp_gain":0.0,"max_hp_loss":0.0,"gold_gain":0.0,"event_name":"Liars Game","player_choice":"Ignored","floor":7.0,"gold_loss":0.0,"damage_taken":0.0},{"damage_healed":24.0,"max_hp_gain":0.0,"max_hp_loss":0.0,"gold_gain":0.0,"event_name":"The Library","player_choice":"Heal","floor":19.0,"gold_loss":0.0,"damage_taken":0.0}],"is_beta":false,"boss_relics":[{"not_picked":["Fusion Hammer","White Beast Statue"],"picked":"Eternal Feather"}],"items_purged_floors":[20],"is_endless":false,"potions_floor_spawned":[1,8,10,16,22,24],"killed_by":"Slavers","ascension_level":11}