{"gold_per_floor":[112,123,123,139,157,157,173,173,173,192,192,527,527,542,542,542],"floor_reached":16,"playtime":687,"items_purged":[],"score":104,"play_id":"98a28a63-93d5-4aaf-b16e-bec8eff8dee6","local_time":"20190102055339","is_ascension_mode":false,"campfire_choices":[{"data":"Shrug It Off","floor":6.0,"key":"SMITH"},{"data":"Pommel Strike","floor":8.0,"key":"SMITH"},{"floor":11.0,"key":"DIG"},{"floor":13.0,"key":"DIG"},{"floor":15.0,"key":"DIG"}],"neow_cost":"NONE","seed_source_timestamp":672750098867252,"circlet_count":0,"master_deck":["Strike_R","Strike_R","Strike_R","Strike_R","Defend_R","Defend_R","Defend_R","Defend_R","Bash","Shrug It Off+1","Pommel Strike+1","Pummel"],"special_seed":0,"relics":["Burning Blood","Shovel","Gambling Chip","Old Coin","Oddly Smooth Stone","Blood Vial"],"potions_floor_usage":[16],"damage_taken":[{"damage":6.0,"enemies":"Cultist","floor":1.0,"turns":3.0},{"damage":4.0,"enemies":"2 Louse","floor":2.0,"turns":2.0},{"damage":3.0,"enemies":"Jaw Worm","floor":4.0,"turns":4.0},{"damage":4.0,"enemies":"2 Fungi Beasts","floor":5.0,"turns":4.0},{"damage":11.0,"enemies":"3 Louse","floor":7.0,"turns":4.0},{"damage":10.0,"enemies":"Exordium Wildlife","floor":10.0,"turns":4.0},{"damage":21.0,"enemies":"Lagavulin","floor":12.0,"turns":7.0},{"damage":7.0,"enemies":"Blue Slaver","floor":14.0,"turns":3.0},{"damage":68,"enemies":"Slime Boss","floor":16,"turns":10}],"seed_played":"923284308781192649","potions_obtained":[{"floor":2.0,"key":"Energy Potion"},{"floor":4.0,"key":"EssenceOfSteel"},{"floor":7.0,"key":"Explosive Potion"},{"floor":12.0,"key":"Fire Potion"}],"is_trial":false,"path_per_floor":["M","M","?","M","M","R","M","R","T","M","R","E","R","M","R","B"],"character_chosen":"IRONCLAD","items_purchased":[],"campfire_rested":0,"item_purchase_floors":[],"current_hp_per_floor":[88,88,88,88,88,88,83,83,83,79,79,64,64,63,63,0],"gold":542,"neow_bonus":"TEN_PERCENT_HP_BONUS","is_prod":false,"is_daily":false,"chose_seed":false,"campfire_upgraded":2,"win_rate":0,"timestamp":1546426419,"path_taken":["M","M","?","M","M","R","M","R","T","?","R","E","R","M","R","BOSS"],"build_version":"2018-12-20","purchased_purges":0,"victory":false,"max_hp_per_floor":[88,88,88,88,88,88,88,88,88,88,88,88,88,88,88,88],"card_choices":[{"not_picked":["Sever Soul","Dual Wield"],"picked":"Shrug It Off","floor":1.0},{"not_picked":["Clash","Sword Boomerang"],"picked":"Pommel Strike","floor":2.0},{"not_picked":["Dual Wield","Pommel Strike"],"picked":"Pummel","floor":4.0},{"not_picked":["Thunderclap","Clash","Inflame"],"picked":"SKIP","floor":5.0},{"not_picked":["Thunderclap","Clash","Inflame"],"picked":"SKIP","floor":5.0},{"not_picked":["Combust","Shrug It Off","True Grit"],"picked":"SKIP","floor":7.0},{"not_picked":["Searing Blow","Sever Soul","Bludgeon"],"picked":"SKIP","floor":10.0},{"not_picked":["Hemokinesis","Wild Strike","Carnage"],"picked":"SKIP","floor":12.0},{"not_picked":["Cleave","True Grit","Perfected Strike"],"picked":"SKIP","floor":14.0}],"player_experience":403604,"relics_obtained":[{"floor":9.0,"key":"Shovel"},{"floor":11.0,"key":"Gambling Chip"},{"floor":12.0,"key":"Old Coin"},{"floor":13.0,"key":"Oddly Smooth Stone"},{"floor":15.0,"key":"Blood Vial"}],"event_choices":[{"cards_removed":["Strike_R"],"damage_healed":0.0,"max_hp_gain":0.0,"max_hp_loss":0.0,"gold_gain":0.0,"event_name":"Purifier","player_choice":"Purged","floor":3.0,"gold_loss":0.0,"damage_taken":0.0}],"is_beta":false,"boss_relics":[],"items_purged_floors":[],"is_endless":false,"potions_floor_spawned":[2,4,7,10,12],"killed_by":"Slime Boss","ascension_level":0}