{"gold_per_floor":[109,32,46,59,86,86,103,103,126,126,126,126,144,162,162,293,293,311,39,39,55,55,55],"floor_reached":23,"playtime":639,"items_purged":["Strike_B"],"score":290,"play_id":"006465e0-a787-49de-a8d1-b0804259fc60","local_time":"20190214163322","is_ascension_mode":true,"campfire_choices":[{"data":"Consume","floor":6,"key":"SMITH"},{"data":"Loop","floor":10,"key":"SMITH"},{"data":"Zap","floor":12,"key":"SMITH"},{"data":"Loop","floor":15,"key":"SMITH"}],"neow_cost":"TEN_PERCENT_HP_LOSS","seed_source_timestamp":938879976353402,"circlet_count":0,"master_deck":["AscendersBane","Defend_B","Defend_B","Defend_B","Defend_B","Zap+1","Dualcast","Consume+1","Stack","Self Repair","Coolheaded","Loop+1","Ball Lightning","Loop+1","Seek","Reboot","Reinforced Body"],"relics":["Cracked Core","Bronze Scales","Ancient Tea Set","Golden Idol","Inserter","Oddly Smooth Stone"],"potions_floor_usage":[16,21],"damage_taken":[{"damage":0,"enemies":"Cultist","floor":1,"turns":3},{"damage":4,"enemies":"Small Slimes","floor":3,"turns":4},{"damage":2,"enemies":"2 Louse","floor":4,"turns":3},{"damage":0,"enemies":"Large Slime","floor":7,"turns":5},{"damage":1,"enemies":"2 Fungi Beasts","floor":13,"turns":4},{"damage":15,"enemies":"Gremlin Gang","floor":14,"turns":3},{"damage":19,"enemies":"Hexaghost","floor":16,"turns":6},{"damage":20,"enemies":"3 Byrds","floor":18,"turns":3},{"damage":38,"enemies":"2 Thieves","floor":21,"turns":4},{"damage":17,"enemies":"Centurion and Healer","floor":23,"turns":2}],"seed_played":"-9154701894313382053","potions_obtained":[{"floor":3,"key":"Strength Potion"},{"floor":14,"key":"LiquidBronze"},{"floor":21,"key":"Fruit Juice"}],"is_trial":false,"path_per_floor":["M","$","M","M","T","R","M","?","T","R","?","R","M","M","R","B",null,"M","$","?","M","?","M"],"character_chosen":"DEFECT","items_purchased":["Self Repair","Reinforced Body","Oddly Smooth Stone"],"campfire_rested":0,"item_purchase_floors":[2,19,19],"current_hp_per_floor":[68,68,68,68,68,68,68,61,61,61,44,44,50,35,35,23,57,44,44,44,11,11,0],"gold":55,"neow_bonus":"TRANSFORM_TWO_CARDS","is_prod":false,"is_daily":false,"chose_seed":false,"campfire_upgraded":4,"win_rate":0,"timestamp":1550122402,"path_taken":["M","$","M","M","?","R","M","?","T","R","?","R","M","M","R","BOSS","M","$","?","M","?","M"],"build_version":"2019-01-23","purchased_purges":1,"victory":false,"max_hp_per_floor":[68,68,68,68,68,68,68,68,68,68,68,68,68,68,68,68,68,68,68,68,73,73,73],"card_choices":[{"not_picked":["Stack","Sweeping Beam","Aggregate"],"picked":"SKIP","floor":1},{"not_picked":["Gash","Beam Cell"],"picked":"Coolheaded","floor":3},{"not_picked":["Coolheaded","Stack"],"picked":"Loop","floor":4},{"not_picked":["Barrage","Gash"],"picked":"Ball Lightning","floor":7},{"not_picked":["Go for the Eyes","Coolheaded"],"picked":"Loop","floor":13},{"not_picked":["Cold Snap","Hello World"],"picked":"Seek","floor":14},{"not_picked":["Hyperbeam","Core Surge"],"picked":"Reboot","floor":16},{"not_picked":["Stack","Redo","Barrage"],"picked":"SKIP","floor":18},{"not_picked":["Redo","Self Repair","Ball Lightning"],"picked":"SKIP","floor":21}],"player_experience":714207,"relics_obtained":[{"floor":5,"key":"Bronze Scales"},{"floor":9,"key":"Ancient Tea Set"}],"event_choices":[{"cards_removed":["Strike_B"],"damage_healed":0,"gold_gain":0,"player_choice":"Card Removal","damage_taken":7,"max_hp_gain":0,"max_hp_loss":0,"event_name":"Golden Wing","floor":8,"gold_loss":0},{"damage_healed":0,"gold_gain":0,"player_choice":"Take Damage","damage_taken":17,"relics_obtained":["Golden Idol"],"max_hp_gain":0,"max_hp_loss":0,"event_name":"Golden Idol","floor":11,"gold_loss":0},{"damage_healed":0,"gold_gain":0,"player_choice":"Ignored","damage_taken":0,"max_hp_gain":0,"max_hp_loss":0,"event_name":"Beggar","floor":22,"gold_loss":0}],"is_beta":false,"boss_relics":[{"not_picked":["Sozu","Coffee Dripper"],"picked":"Inserter"}],"items_purged_floors":[19],"is_endless":false,"potions_floor_spawned":[3,14,21],"killed_by":"Centurion and Healer","ascension_level":12}