{"gold_per_floor":[368,378,389,8,8,8,40,51,96,173,185],"floor_reached":11,"playtime":454,"items_purged":[],"score":142,"play_id":"77e1f363-d44f-4da2-9ff0-768453a01045","local_time":"20190227151034","is_ascension_mode":true,"campfire_choices":[{"data":"True Grit","floor":6.0,"key":"SMITH"}],"neow_cost":"PERCENT_DAMAGE","seed_source_timestamp":319351723099010,"circlet_count":0,"master_deck":["AscendersBane","Strike_R","Strike_R","Strike_R","Strike_R","Strike_R","Defend_R","Defend_R","Defend_R","Defend_R","Bash","Uppercut","Wild Strike","Second Wind","True Grit+1","Bludgeon","Anger","Headbutt"],"special_seed":0,"relics":["Burning Blood","Vajra","Frozen Egg 2","MawBank","Smiling Mask"],"potions_floor_usage":[11],"damage_taken":[{"damage":1.0,"enemies":"Cultist","floor":1.0,"turns":3.0},{"damage":17.0,"enemies":"Jaw Worm","floor":2.0,"turns":6.0},{"damage":0.0,"enemies":"Small Slimes","floor":3.0,"turns":3.0},{"damage":26.0,"enemies":"3 Sentries","floor":7.0,"turns":8.0},{"damage":1.0,"enemies":"Looter","floor":8.0,"turns":2.0},{"damage":32.0,"enemies":"Lagavulin Event","floor":10.0,"turns":5.0},{"damage":10,"enemies":"Lagavulin","floor":11,"turns":5}],"seed_played":"-4928981811475140629","potions_obtained":[{"floor":1.0,"key":"SkillPotion"},{"floor":7.0,"key":"Fire Potion"},{"floor":8.0,"key":"SpeedPotion"}],"is_trial":false,"path_per_floor":["M","M","M","$","?","R","E","M","T","?","E"],"character_chosen":"IRONCLAD","items_purchased":["Vajra","True Grit","Bludgeon"],"campfire_rested":0,"item_purchase_floors":[4,4,4],"current_hp_per_floor":[55,44,50,50,50,50,30,35,35,9,0],"gold":185,"neow_bonus":"TWO_FIFTY_GOLD","is_prod":false,"is_daily":false,"chose_seed":false,"campfire_upgraded":1,"win_rate":0,"timestamp":1551298234,"path_taken":["M","M","M","$","?","R","E","M","T","?","E"],"build_version":"2019-01-23","purchased_purges":0,"victory":false,"max_hp_per_floor":[75,75,75,75,75,75,75,75,75,75,75],"card_choices":[{"not_picked":["Burning Pact","Flex"],"picked":"Uppercut","floor":1.0},{"not_picked":["Heavy Blade","Sever Soul"],"picked":"Wild Strike","floor":2.0},{"not_picked":["Flex","Sword Boomerang"],"picked":"Second Wind","floor":3.0},{"not_picked":["Sword Boomerang","Iron Wave"],"picked":"Anger","floor":7.0},{"not_picked":["Warcry","Clash"],"picked":"Headbutt","floor":8.0}],"player_experience":592070,"relics_obtained":[{"floor":7.0,"key":"Frozen Egg 2"},{"floor":9.0,"key":"MawBank"},{"floor":10.0,"key":"Smiling Mask"}],"event_choices":[{"damage_healed":0.0,"max_hp_gain":0.0,"max_hp_loss":0.0,"gold_gain":0.0,"event_name":"The Cleric","player_choice":"Leave","floor":5.0,"gold_loss":0.0,"damage_taken":0.0},{"damage_healed":0.0,"max_hp_gain":0.0,"max_hp_loss":0.0,"gold_gain":0.0,"event_name":"Dead Adventurer","player_choice":"Searched \u00271\u0027 times","floor":10.0,"gold_loss":0.0,"damage_taken":0.0}],"is_beta":false,"boss_relics":[],"items_purged_floors":[],"is_endless":false,"potions_floor_spawned":[1,7,8],"killed_by":"Lagavulin","ascension_level":19}