{"gold_per_floor":[118,118,136,27,42,42,73,83,109,143,143,43,43,43,43,116,116,132,132,150,25,25,50,50,50,77,77,77,93,110,120,120,194,194,206,170,190,220,320,320,347,347,400,400,417,417,62,82,82,82],"floor_reached":51,"playtime":2742,"items_purged":["Strike_B","Strike_B","Strike_B","Defend_B"],"score":1099,"play_id":"aa41001b-6ab6-4f12-9f89-1f98ae0b61ef","local_time":"20190221204650","is_ascension_mode":true,"campfire_choices":[{"data":"Zap","floor":6.0,"key":"SMITH"},{"data":"Defragment","floor":11.0,"key":"SMITH"},{"floor":15.0,"key":"REST"},{"floor":24,"key":"REST"},{"data":"Deep Breath","floor":28,"key":"SMITH"},{"floor":32,"key":"REST"},{"floor":40,"key":"REST"},{"floor":42,"key":"REST"},{"floor":44,"key":"REST"},{"data":"1","floor":46,"key":"LIFT"},{"floor":49,"key":"REST"}],"neow_cost":"TEN_PERCENT_HP_LOSS","seed_source_timestamp":4827496682199,"circlet_count":0,"master_deck":["AscendersBane","Defend_B","Defend_B","Defend_B","Zap+1","Dualcast","Deep Breath+1","Secret Technique+1","White Noise","Defragment+1","Cold Snap+1","Reinforced Body","Leap+1","Compile Driver+1","White Noise","Biased Cognition","Undo","Seek","Self Repair","Hologram"],"special_seed":0,"relics":["Cracked Core","Juzu Bracelet","PreservedInsect","War Paint","Sozu","Nilry\u0027s Codex","Art of War","Whetstone","Fusion Hammer","Tiny Chest","Girya","Bag of Preparation","Regal Pillow","ClockworkSouvenir"],"potions_floor_usage":[23],"damage_taken":[{"damage":1.0,"enemies":"2 Louse","floor":1.0,"turns":3.0},{"damage":1.0,"enemies":"Cultist","floor":3.0,"turns":4.0},{"damage":3.0,"enemies":"Small Slimes","floor":5.0,"turns":4.0},{"damage":19.0,"enemies":"Gremlin Nob","floor":7.0,"turns":5.0},{"damage":25.0,"enemies":"Exordium Thugs","floor":8.0,"turns":5.0},{"damage":12.0,"enemies":"Lagavulin","floor":10.0,"turns":5.0},{"damage":21.0,"enemies":"Slime Boss","floor":16.0,"turns":8.0},{"damage":0.0,"enemies":"Chosen","floor":18.0,"turns":4.0},{"damage":13.0,"enemies":"3 Byrds","floor":20.0,"turns":3.0},{"damage":10,"enemies":"Gremlin Leader","floor":23,"turns":6},{"damage":0,"enemies":"Cultist and Chosen","floor":29,"turns":4},{"damage":0,"enemies":"Sentry and Sphere","floor":30,"turns":5},{"damage":3,"enemies":"3 Cultists","floor":31,"turns":5},{"damage":40,"enemies":"Collector","floor":33,"turns":12},{"damage":0,"enemies":"Orb Walker","floor":35,"turns":3},{"damage":2,"enemies":"3 Darklings","floor":37,"turns":7},{"damage":31,"enemies":"Mind Bloom Boss Battle","floor":39,"turns":9},{"damage":58,"enemies":"Reptomancer","floor":41,"turns":5},{"damage":13,"enemies":"Spire Growth","floor":45,"turns":6},{"damage":31,"enemies":"Writhing Mass","floor":48,"turns":4},{"damage":44,"enemies":"Time Eater","floor":50,"turns":15}],"seed_played":"-2720323803710947952","potions_obtained":[{"floor":3.0,"key":"LiquidBronze"},{"floor":7.0,"key":"SteroidPotion"},{"floor":10.0,"key":"PowerPotion"}],"is_trial":false,"path_per_floor":["M","?","M","$","M","R","E","M","T","E","R","$","?","$","R","B",null,"M","?","M","$","?","E","R","?","T","?","R","M","M","M","R","B",null,"M","$","M","T","?","R","E","R","T","R","M","R","$","M","R","B",null],"character_chosen":"DEFECT","items_purchased":["Reinforced Body","Self Repair","ClockworkSouvenir"],"campfire_rested":7,"item_purchase_floors":[4,36,47],"current_hp_per_floor":[67,67,66,66,63,63,44,19,19,7,7,7,7,7,27,6,53,53,53,40,40,24,14,34,34,34,39,39,39,39,36,56,16,55,55,55,60,60,43,63,12,32,32,67,61,61,61,37,68,31],"gold":82,"neow_bonus":"RANDOM_COLORLESS_2","is_prod":false,"is_daily":false,"chose_seed":false,"campfire_upgraded":3,"win_rate":0,"timestamp":1550742410,"path_taken":["M","?","?","?","M","R","E","M","T","E","R","$","?","?","R","BOSS","M","?","M","$","?","E","R","?","T","?","R","M","M","M","R","BOSS","M","$","M","?","?","R","E","R","T","R","M","R","$","M","R","BOSS"],"build_version":"2019-01-23","purchased_purges":4,"victory":true,"max_hp_per_floor":[68,68,68,68,68,68,68,68,68,68,68,68,68,68,68,68,68,68,68,68,68,68,68,68,68,68,68,68,68,68,68,68,68,68,68,68,68,68,68,68,68,68,68,68,68,68,68,68,68,68],"card_choices":[{"not_picked":["Stack","Rebound"],"picked":"White Noise","floor":1.0},{"not_picked":["Hello World","Hologram"],"picked":"Cold Snap","floor":3.0},{"not_picked":["Turbo","Beam Cell"],"picked":"Leap","floor":5.0},{"not_picked":["Auto Shields","Go for the Eyes"],"picked":"Compile Driver","floor":7.0},{"not_picked":["Streamline","Hologram","Compile Driver"],"picked":"SKIP","floor":8.0},{"not_picked":["Thunder Strike","Rebound"],"picked":"White Noise","floor":10.0},{"not_picked":["Rainbow","Electrodynamics"],"picked":"Biased Cognition","floor":16.0},{"not_picked":["Loop","Cold Snap","Beam Cell"],"picked":"SKIP","floor":18.0},{"not_picked":["Gash","Turbo"],"picked":"Coolheaded","floor":20.0},{"not_picked":["Coolheaded","Amplify","Aggregate"],"picked":"SKIP","floor":23},{"not_picked":["Conserve Battery","Gash+1"],"picked":"Undo","floor":29},{"not_picked":["Blizzard","Turbo","Undo"],"picked":"SKIP","floor":30},{"not_picked":["Cold Snap","Gash","Barrage"],"picked":"SKIP","floor":31},{"not_picked":["All For One","Machine Learning"],"picked":"Seek","floor":33},{"not_picked":["Hologram","Undo","Recycle"],"picked":"SKIP","floor":35},{"not_picked":["Barrage","Recycle+1","Go for the Eyes"],"picked":"SKIP","floor":37},{"not_picked":["Cold Snap+1","Recycle"],"picked":"Hologram","floor":39},{"not_picked":["Echo Form","Beam Cell","FTL"],"picked":"SKIP","floor":41},{"not_picked":["Scrape","Capacitor","Ball Lightning"],"picked":"SKIP","floor":45},{"not_picked":["Chaos","Double Energy","Reprogram"],"picked":"SKIP","floor":48}],"player_experience":733232,"relics_obtained":[{"floor":7.0,"key":"Juzu Bracelet"},{"floor":9.0,"key":"PreservedInsect"},{"floor":10.0,"key":"War Paint"},{"floor":22.0,"key":"Nilry\u0027s Codex"},{"floor":23,"key":"Art of War"},{"floor":26,"key":"Whetstone"},{"floor":38,"key":"Tiny Chest"},{"floor":39,"key":"Girya"},{"floor":41,"key":"Bag of Preparation"},{"floor":43,"key":"Regal Pillow"}],"event_choices":[{"damage_healed":0.0,"max_hp_gain":0.0,"max_hp_loss":0.0,"gold_gain":0.0,"event_name":"Match and Keep!","player_choice":"1 cards matched","floor":2.0,"gold_loss":0.0,"damage_taken":0.0,"cards_obtained":["Defragment"]},{"cards_removed":["Strike_B"],"damage_healed":0.0,"max_hp_gain":0.0,"max_hp_loss":0.0,"gold_gain":0.0,"event_name":"Purifier","player_choice":"Purged","floor":13.0,"gold_loss":0.0,"damage_taken":0.0},{"damage_healed":0.0,"max_hp_gain":0.0,"max_hp_loss":0.0,"gold_gain":0.0,"event_name":"Vampires","player_choice":"Ignored","floor":19.0,"gold_loss":0.0,"damage_taken":0.0},{"damage_healed":0.0,"max_hp_gain":0.0,"max_hp_loss":0.0,"gold_gain":0.0,"event_name":"Cursed Tome","player_choice":"Obtained Book","floor":22.0,"gold_loss":0.0,"damage_taken":16.0},{"damage_healed":0,"gold_gain":0,"player_choice":"Bought 0 Potions","damage_taken":0,"max_hp_gain":0,"max_hp_loss":0,"event_name":"The Woman in Blue","floor":25,"gold_loss":0},{"cards_removed":["Coolheaded"],"damage_healed":5,"gold_gain":0,"player_choice":"Offered Common","damage_taken":0,"max_hp_gain":0,"max_hp_loss":0,"event_name":"Bonfire Elementals","floor":27,"gold_loss":0},{"cards_removed":["Coolheaded"],"damage_healed":5,"gold_gain":0,"player_choice":"Offered Special","damage_taken":0,"max_hp_gain":0,"max_hp_loss":0,"event_name":"Bonfire Elementals","floor":27,"gold_loss":0},{"damage_healed":0,"gold_gain":0,"player_choice":"Fight","damage_taken":0,"max_hp_gain":0,"max_hp_loss":0,"event_name":"MindBloom","floor":39,"gold_loss":0}],"is_beta":false,"boss_relics":[{"not_picked":["Runic Pyramid","Velvet Choker"],"picked":"Sozu"},{"not_picked":["Coffee Dripper","Snecko Eye"],"picked":"Fusion Hammer"}],"items_purged_floors":[4,12,21,47],"is_endless":false,"potions_floor_spawned":[3,7,10,18,31,33,37,39,41,48],"ascension_level":13}