{"gold_per_floor":[116,128,144,162,162,162,33,108,155,188,199,234,251,261,261,358,358,377,396,144,164,164,164],"floor_reached":23,"playtime":1281,"items_purged":["Strike_R","Strike_R"],"score":318,"play_id":"db79b807-d50a-4866-a493-f7d2cd33a778","local_time":"20190205020513","is_ascension_mode":true,"campfire_choices":[{"data":"Body Slam","floor":6,"key":"SMITH"},{"data":"Body Slam","floor":15,"key":"SMITH"}],"neow_cost":"TEN_PERCENT_HP_LOSS","seed_source_timestamp":186810983534554,"circlet_count":0,"master_deck":["AscendersBane","Strike_R+1","Strike_R","Strike_R+1","Defend_R","Defend_R","Defend_R","Defend_R","Bash","Body Slam+1","Cleave+1","Iron Wave+1","Flex","Shrug It Off","Rage","Body Slam+1","Brutality","Flame Barrier","Feed","Shockwave+1","Anger"],"special_seed":0,"relics":["Burning Blood","Nunchaku","Whetstone","Lantern","Incense Burner","Mark of Pain","Bag of Preparation"],"potions_floor_usage":[10,16,18],"damage_taken":[{"damage":5.0,"enemies":"2 Louse","floor":1.0,"turns":3.0},{"damage":12,"enemies":"Small Slimes","floor":2,"turns":4},{"damage":1,"enemies":"Cultist","floor":3,"turns":4},{"damage":16,"enemies":"Blue Slaver","floor":4,"turns":4},{"damage":13,"enemies":"Lagavulin","floor":10,"turns":6},{"damage":0,"enemies":"Looter","floor":11,"turns":3},{"damage":20,"enemies":"Gremlin Nob","floor":12,"turns":4},{"damage":0,"enemies":"2 Fungi Beasts","floor":13,"turns":2},{"damage":8,"enemies":"Red Slaver","floor":14,"turns":2},{"damage":23,"enemies":"Slime Boss","floor":16,"turns":10},{"damage":7,"enemies":"Shell Parasite","floor":18,"turns":6},{"damage":2,"enemies":"Chosen","floor":19,"turns":6},{"damage":17,"enemies":"Snecko","floor":21,"turns":4},{"damage":39,"enemies":"Gremlin Leader","floor":23,"turns":7}],"seed_played":"7648457650076129777","potions_obtained":[{"floor":1.0,"key":"GamblersBrew"},{"floor":4,"key":"Weak Potion"},{"floor":14,"key":"Explosive Potion"},{"floor":16,"key":"Poison Potion"}],"is_trial":false,"path_per_floor":["M","M","M","M","?","R","$","?","T","E","M","E","M","M","R","B",null,"M","M","$","M","?","E"],"character_chosen":"IRONCLAD","items_purchased":["Shrug It Off","Bag of Preparation"],"campfire_rested":0,"item_purchase_floors":[7,20],"current_hp_per_floor":[72,66,71,61,47,47,47,36,36,29,35,21,27,25,25,8,56,58,62,62,51,37,0],"gold":164,"neow_bonus":"ONE_RARE_RELIC","is_prod":false,"is_daily":false,"chose_seed":false,"campfire_upgraded":2,"win_rate":0,"timestamp":1549350313,"path_taken":["M","M","M","M","?","R","$","?","T","E","M","E","M","M","R","BOSS","M","M","$","M","?","E"],"build_version":"2019-01-23","purchased_purges":2,"victory":false,"max_hp_per_floor":[72,72,72,72,72,72,72,72,72,72,72,72,72,72,72,72,72,75,75,75,75,80,80],"card_choices":[{"not_picked":["Carnage","Clothesline"],"picked":"Body Slam","floor":1.0},{"not_picked":["Headbutt","Seeing Red"],"picked":"Cleave","floor":2},{"not_picked":["Clothesline","Pommel Strike"],"picked":"Iron Wave","floor":3},{"not_picked":["Twin Strike","Cleave"],"picked":"Flex","floor":4},{"not_picked":["Shrug It Off","Warcry"],"picked":"Rage","floor":10},{"not_picked":["Warcry","Clash"],"picked":"Body Slam","floor":11},{"not_picked":["Iron Wave","Whirlwind","Clothesline"],"picked":"SKIP","floor":12},{"not_picked":["Power Through","Second Wind"],"picked":"Brutality","floor":13},{"not_picked":["Wild Strike","Bloodletting","Flame Barrier"],"picked":"SKIP","floor":14},{"not_picked":["Wild Strike","Bloodletting"],"picked":"Flame Barrier","floor":14},{"not_picked":["Reaper","Limit Break"],"picked":"Feed","floor":16},{"not_picked":["Clash+1","Wild Strike","Sword Boomerang"],"picked":"SKIP","floor":18},{"not_picked":["Flex","Spot Weakness"],"picked":"Shockwave+1","floor":19},{"not_picked":["Havoc","Armaments"],"picked":"Anger","floor":21}],"player_experience":349908,"relics_obtained":[{"floor":9,"key":"Whetstone"},{"floor":10,"key":"Lantern"},{"floor":12,"key":"Incense Burner"}],"event_choices":[{"damage_healed":0,"gold_gain":0,"player_choice":"Entered Light","damage_taken":14,"max_hp_gain":0,"max_hp_loss":0,"event_name":"Shining Light","floor":5,"gold_loss":0,"cards_upgraded":["Strike_R","Strike_R"]},{"damage_healed":0,"gold_gain":75,"player_choice":"Gather Gold","damage_taken":11,"max_hp_gain":0,"max_hp_loss":0,"event_name":"World of Goop","floor":8,"gold_loss":0},{"damage_healed":0,"gold_gain":0,"player_choice":"Shed Blood","damage_taken":19,"max_hp_gain":5,"max_hp_loss":0,"event_name":"Forgotten Altar","floor":22,"gold_loss":0}],"is_beta":false,"boss_relics":[{"not_picked":["Sozu","Busted Crown"],"picked":"Mark of Pain"}],"items_purged_floors":[7,20],"is_endless":false,"potions_floor_spawned":[1,4,14,16],"killed_by":"Gremlin Leader","ascension_level":11}