{"path_per_floor":["M","?","M","M","M","R","$","T","T","M","?","R","M","M","R","B",null,"M","$","?","?","?","R","M","R","T","M","M","E","M","$","R"],"character_chosen":"THE_SILENT","items_purchased":["Dramatic Entrance","Mercury Hourglass","Mind Blast"],"gold_per_floor":[143,143,154,169,184,184,91,118,118,132,132,132,143,163,163,265,265,280,37,37,37,37,37,49,49,102,119,129,164,174,74,74,74],"floor_reached":33,"campfire_rested":2,"playtime":2366,"current_hp_per_floor":[70,70,70,70,70,70,70,70,70,70,70,70,65,57,57,45,70,53,53,53,37,37,66,60,70,70,66,59,42,38,38,70,0],"items_purged":[],"gold":74,"score":259,"play_id":"1880ba9d-b9c9-43e7-91ee-d35b4f73d8b7","local_time":"20180404191003","is_prod":false,"is_daily":false,"is_ascension_mode":false,"campfire_upgraded":1,"timestamp":1522833003,"path_taken":["M","?","M","M","?","R","?","?","T","?","?","R","M","M","R","BOSS","M","$","?","?","?","R","M","R","T","M","M","E","M","$","R","BOSS"],"build_version":"2018-03-29v2","purchased_purges":0,"victory":false,"master_deck":["Defend_G","Defend_G","Defend_G","Defend_G","Defend_G","Strike_G","Strike_G","Strike_G","Strike_G","Strike_G","Survivor","Neutralize","Deadly Poison","Die Die Die+1","Poisoned Stab","Dagger Spray","Dramatic Entrance","Phantasmal Killer","Regret","Dodge and Roll","Expertise","Corpse Explosion","Outmaneuver+1","Cloak And Dagger","Caltrops+1","Noxious Fumes","Crippling Poison","Dagger Spray+1","Slice","Mind Blast","Backstab"],"max_hp_per_floor":[70,70,70,70,70,70,70,70,70,70,70,70,70,70,70,70,70,70,70,70,70,70,70,70,70,70,70,70,70,70,70,70,70],"relics":["Ring of the Snake","Tiny Chest","Bronze Scales","Shovel","Dream Catcher","Du-Vu Doll","Vajra","Eternal Feather","Mercury Hourglass","Nilry\u0027s Codex","Sundial","Lantern","Bag of Preparation","Ice Cream"],"card_choices":[{"not_picked":["Bane","Quick Slash"],"picked":"Deadly Poison","floor":1},{"not_picked":["Flying Knee","Sucker Punch"],"picked":"Die Die Die","floor":3},{"not_picked":["Accuracy","Skewer"],"picked":"Poisoned Stab","floor":4},{"not_picked":["Deadly Poison","Heel Hook"],"picked":"Dagger Spray","floor":5},{"not_picked":["Backflip","Dagger Spray"],"picked":"Phantasmal Killer","floor":10},{"not_picked":["Prepared","Blur"],"picked":"Dodge and Roll","floor":13},{"not_picked":["Acrobatics","Quick Slash"],"picked":"Expertise","floor":14},{"not_picked":["Envenom","Unload"],"picked":"Corpse Explosion","floor":16},{"not_picked":["Leg Sweep","Well Laid Plans"],"picked":"Outmaneuver","floor":18},{"not_picked":["Flying Knee","Dodge and Roll"],"picked":"Cloak And Dagger","floor":23},{"not_picked":["PiercingWail","Prepared"],"picked":"Caltrops","floor":24},{"not_picked":["Deflect","Blade Dance"],"picked":"Noxious Fumes","floor":27},{"not_picked":["Sucker Punch","Predator"],"picked":"Crippling Poison","floor":28},{"not_picked":["Bane","Skewer"],"picked":"Dagger Spray","floor":29},{"not_picked":["Prepared","Deflect"],"picked":"Slice","floor":30},{"not_picked":["Quick Slash","Masterful Stab"],"picked":"Backstab","floor":32}],"player_experience":77330,"potions_floor_usage":[16,16,24,27,27,29,29,33],"damage_taken":[{"damage":0,"enemies":"Small Slimes","floor":1,"turns":3},{"damage":0,"enemies":"2 Louse","floor":3,"turns":3},{"damage":0,"enemies":"Jaw Worm","floor":4,"turns":5},{"damage":0,"enemies":"Lots of Slimes","floor":5,"turns":1},{"damage":0,"enemies":"Red Slaver","floor":10,"turns":3},{"damage":5,"enemies":"Exordium Wildlife","floor":13,"turns":2},{"damage":8,"enemies":"3 Louse","floor":14,"turns":3},{"damage":12,"enemies":"Slime Boss","floor":16,"turns":9},{"damage":17,"enemies":"Shell Parasite","floor":18,"turns":5},{"damage":6,"enemies":"Chosen","floor":24,"turns":3},{"damage":4,"enemies":"Centurion and Healer","floor":27,"turns":3},{"damage":7,"enemies":"Snecko","floor":28,"turns":4},{"damage":32,"enemies":"Gremlin Leader","floor":29,"turns":5},{"damage":4,"enemies":"Snake Plant","floor":30,"turns":2},{"damage":87,"enemies":"Automaton","floor":33,"turns":6}],"event_choices":[{"event_name":"Golden Wing","player_choice":"Ignored","floor":2,"damage_taken":0},{"event_name":"Big Fish","player_choice":"Box","floor":11,"damage_taken":0},{"event_name":"The Lab","player_choice":"Got Potions","floor":20,"damage_taken":0},{"event_name":"Cursed Tome","player_choice":"Obtained Book","floor":21,"damage_taken":0},{"event_name":"The Mausoleum","player_choice":"Yes","floor":22,"damage_taken":0}],"boss_relics":[{"not_picked":["Lizard Tail","White Beast Statue"],"picked":"Eternal Feather"}],"potions_floor_spawned":[3,13,16,24,27,30],"seed_played":"8891398217717127561","killed_by":"Automaton","ascension_level":0,"is_trial":false}