{"gold_per_floor":[117,117,137,90,109,109,160,160,215,228,228,245,245,257,257,362,362,373,373,373,390,424,424,440,440,440,440,440,457,468,110,110,110],"floor_reached":33,"playtime":1378,"items_purged":["Strike_R"],"score":237,"play_id":"c0a481a9-9cb6-44cc-9ace-678dbec39375","local_time":"20181221194618","daily_mods":["Draft","Diverse"],"is_ascension_mode":false,"campfire_choices":[{"data":"Spot Weakness","floor":6,"key":"SMITH"},{"data":"Rip and Tear","floor":8,"key":"SMITH"},{"data":"Unload","floor":11,"key":"SMITH"},{"data":"Sweeping Beam","floor":13,"key":"SMITH"},{"data":"Crippling Poison","floor":15,"key":"SMITH"},{"data":"Blade Dance","floor":23,"key":"SMITH"},{"data":"Skewer","floor":25,"key":"SMITH"},{"data":"Skewer","floor":27,"key":"SMITH"},{"data":"Rip and Tear","floor":32,"key":"SMITH"}],"neow_cost":"","seed_source_timestamp":0,"circlet_count":0,"master_deck":["Pommel Strike","Spot Weakness+1","Cleave","Cold Snap","Sweeping Beam+1","Cold Snap","Pommel Strike","Rip and Tear+1","Skewer+1","Cold Snap","Crippling Poison+1","Gash","Cloak And Dagger","Pommel Strike","Poisoned Stab","Unload+1","Sweeping Beam","Self Repair","Skewer+1","Blade Dance+1","Accuracy+1","Rip and Tear+1"],"relics":["Burning Blood","Lantern","Pen Nib","Sozu","Red Mask","Calipers","Membership Card","Matryoshka"],"potions_floor_usage":[10,16,16,16],"damage_taken":[{"damage":4,"enemies":"Jaw Worm","floor":1,"turns":2},{"damage":0,"enemies":"Cultist","floor":3,"turns":2},{"damage":0,"enemies":"2 Louse","floor":5,"turns":2},{"damage":0,"enemies":"Large Slime","floor":10,"turns":2},{"damage":10,"enemies":"Exordium Thugs","floor":12,"turns":2},{"damage":0,"enemies":"2 Fungi Beasts","floor":14,"turns":2},{"damage":40,"enemies":"Hexaghost","floor":16,"turns":5},{"damage":0,"enemies":"Spheric Guardian","floor":18,"turns":3},{"damage":18,"enemies":"Shell Parasite","floor":21,"turns":3},{"damage":8,"enemies":"Masked Bandits","floor":22,"turns":3},{"damage":15,"enemies":"Centurion and Healer","floor":24,"turns":3},{"damage":9,"enemies":"Snake Plant","floor":29,"turns":2},{"damage":6,"enemies":"Cultist and Chosen","floor":30,"turns":4},{"damage":85,"enemies":"Collector","floor":33,"turns":7}],"seed_played":"-2053922921734510657","potions_obtained":[{"floor":5,"key":"AttackPotion"},{"floor":10,"key":"Fire Potion"},{"floor":12,"key":"PowerPotion"},{"floor":14,"key":"Fire Potion"}],"is_trial":true,"path_per_floor":["M","?","M","$","M","R","T","R","T","M","R","M","R","M","R","B",null,"M","?","$","M","?","R","M","R","T","R","?","M","M","$","R","B"],"character_chosen":"IRONCLAD","items_purchased":["Poisoned Stab","Membership Card","Matryoshka"],"campfire_rested":0,"item_purchase_floors":[4,31,31],"current_hp_per_floor":[80,80,80,80,80,80,80,80,80,80,80,76,76,80,80,46,80,80,80,80,68,73,73,64,64,64,64,64,61,61,61,61,0],"gold":110,"neow_bonus":"","is_prod":false,"is_daily":false,"chose_seed":false,"campfire_upgraded":9,"win_rate":0,"timestamp":1545439578,"path_taken":["M","?","M","?","M","R","?","R","T","M","R","?","R","M","R","BOSS","M","?","$","M","?","R","M","R","T","R","?","?","M","$","R","BOSS"],"build_version":"2018-12-20","purchased_purges":1,"victory":false,"max_hp_per_floor":[80,80,80,80,80,80,80,80,80,80,80,80,80,80,80,80,80,80,80,80,80,80,80,80,80,80,80,80,80,80,80,80,80],"card_choices":[{"not_picked":["Acrobatics","Turbo"],"picked":"Pommel Strike","floor":0},{"not_picked":["Pommel Strike","Accuracy"],"picked":"Capacitor","floor":0},{"not_picked":["Iron Wave","Inflame"],"picked":"Spot Weakness","floor":0},{"not_picked":["Bloodletting","Warcry"],"picked":"Cleave","floor":0},{"not_picked":["Dropkick","Underhanded Strike"],"picked":"Coolheaded","floor":0},{"not_picked":["Outmaneuver","Wild Strike"],"picked":"Glacier","floor":0},{"not_picked":["Backflip","Barrage"],"picked":"Cold Snap","floor":0},{"not_picked":["Rampage","Choke"],"picked":"Sweeping Beam","floor":0},{"not_picked":["Sentinel","Warcry"],"picked":"Cold Snap","floor":0},{"not_picked":["Feel No Pain","Turbo"],"picked":"Pommel Strike","floor":0},{"not_picked":["Self Repair","BootSequence"],"picked":"Rip and Tear","floor":0},{"not_picked":["Choke","Battle Trance"],"picked":"Skewer","floor":0},{"not_picked":["Dodge and Roll","Dropkick"],"picked":"Cold Snap","floor":0},{"not_picked":["Go for the Eyes","Lockon"],"picked":"Crippling Poison","floor":0},{"not_picked":["Armaments","Sucker Punch"],"picked":"Gash","floor":0},{"not_picked":["Bane","Battle Trance"],"picked":"Cloak And Dagger","floor":1},{"not_picked":["Iron Wave","Carnage"],"picked":"Pommel Strike","floor":3},{"not_picked":["Footwork","Flying Knee","Bane"],"picked":"SKIP","floor":5},{"not_picked":["Concentrate","Sucker Punch"],"picked":"Unload","floor":10},{"not_picked":["Prepared","Hologram"],"picked":"Sweeping Beam","floor":12},{"not_picked":["Genetic Algorithm","Streamline","BootSequence"],"picked":"SKIP","floor":14},{"not_picked":["Sentinel","Rage","Heavy Blade"],"picked":"SKIP","floor":18},{"not_picked":["Wild Strike","Dagger Spray"],"picked":"Blade Dance","floor":21},{"not_picked":["Streamline","Impervious"],"picked":"Accuracy+1","floor":22},{"not_picked":["Deadly Poison","True Grit","Go for the Eyes"],"picked":"SKIP","floor":24},{"not_picked":["Shrug It Off","Poisoned Stab"],"picked":"Rip and Tear","floor":29},{"not_picked":["Shrug It Off","Sword Boomerang","Evolve"],"picked":"SKIP","floor":30}],"player_experience":331548,"relics_obtained":[{"floor":7,"key":"Lantern"},{"floor":9,"key":"Pen Nib"},{"floor":22,"key":"Red Mask"},{"floor":26,"key":"Calipers"}],"event_choices":[{"damage_healed":0,"gold_gain":0,"player_choice":"Ignored","damage_taken":0,"max_hp_gain":0,"max_hp_loss":0,"event_name":"Transmorgrifier","floor":2,"gold_loss":0},{"damage_healed":0,"gold_gain":0,"cards_transformed":["Capacitor","Glacier"],"player_choice":"Became Test Subject","damage_taken":0,"max_hp_gain":0,"max_hp_loss":0,"event_name":"Drug Dealer","floor":19,"gold_loss":0,"cards_obtained":["Self Repair","Skewer"]},{"damage_healed":0,"gold_gain":0,"player_choice":"Fought Bandits","damage_taken":0,"max_hp_gain":0,"max_hp_loss":0,"event_name":"Masked Bandits","floor":22,"gold_loss":0},{"cards_removed":["Coolheaded"],"damage_healed":0,"gold_gain":0,"player_choice":"Took Card","damage_taken":0,"max_hp_gain":0,"max_hp_loss":0,"event_name":"NoteForYourself","floor":28,"gold_loss":0,"cards_obtained":["Strike_R"]}],"is_beta":false,"boss_relics":[{"not_picked":["Philosopher\u0027s Stone","Runic Pyramid"],"picked":"Sozu"}],"items_purged_floors":[31],"is_endless":false,"potions_floor_spawned":[5,10,12,14,18,21,29],"killed_by":"Collector","ascension_level":0}