{"path_per_floor":["M","?","?","$","?","E","$","R","T","M","E","?","E","M","R","B",null,"M","?","$","M"],"character_chosen":"IRONCLAD","items_purchased":["Omamori","Evolve","Flash of Steel"],"gold_per_floor":[118,193,193,46,46,80,10,10,10,29,57,7,37,54,54,151,151,171,171,78,88,88],"floor_reached":22,"campfire_rested":2,"playtime":837,"current_hp_per_floor":[80,69,69,69,62,33,33,57,57,58,51,51,41,47,71,29,80,53,40,40,40,0],"items_purged":[],"gold":88,"score":246,"play_id":"9a830160-ee4a-4f84-b605-3eb74abe982c","local_time":"20180401034942","is_prod":false,"is_daily":false,"is_ascension_mode":true,"campfire_upgraded":0,"timestamp":1522576182,"path_taken":["M","?","?","$","?","E","?","R","T","M","E","?","E","M","R","BOSS","M","?","$","?","M"],"build_version":"2018-03-29v2","purchased_purges":0,"victory":false,"master_deck":["Strike_R","Strike_R","Strike_R","Defend_R","Defend_R","Defend_R","Bash","Rampage+1","Pommel Strike","Ghostly Armor","Evolve","Infernal Blade","Perfected Strike","Metallicize","Pommel Strike","Barricade","Injury","Perfected Strike","Ghostly","Ghostly","Ghostly","Ghostly","Ghostly","Flash of Steel","Armaments"],"max_hp_per_floor":[80,80,80,80,80,80,80,80,80,80,80,80,80,80,80,80,80,80,40,40,40,40],"relics":["Burning Blood","Omamori","Meat on the Bone","Calipers","Shovel","Letter Opener","Calling Bell","Prayer Wheel","Ancient Tea Set","Darkstone Periapt"],"card_choices":[{"not_picked":["Entrench","Sword Boomerang"],"picked":"Pommel Strike","floor":1},{"not_picked":["Sentinel","Havoc"],"picked":"Ghostly Armor","floor":6},{"not_picked":["Iron Wave","Blood for Blood"],"picked":"Infernal Blade","floor":10},{"not_picked":["Searing Blow","Anger"],"picked":"Perfected Strike","floor":11},{"not_picked":["Second Wind","Uppercut"],"picked":"Metallicize","floor":13},{"not_picked":["Clothesline","Anger"],"picked":"Pommel Strike","floor":14},{"not_picked":["Dark Embrace","Brutality"],"picked":"Barricade","floor":16},{"not_picked":["Corruption","Wild Strike"],"picked":"Perfected Strike","floor":18},{"not_picked":["Body Slam","Battle Trance"],"picked":"Armaments","floor":21}],"player_experience":233073,"potions_floor_usage":[10,11],"damage_taken":[{"damage":6,"enemies":"2 Louse","floor":1,"turns":3},{"damage":35,"enemies":"3 Sentries","floor":6,"turns":8},{"damage":8,"enemies":"Small Slimes","floor":10,"turns":3},{"damage":13,"enemies":"Lagavulin","floor":11,"turns":8},{"damage":28,"enemies":"Gremlin Nob","floor":13,"turns":4},{"damage":12,"enemies":"Jaw Worm","floor":14,"turns":2},{"damage":60,"enemies":"The Guardian","floor":16,"turns":15},{"damage":33,"enemies":"Spheric Guardian","floor":18,"turns":7},{"damage":0,"enemies":"Chosen","floor":21,"turns":5},{"damage":59,"enemies":"3 Cultists","floor":22,"turns":6}],"event_choices":[{"event_name":"World of Goop","player_choice":"Gather Gold","floor":2,"damage_taken":0},{"event_name":"Living Wall","player_choice":"Grow","floor":3,"damage_taken":0},{"event_name":"Golden Wing","player_choice":"Card Removal","floor":5,"damage_taken":0},{"event_name":"The Cleric","player_choice":"Card Removal","floor":12,"damage_taken":0},{"event_name":"Ghosts","player_choice":"Became a Ghost","floor":19,"damage_taken":0}],"boss_relics":[{"not_picked":["Ectoplasm","Eternal Feather"],"picked":"Calling Bell"}],"potions_floor_spawned":[6,10,16],"seed_played":"8457335181220957645","killed_by":"3 Cultists","ascension_level":2,"is_trial":false}