{"gold_per_floor":[118,118,83,83,96,126,126,151,151,198,230,242,273,31,31,127,127,145,162,176,24,42,42,69,69,124,19,46,46,59,93,93,194,194,211,224,224,224,243,243,270,289,316,347,347,40,40,68,68,68,68,68,22,22],"floor_reached":54,"playtime":2874,"items_purged":[],"score":1004,"play_id":"f5b5adf5-539f-4e2e-8840-6b1546be2adb","local_time":"20190225223515","is_ascension_mode":true,"campfire_choices":[{"data":"Zap","floor":7,"key":"SMITH"},{"floor":12,"key":"REST"},{"data":"Dualcast","floor":15,"key":"SMITH"},{"floor":23,"key":"REST"},{"floor":25,"key":"REST"},{"floor":32,"key":"REST"},{"floor":40,"key":"REST"},{"floor":45,"key":"REST"},{"floor":49,"key":"RECALL"},{"floor":52,"key":"REST"}],"neow_cost":"NONE","seed_source_timestamp":50608226741400,"circlet_count":0,"master_deck":["Strike_B","Strike_B","Strike_B+1","Strike_B","Defend_B","Defend_B","Defend_B+1","Defend_B","Zap+1","Dualcast+1","FTL","Ball Lightning","Rip and Tear","Seek","Coolheaded","Leap","Core Surge","Barrage+1","White Noise","Defragment","Conserve Battery","Auto Shields","Machine Learning","Writhe","Compile Driver","Self Repair+1","Electrodynamics","Capacitor","FTL","FTL+1","Defragment+1","Stack","Cold Snap","Stack"],"relics":["Cracked Core","NeowsBlessing","Matryoshka","DataDisk","Art of War","MawBank","Singing Bowl","Shuriken","Fusion Hammer","Bag of Preparation","Pantograph","Tiny Chest","Potion Belt","Pen Nib","Dodecahedron","Omamori","White Beast Statue","Dream Catcher","Juzu Bracelet","Bronze Scales","Lee\u0027s Waffle","Meat on the Bone"],"potions_floor_usage":[16,24,24,41,41,42,42,44,44,44,50,50],"damage_taken":[{"damage":0,"enemies":"2 Louse","floor":1,"turns":1},{"damage":0,"enemies":"Small Slimes","floor":5,"turns":1},{"damage":0,"enemies":"Lagavulin","floor":6,"turns":1},{"damage":15,"enemies":"3 Sentries","floor":8,"turns":5},{"damage":9,"enemies":"Lagavulin","floor":10,"turns":4},{"damage":0,"enemies":"Jaw Worm","floor":11,"turns":2},{"damage":5,"enemies":"Gremlin Gang","floor":13,"turns":3},{"damage":0,"enemies":"Slime Boss","floor":16,"turns":7},{"damage":4,"enemies":"Chosen","floor":18,"turns":3},{"damage":12,"enemies":"Shell Parasite","floor":19,"turns":3},{"damage":0,"enemies":"Centurion and Healer","floor":20,"turns":5},{"damage":21,"enemies":"Snake Plant","floor":22,"turns":3},{"damage":23,"enemies":"Slavers","floor":24,"turns":4},{"damage":9,"enemies":"Gremlin Leader","floor":28,"turns":6},{"damage":5,"enemies":"Cultist and Chosen","floor":30,"turns":4},{"damage":35,"enemies":"Slavers","floor":31,"turns":5},{"damage":46,"enemies":"Automaton","floor":33,"turns":9},{"damage":18,"enemies":"3 Shapes","floor":35,"turns":3},{"damage":34,"enemies":"3 Darklings","floor":36,"turns":5},{"damage":19,"enemies":"Writhing Mass","floor":39,"turns":6},{"damage":36,"enemies":"Giant Head","floor":41,"turns":7},{"damage":6,"enemies":"Jaw Worm Horde","floor":42,"turns":3},{"damage":45,"enemies":"Nemesis","floor":44,"turns":9},{"damage":34,"enemies":"Giant Head","floor":48,"turns":7},{"damage":50,"enemies":"Donu and Deca","floor":50,"turns":5},{"damage":109,"enemies":"Shield and Spear","floor":54,"turns":3}],"seed_played":"6804908723395758142","potions_obtained":[{"floor":1,"key":"Energy Potion"},{"floor":10,"key":"SteroidPotion"},{"floor":13,"key":"SkillPotion"},{"floor":16,"key":"GamblersBrew"},{"floor":18,"key":"SteroidPotion"},{"floor":22,"key":"Weak Potion"},{"floor":33,"key":"GamblersBrew"},{"floor":35,"key":"SpeedPotion"},{"floor":36,"key":"SpeedPotion"},{"floor":39,"key":"Block Potion"},{"floor":41,"key":"AttackPotion"},{"floor":42,"key":"SteroidPotion"},{"floor":44,"key":"Fire Potion"},{"floor":48,"key":"SkillPotion"}],"is_trial":false,"path_per_floor":["M","?","?","?","M","E","R","E","T","E","M","R","M","$","R","B",null,"M","M","M","$","M","R","E","R","T","$","E","?","M","E","R","B",null,"M","M","?","?","M","R","E","M","T","E","R","$","?","E","R","B",null,"R","$","E"],"character_chosen":"DEFECT","items_purchased":["Shuriken","Bag of Preparation","Conserve Battery","Auto Shields","Lee\u0027s Waffle","Stack","Cold Snap","Stack"],"campfire_rested":7,"item_purchase_floors":[14,21,27,27,46,46,46,53],"current_hp_per_floor":[75,57,75,60,60,60,60,45,45,36,38,61,56,56,56,56,77,73,63,65,65,44,68,45,69,69,69,60,60,55,20,44,33,81,73,51,51,72,63,83,47,53,53,18,45,94,96,74,74,60,98,100,100,0],"gold":22,"neow_bonus":"THREE_ENEMY_KILL","is_prod":false,"is_daily":false,"chose_seed":false,"campfire_upgraded":2,"win_rate":0,"timestamp":1551130515,"path_taken":["M","?","?","?","?","E","R","E","T","E","M","R","M","$","R","BOSS","M","M","?","$","M","R","E","R","T","$","E","?","M","E","R","BOSS","M","M","?","?","M","R","E","M","T","E","R","$","?","E","R","BOSS","R","$","E"],"build_version":"2019-01-23","purchased_purges":0,"victory":false,"max_hp_per_floor":[75,75,75,75,75,75,75,75,75,75,77,77,77,77,77,77,77,77,79,81,81,81,81,81,81,81,81,81,81,81,81,81,81,81,81,83,83,83,83,83,83,85,85,85,87,94,96,98,98,98,98,100,100,100],"card_choices":[{"not_picked":["Turbo","Streamline"],"picked":"FTL","floor":1},{"not_picked":["Sweeping Beam","Chill"],"picked":"Ball Lightning","floor":5},{"not_picked":["Force Field","Barrage"],"picked":"Rip and Tear","floor":6},{"not_picked":["Conserve Battery","Compile Driver"],"picked":"Seek","floor":8},{"not_picked":["Barrage","Fission"],"picked":"Coolheaded","floor":10},{"not_picked":["Rip and Tear","Steam","Go for the Eyes"],"picked":"Singing Bowl","floor":11},{"not_picked":["Rebound","Reinforced Body"],"picked":"Leap","floor":13},{"not_picked":["Meteor Strike","Amplify"],"picked":"Core Surge","floor":16},{"not_picked":["Rebound","Tempest+1"],"picked":"Barrage+1","floor":18},{"not_picked":["Blizzard","Redo+1","Coolheaded"],"picked":"Singing Bowl","floor":19},{"not_picked":["Steam","Beam Cell","Rebound+1"],"picked":"Singing Bowl","floor":20},{"not_picked":["Turbo","Thunder Strike"],"picked":"White Noise","floor":22},{"not_picked":["Undo+1","Turbo"],"picked":"Defragment","floor":24},{"not_picked":["Leap","Go for the Eyes"],"picked":"Machine Learning","floor":28},{"not_picked":["FTL","Barrage"],"picked":"Compile Driver","floor":30},{"not_picked":["Coolheaded","Loop+1"],"picked":"Self Repair+1","floor":31},{"not_picked":["Meteor Strike","Thunder Strike"],"picked":"Electrodynamics","floor":33},{"not_picked":["Redo+1","Coolheaded"],"picked":"Capacitor","floor":35},{"not_picked":["Storm+1","Barrage+1","Compile Driver+1"],"picked":"Singing Bowl","floor":36},{"not_picked":["Coolheaded","Steam+1"],"picked":"FTL","floor":39},{"not_picked":["Capacitor","Turbo+1"],"picked":"FTL+1","floor":41},{"not_picked":["Steam+1","Storm+1","Streamline"],"picked":"Singing Bowl","floor":42},{"not_picked":["Beam Cell","Leap+1"],"picked":"Defragment+1","floor":44},{"not_picked":["Machine Learning","Tempest+1","Skim"],"picked":"Singing Bowl","floor":45},{"not_picked":["Mind Blast","Trip","Transmutation"],"picked":"Singing Bowl","floor":47},{"not_picked":["Redo+1","Scrape+1","Go for the Eyes"],"picked":"Singing Bowl","floor":48},{"not_picked":["Sweeping Beam+1","Steam","Streamline"],"picked":"Singing Bowl","floor":52}],"player_experience":1010735,"relics_obtained":[{"floor":6,"key":"DataDisk"},{"floor":8,"key":"Art of War"},{"floor":9,"key":"MawBank"},{"floor":10,"key":"Singing Bowl"},{"floor":24,"key":"Pantograph"},{"floor":26,"key":"Tiny Chest"},{"floor":26,"key":"Potion Belt"},{"floor":28,"key":"Pen Nib"},{"floor":31,"key":"Omamori"},{"floor":41,"key":"Dream Catcher"},{"floor":43,"key":"Juzu Bracelet"},{"floor":44,"key":"Bronze Scales"},{"floor":48,"key":"Meat on the Bone"}],"event_choices":[{"damage_healed":0,"gold_gain":0,"player_choice":"Success","damage_taken":18,"relics_obtained":["Matryoshka"],"max_hp_gain":0,"max_hp_loss":0,"event_name":"Scrap Ooze","floor":2,"gold_loss":0},{"damage_healed":18,"gold_gain":0,"player_choice":"Healed","damage_taken":0,"max_hp_gain":0,"max_hp_loss":0,"event_name":"The Cleric","floor":3,"gold_loss":35},{"damage_healed":0,"gold_gain":0,"player_choice":"Entered Light","damage_taken":15,"max_hp_gain":0,"max_hp_loss":0,"event_name":"Shining Light","floor":4,"gold_loss":0,"cards_upgraded":["Defend_B","Strike_B"]},{"damage_healed":0,"gold_gain":0,"player_choice":"Opened","damage_taken":0,"relics_obtained":["Dodecahedron"],"max_hp_gain":0,"max_hp_loss":0,"event_name":"The Mausoleum","floor":29,"gold_loss":0,"cards_obtained":["Writhe"]},{"damage_healed":0,"gold_gain":0,"player_choice":"Ignored","damage_taken":0,"max_hp_gain":0,"max_hp_loss":0,"event_name":"Tomb of Lord Red Mask","floor":37,"gold_loss":0},{"damage_healed":21,"gold_gain":0,"player_choice":"Writhe","damage_taken":0,"max_hp_gain":0,"max_hp_loss":0,"event_name":"Winding Halls","floor":38,"gold_loss":0,"cards_obtained":["Writhe"]},{"damage_healed":0,"gold_gain":0,"player_choice":"Memory 1","damage_taken":0,"max_hp_gain":0,"max_hp_loss":0,"event_name":"SensoryStone","floor":47,"gold_loss":0}],"is_beta":false,"boss_relics":[{"not_picked":["Snecko Eye","Empty Cage"],"picked":"Fusion Hammer"},{"not_picked":["FrozenCore","Philosopher\u0027s Stone"],"picked":"White Beast Statue"}],"items_purged_floors":[],"is_endless":false,"potions_floor_spawned":[1,10,13,16,18,20,22,33,35,36,39,41,42,44,48],"killed_by":"Shield and Spear","ascension_level":3}