{"gold_per_floor":[112,131,131,131,146,159,186,111,184,184,199,4,4,179,179,277,277,293,293,4,4,21,321,338,369,369,369,381,381,399,417,417,512,512,530,249,267,267,281,281,298,298,343,376,376,376,431,455,455,455],"floor_reached":51,"playtime":4006,"items_purged":["Strike_B","Doubt"],"score":996,"play_id":"70f2f440-aafb-4e7e-a25b-36745cf88325","local_time":"20181017213048","is_ascension_mode":true,"campfire_choices":[{"floor":10,"key":"DIG"},{"floor":13,"key":"DIG"},{"floor":15,"key":"DIG"},{"floor":23,"key":"DIG"},{"floor":27,"key":"DIG"},{"floor":32,"key":"REST"},{"floor":40,"key":"DIG"},{"floor":42,"key":"DIG"},{"floor":46,"key":"DIG"},{"floor":49,"key":"DIG"}],"neow_cost":"NONE","seed_source_timestamp":264380613045974,"circlet_count":0,"master_deck":["Zap+1","Dualcast","Leap+1","Ball Lightning","Leap+1","Seek","Gash","Turbo+1","Zap+1","Core Surge","Gash","Steam Power+1","Leap+1","Stack+1","Go for the Eyes","Sweeping Beam","Cold Snap+1","Writhe","Coolheaded+1","Steam+1","Conserve Battery+1","Stack+1","Hologram+1","Ball Lightning+1","Cold Snap+1","Loop+1","Thunder Strike+1","Leap+1","Static Discharge","Gash+1","Dramatic Entrance+1","Hologram+1","Hello World+1","Hologram+1","Static Discharge+1"],"relics":["Cracked Core","Shovel","Lantern","Toxic Egg 2","Gambling Chip","DollysMirror","Juzu Bracelet","Symbiotic Virus","Pandora\u0027s Box","Blood Vial","Medical Kit","Old Coin","Dodecahedron","Incense Burner","Molten Egg 2","Eternal Feather","Omamori","Ginger","Bottled Tornado","Happy Flower","Centennial Puzzle","Oddly Smooth Stone","Mango","War Paint","Bottled Lightning"],"potions_floor_usage":[16,16,25,25,33,33,44,44],"damage_taken":[{"damage":0,"enemies":"2 Louse","floor":1,"turns":2},{"damage":1,"enemies":"Cultist","floor":2,"turns":3},{"damage":0,"enemies":"Jaw Worm","floor":5,"turns":3},{"damage":1,"enemies":"Exordium Wildlife","floor":6,"turns":3},{"damage":12,"enemies":"3 Sentries","floor":7,"turns":7},{"damage":7,"enemies":"Lots of Slimes","floor":11,"turns":4},{"damage":35,"enemies":"Slime Boss","floor":16,"turns":9},{"damage":9,"enemies":"Chosen","floor":18,"turns":4},{"damage":0,"enemies":"2 Thieves","floor":22,"turns":4},{"damage":0,"enemies":"3 Cultists","floor":24,"turns":5},{"damage":37,"enemies":"Gremlin Leader","floor":25,"turns":10},{"damage":14,"enemies":"Snecko","floor":28,"turns":5},{"damage":0,"enemies":"Centurion and Healer","floor":30,"turns":5},{"damage":1,"enemies":"Shelled Parasite and Fungi","floor":31,"turns":5},{"damage":37,"enemies":"Collector","floor":33,"turns":11},{"damage":7,"enemies":"3 Darklings","floor":35,"turns":7},{"damage":0,"enemies":"Orb Walker","floor":37,"turns":4},{"damage":12,"enemies":"Maw","floor":39,"turns":9},{"damage":28,"enemies":"Reptomancer","floor":41,"turns":9},{"damage":47,"enemies":"Giant Head","floor":44,"turns":7},{"damage":4,"enemies":"Mysterious Sphere","floor":47,"turns":6},{"damage":63,"enemies":"Time Eater","floor":50,"turns":8}],"seed_played":"7559573521976993535","potions_obtained":[{"floor":2,"key":"FearPotion"},{"floor":6,"key":"Regen Potion"},{"floor":7,"key":"Regen Potion"},{"floor":24,"key":"SkillPotion"},{"floor":28,"key":"Energy Potion"},{"floor":31,"key":"Fire Potion"},{"floor":33,"key":"FearPotion"},{"floor":37,"key":"SteroidPotion"},{"floor":44,"key":"Explosive Potion"}],"is_trial":false,"path_per_floor":["M","M","?","?","M","M","E","$","T","R","M","$","R","?","R","B",null,"M","?","$","$","M","R","M","E","T","R","M","?","M","M","R","B",null,"M","$","M","?","M","R","M","R","T","E","?","R","?","T","R","B"],"character_chosen":"DEFECT","items_purchased":["DollysMirror","Medical Kit","Coolheaded+1","Steam+1","Static Discharge","Omamori"],"campfire_rested":1,"item_purchase_floors":[12,20,20,20,36,36],"current_hp_per_floor":[68,67,67,67,67,66,54,54,54,54,47,47,47,47,47,27,63,54,54,54,54,56,56,58,38,38,38,26,12,14,15,39,4,61,56,56,58,58,48,66,40,58,58,13,70,70,80,80,84,21],"gold":455,"neow_bonus":"UPGRADE_CARD","is_prod":false,"is_daily":false,"chose_seed":false,"campfire_upgraded":0,"win_rate":0,"timestamp":1539837048,"path_taken":["M","M","?","?","M","M","E","$","T","R","?","$","R","?","R","BOSS","M","?","?","$","M","R","M","E","T","R","M","?","M","M","R","BOSS","M","$","M","?","M","R","M","R","T","E","?","R","?","?","R","BOSS"],"build_version":"2018-10-11","purchased_purges":2,"victory":true,"max_hp_per_floor":[75,75,75,75,75,75,75,75,75,75,75,75,75,75,75,75,75,75,75,75,75,75,75,75,75,75,75,75,80,80,80,80,80,80,80,80,80,80,80,80,80,80,80,80,70,70,84,84,84,84],"card_choices":[{"not_picked":["Aggregate","Heatsinks"],"picked":"Leap","floor":1},{"not_picked":["Cold Snap","Streamline"],"picked":"Ball Lightning","floor":2},{"not_picked":["Steam","Beam Cell"],"picked":"Leap","floor":5},{"not_picked":["Stack","Aggregate"],"picked":"Seek","floor":6},{"not_picked":["Steam Power","Barrage"],"picked":"Gash","floor":7},{"not_picked":["Steam+1","Beam Cell"],"picked":"Turbo+1","floor":11},{"not_picked":["Reboot+1","Hyperbeam"],"picked":"Core Surge","floor":16},{"not_picked":["Double Energy+1","Rebound+1"],"picked":"Cold Snap+1","floor":18},{"not_picked":["Streamline","Coolheaded+1"],"picked":"Conserve Battery+1","floor":22},{"not_picked":["Sweeping Beam","Barrage"],"picked":"Stack+1","floor":24},{"not_picked":["Go for the Eyes","Fission+1"],"picked":"Hologram+1","floor":25},{"not_picked":["Redo+1","Lockon+1"],"picked":"Ball Lightning+1","floor":28},{"not_picked":["Turbo+1","Rip and Tear+1"],"picked":"Cold Snap+1","floor":30},{"not_picked":["Turbo+1","Conserve Battery+1"],"picked":"Loop+1","floor":31},{"not_picked":["Rainbow+1","Creative AI"],"picked":"Thunder Strike+1","floor":33},{"not_picked":["Sweeping Beam+1","Streamline+1"],"picked":"Leap+1","floor":35},{"not_picked":["Coolheaded+1","Redo+1"],"picked":"Gash+1","floor":37},{"not_picked":["Flash of Steel+1","Purity+1"],"picked":"Dramatic Entrance+1","floor":38},{"not_picked":["Stack+1","Sunder+1"],"picked":"Hologram+1","floor":39},{"not_picked":["Recycle+1","All For One+1"],"picked":"Hello World+1","floor":41},{"not_picked":["Rebound+1","Barrage+1"],"picked":"Hologram+1","floor":44},{"not_picked":["Hello World+1","Redo+1"],"picked":"Static Discharge+1","floor":47}],"player_experience":291135,"relics_obtained":[{"floor":3,"key":"Shovel"},{"floor":7,"key":"Lantern"},{"floor":9,"key":"Toxic Egg 2"},{"floor":10,"key":"Gambling Chip"},{"floor":13,"key":"Juzu Bracelet"},{"floor":15,"key":"Symbiotic Virus"},{"floor":23,"key":"Old Coin"},{"floor":25,"key":"Dodecahedron"},{"floor":26,"key":"Incense Burner"},{"floor":27,"key":"Molten Egg 2"},{"floor":40,"key":"Ginger"},{"floor":42,"key":"Bottled Tornado"},{"floor":43,"key":"Happy Flower"},{"floor":44,"key":"Centennial Puzzle"},{"floor":46,"key":"Oddly Smooth Stone"},{"floor":47,"key":"Mango"},{"floor":48,"key":"War Paint"},{"floor":49,"key":"Bottled Lightning"}],"event_choices":[{"event_name":"Wheel of Change","player_choice":"Relic","floor":3,"damage_taken":0},{"event_name":"Bonfire Elementals","player_choice":"BASIC","floor":4,"damage_taken":0},{"event_name":"Liars Game","player_choice":"agreed","floor":14,"damage_taken":0},{"event_name":"The Mausoleum","player_choice":"Yes","floor":19,"damage_taken":0},{"event_name":"Forgotten Altar","player_choice":"Shed Blood","floor":29,"damage_taken":0},{"event_name":"SensoryStone","player_choice":"Memory 1","floor":38,"damage_taken":0},{"event_name":"The Moai Head","player_choice":"Heal","floor":45,"damage_taken":0},{"event_name":"Mysterious Sphere","player_choice":"Fight","floor":47,"damage_taken":0}],"is_beta":false,"boss_relics":[{"not_picked":["Calling Bell","Snecko Eye"],"picked":"Pandora\u0027s Box"},{"not_picked":["Runic Dome","Black Star"],"picked":"Eternal Feather"}],"items_purged_floors":[8,36],"is_endless":false,"potions_floor_spawned":[2,6,7,24,28,31,33,37,44],"ascension_level":7}