{"gold_per_floor":[119,132,57,74,24,24,43,43,43,69,86,86,60,75,75,170,170,182,182,33,43,61,61,73,91,91,119,119,119,133,151,151,254,254,270,44,44,61,61,61,80,80,80,106,106,123,123,136,136,136],"floor_reached":51,"playtime":3180,"items_purged":["Strike_B","Strike_B","Defend_B"],"score":701,"play_id":"a1b960b4-072c-4ab4-9a6f-3a8870ae3b9c","local_time":"20180818173737","is_ascension_mode":false,"campfire_choices":[{"data":"Machine Learning","floor":6,"key":"SMITH"},{"data":"Zap","floor":8,"key":"SMITH"},{"data":"Seek","floor":15,"key":"SMITH"},{"data":"Hologram","floor":23,"key":"SMITH"},{"floor":29,"key":"REST"},{"data":"Dualcast","floor":32,"key":"SMITH"},{"floor":40,"key":"REST"},{"data":"Scrape","floor":42,"key":"SMITH"},{"data":"FTL","floor":45,"key":"SMITH"},{"floor":49,"key":"REST"}],"neow_cost":"NONE","seed_source_timestamp":51986127196717,"circlet_count":0,"master_deck":["Defend_B","Defend_B","Zap+1","Dualcast+1","Machine Learning+1","Gash","Rebound","Seek+1","Gash","All For One","Go for the Eyes+1","Beam Cell","Hologram+1","FTL+1","Go for the Eyes","Hologram+1","FTL+1","Scrape+1","Reprogram","Gash","Skim","Madness","Madness"],"relics":["Cracked Core","Pear","Boot","CultistMask","Inserter","Nunchaku","Shuriken","Empty Cage","Torii","Blue Candle","Juzu Bracelet"],"potions_floor_usage":[16,16,22,27,35,37,37,46,50],"damage_taken":[{"damage":0,"enemies":"Small Slimes","floor":1,"turns":2},{"damage":1,"enemies":"2 Louse","floor":2,"turns":2},{"damage":6,"enemies":"Jaw Worm","floor":4,"turns":3},{"damage":16,"enemies":"Red Slaver","floor":7,"turns":3},{"damage":24,"enemies":"3 Sentries","floor":10,"turns":7},{"damage":6,"enemies":"Exordium Wildlife","floor":11,"turns":2},{"damage":5,"enemies":"Looter","floor":14,"turns":3},{"damage":7,"enemies":"Hexaghost","floor":16,"turns":8},{"damage":14,"enemies":"Shell Parasite","floor":18,"turns":3},{"damage":0,"enemies":"Chosen","floor":21,"turns":3},{"damage":1,"enemies":"Snecko","floor":22,"turns":3},{"damage":10,"enemies":"Cultist and Chosen","floor":24,"turns":4},{"damage":6,"enemies":"Centurion and Healer","floor":25,"turns":4},{"damage":29,"enemies":"Slavers","floor":27,"turns":4},{"damage":0,"enemies":"Chosen and Byrds","floor":30,"turns":3},{"damage":1,"enemies":"Cultist and Chosen","floor":31,"turns":3},{"damage":5,"enemies":"Collector","floor":33,"turns":4},{"damage":5,"enemies":"3 Darklings","floor":35,"turns":5},{"damage":25,"floor":37,"turns":3},{"damage":7,"enemies":"Flame Bruiser 1 Orb","floor":38,"turns":3},{"damage":0,"enemies":"Transient","floor":41,"turns":5},{"damage":2,"enemies":"Nemesis","floor":44,"turns":3},{"damage":12,"enemies":"Sphere and 2 Shapes","floor":46,"turns":3},{"damage":0,"enemies":"Flame Bruiser 2 Orb","floor":48,"turns":2},{"damage":26,"enemies":"Donu and Deca","floor":50,"turns":5}],"seed_played":"-6839006674184266047","potions_obtained":[{"floor":1,"key":"LiquidBronze"},{"floor":4,"key":"Ancient Potion"},{"floor":7,"key":"Weak Potion"},{"floor":10,"key":"EssenceOfSteel"},{"floor":21,"key":"LiquidBronze"},{"floor":28,"key":"Block Potion"},{"floor":28,"key":"SmokeBomb"},{"floor":28,"key":"Swift Potion"},{"floor":30,"key":"Swift Potion"},{"floor":37,"key":"FearPotion"},{"floor":38,"key":"Fire Potion"},{"floor":48,"key":"LiquidBronze"}],"is_trial":false,"path_per_floor":["M","M","$","M","?","R","M","R","T","E","M","?","$","M","R","B",null,"M","?","$","M","M","R","M","M","T","E","?","R","M","M","R","B",null,"M","$","?","M","?","R","M","R","T","E","R","M","?","M","R","B"],"character_chosen":"DEFECT","items_purchased":["Gash","Beam Cell","FTL","Scrape"],"campfire_rested":3,"item_purchase_floors":[13,20,36,36],"current_hp_per_floor":[75,74,74,68,68,68,52,52,62,38,32,32,32,27,27,20,85,71,71,71,71,70,70,60,54,54,25,25,50,50,49,49,44,85,80,80,55,48,48,73,73,73,73,71,71,59,48,48,73,47],"gold":136,"neow_bonus":"ONE_RANDOM_RARE_CARD","is_prod":false,"is_daily":false,"chose_seed":false,"campfire_upgraded":7,"win_rate":0,"timestamp":1534628257,"path_taken":["M","M","$","M","?","R","M","R","T","E","M","?","$","M","R","BOSS","M","?","$","M","M","R","M","?","T","E","?","R","M","M","R","BOSS","M","$","?","M","?","R","?","R","T","E","R","M","?","M","R","BOSS"],"build_version":"2018-08-16","purchased_purges":3,"victory":true,"max_hp_per_floor":[75,75,75,75,75,75,75,75,85,85,85,85,85,85,85,85,85,85,85,85,85,85,85,85,85,85,85,85,85,85,85,85,85,85,85,85,85,85,85,85,85,85,85,85,85,85,85,85,85,85],"card_choices":[{"not_picked":["Rebound","Conserve Battery"],"picked":"Gash","floor":1},{"not_picked":["Melter","Heatsinks"],"picked":"Rebound","floor":2},{"not_picked":["Streamline","Capacitor","Redo"],"picked":"SKIP","floor":4},{"not_picked":["Defragment","Chaos","Meteor Strike"],"picked":"SKIP","floor":7},{"not_picked":["Sunder","Amplify"],"picked":"Seek","floor":10},{"not_picked":["Coolheaded","Reinforced Body","Defragment"],"picked":"SKIP","floor":11},{"not_picked":["Recycle","Redo","Glacier"],"picked":"SKIP","floor":14},{"not_picked":["Core Surge","Machine Learning"],"picked":"All For One","floor":16},{"not_picked":["Aggregate","Conserve Battery"],"picked":"Go for the Eyes+1","floor":18},{"not_picked":["Capacitor","White Noise"],"picked":"Hologram","floor":21},{"not_picked":["Conserve Battery","Barrage+1"],"picked":"Hologram","floor":22},{"not_picked":["Cold Snap","Barrage"],"picked":"FTL+1","floor":24},{"not_picked":["Melter","Fission"],"picked":"Go for the Eyes","floor":25},{"not_picked":["Go for the Eyes","Rainbow","Heatsinks"],"picked":"SKIP","floor":27},{"not_picked":["Lockon","Tempest+1"],"picked":"Hologram+1","floor":30},{"not_picked":["Sweeping Beam+1","Capacitor+1","Streamline"],"picked":"SKIP","floor":31},{"not_picked":["Leap+1","Stack+1","Rip and Tear+1"],"picked":"SKIP","floor":35},{"not_picked":["Compile Driver+1","Force Field+1"],"picked":"Reprogram","floor":37},{"not_picked":["Go for the Eyes+1","Leap+1"],"picked":"Gash","floor":38},{"not_picked":["Auto Shields+1","Rip and Tear","Turbo"],"picked":"SKIP","floor":41},{"not_picked":["Auto Shields+1","Force Field+1","Barrage+1"],"picked":"SKIP","floor":44},{"not_picked":["Streamline+1","Tempest+1"],"picked":"Skim","floor":46},{"not_picked":["Capacitor+1","Aggregate","Steam"],"picked":"SKIP","floor":48}],"player_experience":98910,"relics_obtained":[{"floor":9,"key":"Pear"},{"floor":10,"key":"Boot"},{"floor":26,"key":"Nunchaku"},{"floor":27,"key":"Shuriken"},{"floor":37,"key":"Torii"},{"floor":43,"key":"Blue Candle"},{"floor":44,"key":"Juzu Bracelet"}],"event_choices":[{"event_name":"The Cleric","player_choice":"Card Removal","floor":5,"damage_taken":0},{"event_name":"FaceTrader","player_choice":"Trade","floor":12,"damage_taken":0},{"event_name":"Vampires","player_choice":"Ignored","floor":19,"damage_taken":0},{"event_name":"The Lab","player_choice":"Got Potions","floor":28,"damage_taken":0},{"event_name":"MindBloom","player_choice":"Fight","floor":37,"damage_taken":0},{"event_name":"Falling","player_choice":"Removed Skill","floor":39,"damage_taken":0},{"event_name":"Winding Halls","player_choice":"Embrace Madness","floor":47,"damage_taken":0}],"is_beta":false,"boss_relics":[{"not_picked":["Velvet Choker","FrozenCore"],"picked":"Inserter"},{"not_picked":["Astrolabe","Coffee Dripper"],"picked":"Empty Cage"}],"items_purged_floors":[3,20,36],"is_endless":false,"potions_floor_spawned":[1,4,7,10,21,30,31,33,37,38,48],"ascension_level":0}