{"gold_per_floor":[111,36,36,52,52,52,83,83,83,83,100,100,113,38,38,38],"floor_reached":16,"playtime":207,"items_purged":["Strike_B"],"score":240,"play_id":"3aef1d72-705c-4e8a-9115-5132ce02cbea","local_time":"20190306122011","is_ascension_mode":true,"campfire_choices":[{"data":"Gash","floor":6.0,"key":"SMITH"},{"data":"Echo Form","floor":8.0,"key":"SMITH"},{"data":"Loop","floor":12.0,"key":"SMITH"},{"data":"Steam","floor":15.0,"key":"SMITH"}],"neow_cost":"NONE","seed_source_timestamp":71224159448139,"circlet_count":0,"master_deck":["AscendersBane","Strike_B","Strike_B","Defend_B","Defend_B+1","Defend_B","Defend_B","Zap+1","Dualcast","Streamline+1","Gash+1","Echo Form+1","Loop+1","Steam+1"],"special_seed":0,"relics":["Cracked Core","NeowsBlessing","War Paint","Orichalcum","Dodecahedron"],"potions_floor_usage":[],"damage_taken":[{"damage":0.0,"enemies":"Cultist","floor":1.0,"turns":1.0},{"damage":0.0,"enemies":"Jaw Worm","floor":4.0,"turns":1.0},{"damage":0.0,"enemies":"3 Sentries","floor":7.0,"turns":1.0},{"damage":2.0,"enemies":"Small Slimes","floor":11.0,"turns":3.0},{"damage":19.0,"enemies":"Exordium Thugs","floor":13.0,"turns":4.0},{"damage":28,"enemies":"The Guardian","floor":16,"turns":2}],"seed_played":"8650370025564215747","potions_obtained":[{"floor":11.0,"key":"Fruit Juice"}],"is_trial":false,"path_per_floor":["M","?","?","M","?","R","E","R","T","?","M","R","M","$","R","B"],"character_chosen":"DEFECT","items_purchased":[],"campfire_rested":0,"item_purchase_floors":[],"current_hp_per_floor":[64,64,64,64,38,38,38,38,38,38,41,41,22,22,22,0],"gold":38,"neow_bonus":"THREE_ENEMY_KILL","is_prod":false,"is_daily":false,"chose_seed":false,"campfire_upgraded":4,"win_rate":0,"timestamp":1551842411,"path_taken":["M","?","?","?","?","R","E","R","T","?","M","R","?","$","R","BOSS"],"build_version":"2019-01-23","purchased_purges":1,"victory":false,"max_hp_per_floor":[71,71,71,71,71,71,71,71,71,71,76,76,76,76,76,76],"card_choices":[{"not_picked":["Ball Lightning","Gash"],"picked":"Streamline","floor":1.0},{"not_picked":["Conserve Battery","Chill"],"picked":"Gash","floor":4.0},{"not_picked":["Leap","Tempest"],"picked":"Echo Form","floor":7.0},{"not_picked":["Steam Power","Barrage"],"picked":"Loop","floor":11.0},{"not_picked":["Streamline","Hologram"],"picked":"Steam","floor":13.0}],"player_experience":822757,"relics_obtained":[{"floor":7.0,"key":"Orichalcum"},{"floor":9.0,"key":"Dodecahedron"}],"event_choices":[{"cards_removed":["Strike_B"],"damage_healed":0.0,"max_hp_gain":0.0,"max_hp_loss":0.0,"gold_gain":0.0,"event_name":"The Cleric","player_choice":"Card Removal","floor":2.0,"gold_loss":75.0,"damage_taken":0.0},{"damage_healed":0.0,"max_hp_gain":0.0,"max_hp_loss":0.0,"gold_gain":0.0,"event_name":"Upgrade Shrine","player_choice":"Upgraded","floor":3.0,"gold_loss":0.0,"damage_taken":0.0,"cards_upgraded":["Streamline"]},{"damage_healed":0.0,"max_hp_gain":0.0,"max_hp_loss":0.0,"gold_gain":0.0,"event_name":"Scrap Ooze","player_choice":"Success","floor":5.0,"gold_loss":0.0,"damage_taken":26.0,"relics_obtained":["War Paint"]},{"damage_healed":0.0,"max_hp_gain":0.0,"max_hp_loss":0.0,"gold_gain":0.0,"event_name":"Golden Idol","player_choice":"Ignored","floor":10.0,"gold_loss":0.0,"damage_taken":0.0}],"is_beta":false,"boss_relics":[],"items_purged_floors":[14],"is_endless":false,"potions_floor_spawned":[11],"killed_by":"The Guardian","ascension_level":19}