{"path_per_floor":["M","?","M","?","M","R","E","M","T","R","E","M","E","M","R","B",null,"M","?","?","?","M","E","R","E","T","$"],"character_chosen":"THE_SILENT","items_purchased":["Kunai","Infinite Blades"],"gold_per_floor":[119,119,135,135,150,150,182,192,192,192,223,237,268,286,286,388,388,377,302,302,302,317,343,343,377,377,46,46],"floor_reached":28,"campfire_rested":0,"playtime":2883,"item_purchase_floors":[27,27],"current_hp_per_floor":[61,61,61,54,54,54,54,54,54,54,45,45,40,36,36,7,70,69,69,69,69,69,61,61,20,20,20,0],"items_purged":["Writhe"],"gold":46,"score":316,"play_id":"1fa63b00-e0f6-4075-9307-0936942c4534","local_time":"20180610173440","is_prod":false,"is_daily":false,"chose_seed":false,"is_ascension_mode":true,"campfire_upgraded":4,"win_rate":0,"timestamp":1528677280,"campfire_choices":[{"data":"Terror","floor":6,"key":"SMITH"},{"data":"Caltrops","floor":10,"key":"SMITH"},{"data":"Night Terror","floor":15,"key":"SMITH"},{"data":"Bullet Time","floor":24,"key":"SMITH"}],"path_taken":["M","?","M","?","M","R","E","?","T","R","E","M","E","M","R","BOSS","M","?","?","?","M","E","R","E","T","$","E"],"build_version":"2018-06-07v3","seed_source_timestamp":660251734535224,"purchased_purges":1,"victory":false,"master_deck":["Defend_G+1","Defend_G+1","Defend_G+1","Defend_G+1","Defend_G+1","Strike_G+1","Strike_G+1","Strike_G+1","Strike_G+1","Strike_G+1","Survivor","Neutralize","Footwork+1","Footwork","Terror+1","Flying Knee","Caltrops+1","Backflip","Quick Slash","Blur","Night Terror+1","Burst","Injury","Blur+1","Flying Knee","Bullet Time+1","A Thousand Cuts","Infinite Blades"],"max_hp_per_floor":[70,70,70,70,70,70,70,70,70,70,70,70,70,70,70,70,70,70,70,70,70,70,70,70,70,70,70,70],"relics":["Ring of the Snake","Anchor","War Paint","Gremlin Horn","Calling Bell","Juzu Bracelet","Blue Candle","Torii","Nloth\u0027s Gift","Snake Skull","Thread and Needle","Smiling Mask","Kunai"],"card_choices":[{"not_picked":["Acrobatics","Dodge and Roll"],"picked":"Footwork","floor":1},{"not_picked":["Dagger Throw","Slice"],"picked":"Footwork","floor":3},{"not_picked":["Bouncing Flask","Choke"],"picked":"Terror","floor":5},{"not_picked":["Backflip","PiercingWail"],"picked":"Flying Knee","floor":7},{"not_picked":["Blade Dance","Catalyst"],"picked":"Caltrops","floor":8},{"not_picked":["Dagger Throw","Acrobatics"],"picked":"Backflip","floor":11},{"not_picked":["Slice","Expertise"],"picked":"Quick Slash","floor":12},{"not_picked":["Dagger Throw","Underhanded Strike"],"picked":"Blur","floor":13},{"not_picked":["Dagger Throw","Calculated Gamble"],"picked":"Night Terror","floor":14},{"not_picked":["Tactician","Phantasmal Killer"],"picked":"Burst","floor":16},{"not_picked":["Terror+1","Underhanded Strike+1"],"picked":"Blur+1","floor":18},{"not_picked":["Unload","Noxious Fumes"],"picked":"Flying Knee","floor":22},{"not_picked":["PiercingWail","Well Laid Plans"],"picked":"Bullet Time","floor":23},{"not_picked":["Well Laid Plans","Underhanded Strike+1"],"picked":"A Thousand Cuts","floor":25}],"player_experience":67471,"potions_floor_usage":[11,11,16,16],"damage_taken":[{"damage":9,"enemies":"Jaw Worm","floor":1,"turns":8},{"damage":0,"enemies":"2 Louse","floor":3,"turns":3},{"damage":0,"enemies":"Cultist","floor":5,"turns":6},{"damage":0,"enemies":"Lagavulin","floor":7,"turns":12},{"damage":0,"enemies":"Red Slaver","floor":8,"turns":3},{"damage":9,"enemies":"Gremlin Nob","floor":11,"turns":4},{"damage":0,"enemies":"Gremlin Gang","floor":12,"turns":5},{"damage":5,"enemies":"Lagavulin","floor":13,"turns":6},{"damage":4,"enemies":"Exordium Thugs","floor":14,"turns":7},{"damage":44,"enemies":"Slime Boss","floor":16,"turns":17},{"damage":1,"enemies":"2 Thieves","floor":18,"turns":5},{"damage":0,"enemies":"Shell Parasite","floor":22,"turns":9},{"damage":8,"enemies":"Book of Stabbing","floor":23,"turns":8},{"damage":41,"enemies":"Slavers","floor":25,"turns":11},{"damage":31,"enemies":"Gremlin Leader","floor":28,"turns":4}],"relics_obtained":[{"floor":7,"key":"Anchor"},{"floor":9,"key":"War Paint"},{"floor":11,"key":"Centennial Puzzle"},{"floor":13,"key":"Gremlin Horn"},{"floor":17,"key":"Juzu Bracelet"},{"floor":17,"key":"Blue Candle"},{"floor":17,"key":"Torii"},{"floor":23,"key":"Snake Skull"},{"floor":25,"key":"Thread and Needle"},{"floor":26,"key":"Smiling Mask"}],"event_choices":[{"event_name":"Living Wall","player_choice":"Grow","floor":2,"damage_taken":0},{"event_name":"Wheel of Change","player_choice":"Damage","floor":4,"damage_taken":0},{"event_name":"Beggar","player_choice":"Gave Gold","floor":19,"damage_taken":0},{"event_name":"Back to Basics","player_choice":"Simplicity","floor":20,"damage_taken":0},{"event_name":"N\u0027loth","player_choice":"Traded a Centennial Puzzle","floor":21,"damage_taken":0}],"boss_relics":[{"not_picked":["Runic Dome","Orrery"],"picked":"Calling Bell"}],"items_purged_floors":[27],"potions_floor_spawned":[3,5,12,13,16,18,22],"seed_played":"1903236144221944874","killed_by":"Gremlin Leader","ascension_level":1,"potions_obtained":[{"floor":3,"key":"Poison Potion"},{"floor":5,"key":"Poison Potion"},{"floor":12,"key":"SteroidPotion"},{"floor":13,"key":"Regen Potion"},{"floor":16,"key":"Weak Potion"},{"floor":18,"key":"GamblersBrew"},{"floor":22,"key":"SpeedPotion"}],"is_trial":false}