{"gold_per_floor":[110,110,110,110,128,128,154,167,246,263,263,276,38,72,72,173,173,185,203,203,203,219,239,268,268,268,280,293,293,320,167,167,269,269,283,330,330,330,347,347,381,381,381,416,416,434,0,0,0,0],"floor_reached":51,"playtime":3984,"items_purged":[],"score":793,"play_id":"e8793602-04d2-4b26-9e1e-a2641180a356","local_time":"20190203144229","is_ascension_mode":false,"campfire_choices":[{"data":"Pommel Strike","floor":11,"key":"SMITH"},{"data":"Blood for Blood","floor":15,"key":"SMITH"},{"data":"Whirlwind","floor":25,"key":"SMITH"},{"data":"Clash","floor":32,"key":"SMITH"},{"floor":40,"key":"REST"},{"data":"Panache","floor":42,"key":"SMITH"},{"floor":45,"key":"REST"},{"data":"Clash","floor":49,"key":"SMITH"}],"neow_cost":"NONE","seed_source_timestamp":250936769957239,"circlet_count":0,"master_deck":["Strike_R+1","Strike_R","Strike_R","Strike_R","Strike_R","Defend_R","Defend_R","Defend_R","Defend_R","Bash+1","Uppercut+1","Shockwave","Pommel Strike+1","Twin Strike","Blood for Blood+1","Dramatic Entrance","Dual Wield","Berserk","Twin Strike","Pommel Strike","Clash+1","Twin Strike","Whirlwind+1","Double Tap+1","Headbutt","Metallicize","Feed","Armaments+1","Perfected Strike+1","The Bomb+1","Bandage Up+1","Panache+1","Clash+1","Thunderclap+1","Twin Strike","Shrug It Off+1","Perfected Strike+1"],"relics":["Black Blood","Lantern","Bag of Marbles","Meat on the Bone","Blood Vial","Du-Vu Doll","Black Star","Enchiridion","Vajra","Strawberry","Toxic Egg 2","Happy Flower","Thread and Needle","Red Skull","FossilizedHelix","Juzu Bracelet","Champion Belt","Gremlin Horn","Anchor","Gambling Chip","Red Mask"],"potions_floor_usage":[16,19,19,24,27,33,36],"damage_taken":[{"damage":11,"enemies":"Jaw Worm","floor":1,"turns":2},{"damage":1,"enemies":"Small Slimes","floor":5,"turns":3},{"damage":0,"enemies":"2 Louse","floor":8,"turns":2},{"damage":11,"enemies":"Large Slime","floor":10,"turns":6},{"damage":4,"enemies":"Exordium Thugs","floor":12,"turns":3},{"damage":14,"enemies":"Gremlin Nob","floor":14,"turns":3},{"damage":34,"enemies":"Slime Boss","floor":16,"turns":10},{"damage":25,"enemies":"3 Byrds","floor":18,"turns":4},{"damage":36,"enemies":"2 Thieves","floor":19,"turns":3},{"damage":2,"enemies":"Cultist and Chosen","floor":22,"turns":4},{"damage":15,"enemies":"Snake Plant","floor":23,"turns":2},{"damage":34,"enemies":"Book of Stabbing","floor":24,"turns":5},{"damage":0,"enemies":"Centurion and Healer","floor":27,"turns":4},{"damage":13,"enemies":"3 Cultists","floor":28,"turns":3},{"damage":20,"enemies":"Gremlin Leader","floor":30,"turns":3},{"damage":19,"enemies":"Collector","floor":33,"turns":4},{"damage":13,"enemies":"3 Shapes","floor":35,"turns":2},{"damage":36,"enemies":"2 Orb Walkers","floor":36,"turns":3},{"damage":41,"enemies":"3 Darklings","floor":39,"turns":4},{"damage":35,"enemies":"Giant Head","floor":41,"turns":7},{"damage":41,"enemies":"Reptomancer","floor":44,"turns":4},{"damage":0,"enemies":"Jaw Worm Horde","floor":46,"turns":3},{"damage":66,"enemies":"Donu and Deca","floor":50,"turns":7}],"seed_played":"8624719237982136880","potions_obtained":[{"floor":8,"key":"SpeedPotion"},{"floor":10,"key":"BloodPotion"},{"floor":12,"key":"Regen Potion"},{"floor":19,"key":"SteroidPotion"},{"floor":22,"key":"EssenceOfSteel"},{"floor":27,"key":"Fire Potion"},{"floor":33,"key":"SkillPotion"},{"floor":41,"key":"Dexterity Potion"},{"floor":44,"key":"SpeedPotion"}],"is_trial":false,"path_per_floor":["M","?","?","?","M","?","T","M","T","M","R","M","$","E","R","B",null,"M","M","?","?","M","M","E","R","T","M","M","?","E","$","R","B",null,"M","?","?","?","M","R","E","R","T","E","R","M","?","?","R","B",null],"character_chosen":"IRONCLAD","items_purchased":["Dramatic Entrance","Blood Vial","Red Skull"],"campfire_rested":2,"item_purchase_floors":[13,13,31],"current_hp_per_floor":[83,83,65,32,37,42,42,48,48,55,55,57,57,63,63,49,93,74,64,48,39,57,62,55,55,55,63,58,58,58,58,58,59,100,100,76,66,66,55,85,68,68,68,51,81,103,103,103,103,67],"gold":0,"neow_bonus":"TEN_PERCENT_HP_BONUS","is_prod":false,"is_daily":false,"chose_seed":false,"campfire_upgraded":6,"win_rate":0.0,"timestamp":1549212149,"path_taken":["M","?","?","?","M","?","?","M","T","M","R","M","$","E","R","BOSS","M","M","?","?","M","M","E","R","T","M","?","?","E","$","R","BOSS","M","?","?","?","?","R","E","R","T","E","R","M","?","?","R","BOSS"],"build_version":"2019-01-23","purchased_purges":0,"victory":true,"max_hp_per_floor":[88,88,88,88,88,93,93,93,93,93,93,93,93,93,93,93,93,93,93,93,93,93,93,100,100,100,100,100,100,100,100,100,100,100,103,103,103,103,103,103,103,103,103,103,103,107,107,107,107,107],"card_choices":[{"not_picked":["Iron Wave","Battle Trance"],"picked":"Uppercut","floor":1},{"not_picked":["Infernal Blade","Armaments"],"picked":"Shockwave","floor":5},{"not_picked":["Sword Boomerang","Shrug It Off"],"picked":"Pommel Strike","floor":8},{"not_picked":["Burning Pact","Power Through"],"picked":"Twin Strike","floor":10},{"not_picked":["True Grit","Rupture"],"picked":"Blood for Blood","floor":12},{"not_picked":["Heavy Blade","Limit Break"],"picked":"Dual Wield","floor":14},{"not_picked":["Dark Embrace","Demon Form"],"picked":"Berserk","floor":16},{"not_picked":["Iron Wave+1","Rupture+1"],"picked":"Twin Strike","floor":18},{"not_picked":["Intimidate+1","Body Slam"],"picked":"Pommel Strike","floor":19},{"not_picked":["Body Slam","Blood for Blood"],"picked":"Clash","floor":22},{"not_picked":["Flex","Sword Boomerang"],"picked":"Twin Strike","floor":23},{"not_picked":["Seeing Red","Thunderclap"],"picked":"Whirlwind","floor":24},{"not_picked":["Flame Barrier+1","Dual Wield+1"],"picked":"Double Tap+1","floor":27},{"not_picked":["Intimidate+1","Twin Strike"],"picked":"Headbutt","floor":28},{"not_picked":["True Grit+1","Bludgeon"],"picked":"Metallicize","floor":30},{"not_picked":["Dark Embrace","Brutality"],"picked":"Feed","floor":33},{"not_picked":["Power Through+1","Clothesline+1"],"picked":"Armaments+1","floor":35},{"not_picked":["Twin Strike","Armaments+1"],"picked":"Perfected Strike","floor":36},{"not_picked":["Impatience+1","Madness+1"],"picked":"The Bomb+1","floor":37},{"not_picked":["Flash of Steel","Purity+1"],"picked":"Bandage Up+1","floor":37},{"not_picked":["Good Instincts+1","Discovery+1"],"picked":"Panache","floor":37},{"not_picked":["Flex+1","Headbutt"],"picked":"Clash","floor":39},{"not_picked":["True Grit+1","Sever Soul"],"picked":"Thunderclap+1","floor":41},{"not_picked":["Spot Weakness+1","Blood for Blood"],"picked":"Twin Strike","floor":44},{"not_picked":["Warcry+1","Blood for Blood"],"picked":"Shrug It Off+1","floor":46}],"player_experience":45337,"relics_obtained":[{"floor":7,"key":"Bag of Marbles"},{"floor":9,"key":"Meat on the Bone"},{"floor":14,"key":"Du-Vu Doll"},{"floor":20,"key":"Enchiridion"},{"floor":24,"key":"Vajra"},{"floor":24,"key":"Strawberry"},{"floor":26,"key":"Toxic Egg 2"},{"floor":30,"key":"Happy Flower"},{"floor":30,"key":"Thread and Needle"},{"floor":36,"key":"FossilizedHelix"},{"floor":41,"key":"Juzu Bracelet"},{"floor":41,"key":"Champion Belt"},{"floor":43,"key":"Gremlin Horn"},{"floor":44,"key":"Anchor"},{"floor":44,"key":"Gambling Chip"}],"event_choices":[{"damage_healed":0,"gold_gain":0,"player_choice":"Grow","damage_taken":0,"max_hp_gain":0,"max_hp_loss":0,"event_name":"Living Wall","floor":2,"gold_loss":0,"cards_upgraded":["Uppercut"]},{"damage_healed":0,"gold_gain":0,"player_choice":"Entered Light","damage_taken":18,"max_hp_gain":0,"max_hp_loss":0,"event_name":"Shining Light","floor":3,"gold_loss":0,"cards_upgraded":["Bash","Strike_R"]},{"damage_healed":0,"gold_gain":0,"player_choice":"Success","damage_taken":33,"relics_obtained":["Lantern"],"max_hp_gain":0,"max_hp_loss":0,"event_name":"Scrap Ooze","floor":4,"gold_loss":0},{"damage_healed":0,"gold_gain":0,"player_choice":"Donut","damage_taken":0,"max_hp_gain":5,"max_hp_loss":0,"event_name":"Big Fish","floor":6,"gold_loss":0},{"damage_healed":0,"gold_gain":0,"player_choice":"Obtained Book","damage_taken":16,"max_hp_gain":0,"max_hp_loss":0,"event_name":"Cursed Tome","floor":20,"gold_loss":0},{"damage_healed":0,"gold_gain":0,"player_choice":"Damaged","damage_taken":9,"max_hp_gain":0,"max_hp_loss":0,"event_name":"Wheel of Change","floor":21,"gold_loss":0},{"damage_healed":0,"gold_gain":0,"player_choice":"Ignored","damage_taken":0,"max_hp_gain":0,"max_hp_loss":0,"event_name":"Beggar","floor":29,"gold_loss":0},{"damage_healed":0,"gold_gain":0,"player_choice":"Fight","damage_taken":0,"max_hp_gain":0,"max_hp_loss":0,"event_name":"Mysterious Sphere","floor":36,"gold_loss":0},{"damage_healed":0,"gold_gain":0,"player_choice":"Memory 3","damage_taken":10,"max_hp_gain":0,"max_hp_loss":0,"event_name":"SensoryStone","floor":37,"gold_loss":0},{"damage_healed":0,"gold_gain":0,"player_choice":"Upgraded","damage_taken":0,"max_hp_gain":0,"max_hp_loss":0,"event_name":"Upgrade Shrine","floor":38,"gold_loss":0,"cards_upgraded":["Perfected Strike"]},{"damage_healed":0,"gold_gain":0,"player_choice":"Paid","damage_taken":0,"relics_obtained":["Red Mask"],"max_hp_gain":0,"max_hp_loss":0,"event_name":"Tomb of Lord Red Mask","floor":47,"gold_loss":434},{"damage_healed":0,"gold_gain":0,"player_choice":"Copied","damage_taken":0,"max_hp_gain":0,"max_hp_loss":0,"event_name":"Duplicator","floor":48,"gold_loss":0,"cards_obtained":["Perfected Strike"]}],"is_beta":false,"boss_relics":[{"not_picked":["Runic Dome","Fusion Hammer"],"picked":"Black Star"},{"not_picked":["Tiny House","White Beast Statue"],"picked":"Black Blood"}],"items_purged_floors":[],"is_endless":false,"potions_floor_spawned":[8,10,12,19,22,27,33,41,44],"ascension_level":0}