{"gold_per_floor":[119,139,159,434,13,13,40,52,88,100,131,143,170,202,214,300,312,335,359,371,396,408,420,467,479,517,549,561],"floor_reached":28,"playtime":947,"items_purged":["Regret"],"score":480,"play_id":"6fc23865-e5e8-4add-a485-14d0d8493d65","local_time":"20190220011721","is_ascension_mode":true,"campfire_choices":[{"data":"Defragment","floor":6,"key":"SMITH"},{"data":"Zap","floor":8,"key":"SMITH"},{"data":"Coolheaded","floor":10,"key":"SMITH"},{"data":"Dualcast","floor":12,"key":"SMITH"},{"data":"Barrage","floor":15,"key":"SMITH"},{"floor":23,"key":"REST"},{"data":"White Noise","floor":25,"key":"SMITH"}],"neow_cost":"NONE","seed_source_timestamp":1178057724278200,"circlet_count":0,"master_deck":["AscendersBane","Strike_B","Strike_B","Strike_B","Defend_B","Defend_B","Defend_B","Defend_B","Zap+1","Dualcast+1","Defragment+1","Cold Snap","Barrage+1","Coolheaded+1","FTL","Compile Driver","Electrodynamics","Rebound","White Noise+1","Doom and Gloom","All For One"],"relics":["Cracked Core","Meat on the Bone","MawBank","Potion Belt","White Beast Statue","Nilry\u0027s Codex","Bottled Flame","Bronze Scales"],"potions_floor_usage":[7,7,16,16,16,21,24,24,27],"damage_taken":[{"damage":6,"enemies":"Cultist","floor":1,"turns":4},{"damage":7,"enemies":"2 Louse","floor":2,"turns":3},{"damage":8,"enemies":"Small Slimes","floor":3,"turns":4},{"damage":9,"enemies":"Lagavulin","floor":7,"turns":7},{"damage":4,"enemies":"Red Slaver","floor":11,"turns":3},{"damage":5,"enemies":"Large Slime","floor":13,"turns":5},{"damage":4,"enemies":"Exordium Wildlife","floor":14,"turns":3},{"damage":14,"enemies":"Slime Boss","floor":16,"turns":9},{"damage":15,"enemies":"3 Byrds","floor":18,"turns":4},{"damage":20,"enemies":"Spheric Guardian","floor":19,"turns":4},{"damage":16,"enemies":"Cultist and Chosen","floor":21,"turns":5},{"damage":31,"enemies":"Gremlin Leader","floor":24,"turns":5},{"damage":6,"enemies":"3 Cultists","floor":27,"turns":3},{"damage":30,"enemies":"Snake Plant","floor":28,"turns":3}],"seed_played":"-7459196726481599519","potions_obtained":[{"floor":1,"key":"EssenceOfSteel"},{"floor":7,"key":"Poison Potion"},{"floor":11,"key":"Explosive Potion"},{"floor":13,"key":"Poison Potion"},{"floor":16,"key":"Poison Potion"},{"floor":18,"key":"FearPotion"},{"floor":19,"key":"AttackPotion"},{"floor":21,"key":"Explosive Potion"},{"floor":24,"key":"Explosive Potion"},{"floor":27,"key":"FearPotion"}],"is_trial":false,"path_per_floor":["M","M","M","?","$","R","E","R","T","R","M","R","M","M","R","B",null,"M","M","?","M","?","R","E","R","T","M","M"],"character_chosen":"DEFECT","items_purchased":["Meat on the Bone","Coolheaded","Fire Potion"],"campfire_rested":1,"item_purchase_floors":[5,5,5],"current_hp_per_floor":[65,58,50,50,50,50,41,41,41,41,49,49,44,40,40,38,68,53,45,45,41,20,43,24,24,24,30,0],"gold":561,"neow_bonus":"TEN_PERCENT_HP_BONUS","is_prod":false,"is_daily":false,"chose_seed":false,"campfire_upgraded":6,"win_rate":0,"timestamp":1550654241,"path_taken":["M","M","?","?","$","R","E","R","T","R","?","R","M","M","R","BOSS","M","M","?","?","?","R","E","R","T","M","M"],"build_version":"2019-01-23","purchased_purges":1,"victory":false,"max_hp_per_floor":[78,78,78,78,78,78,78,78,78,78,78,78,78,78,78,78,78,78,78,78,78,78,78,78,78,78,78,78],"card_choices":[{"not_picked":["Heatsinks","Hologram"],"picked":"Defragment","floor":1},{"not_picked":["Leap","Fusion"],"picked":"Cold Snap","floor":2},{"not_picked":["Turbo","Steam"],"picked":"Barrage","floor":3},{"not_picked":["Consume","Force Field"],"picked":"FTL","floor":7},{"not_picked":["Stack","Storm","Cold Snap"],"picked":"SKIP","floor":11},{"not_picked":["Cold Snap","Sweeping Beam"],"picked":"Compile Driver","floor":13},{"not_picked":["Streamline","Go for the Eyes","Sweeping Beam"],"picked":"SKIP","floor":14},{"not_picked":["Buffer","Reboot"],"picked":"Electrodynamics","floor":16},{"not_picked":["Recycle","Compile Driver"],"picked":"Rebound","floor":18},{"not_picked":["Rip and Tear","Compile Driver"],"picked":"White Noise","floor":19},{"not_picked":["Stack","Redo"],"picked":"Doom and Gloom","floor":21},{"not_picked":["Compile Driver+1","Melter","Coolheaded"],"picked":"SKIP","floor":24},{"not_picked":["Doom and Gloom","Rebound"],"picked":"All For One","floor":27}],"player_experience":747003,"relics_obtained":[{"floor":7,"key":"MawBank"},{"floor":9,"key":"Potion Belt"},{"floor":22,"key":"Nilry\u0027s Codex"},{"floor":24,"key":"Bottled Flame"},{"floor":26,"key":"Bronze Scales"}],"event_choices":[{"damage_healed":0,"gold_gain":275,"player_choice":"Desecrate","damage_taken":0,"max_hp_gain":0,"max_hp_loss":0,"event_name":"Golden Shrine","floor":4,"gold_loss":0,"cards_obtained":["Regret"]},{"cards_removed":["Strike_B"],"damage_healed":0,"gold_gain":0,"player_choice":"Offered Basic","damage_taken":0,"max_hp_gain":0,"max_hp_loss":0,"event_name":"Bonfire Elementals","floor":20,"gold_loss":0},{"damage_healed":0,"gold_gain":0,"player_choice":"Obtained Book","damage_taken":21,"max_hp_gain":0,"max_hp_loss":0,"event_name":"Cursed Tome","floor":22,"gold_loss":0}],"is_beta":false,"boss_relics":[{"not_picked":["Eternal Feather","Sozu"],"picked":"White Beast Statue"}],"items_purged_floors":[5],"is_endless":false,"potions_floor_spawned":[1,7,11,13,16,18,19,21,24,27],"killed_by":"Snake Plant","ascension_level":20}