{"gold_per_floor":[116,116,81,91,101,101,136,136,136,136,156,191,191,41,41,112,112,130,130,80,92,103,103,130,147,201,201,216,216,241,13,13,84,84,102,102,117,117,127,127,153,153,205,217],"floor_reached":44,"playtime":5283,"items_purged":[],"score":968,"play_id":"d0ae6334-e8eb-42f5-bfb5-731eee91692a","local_time":"20190308212145","is_ascension_mode":true,"campfire_choices":[{"data":"Zap","floor":6.0,"key":"SMITH"},{"floor":8.0,"key":"REST"},{"data":"Seek","floor":10.0,"key":"SMITH"},{"data":"Dualcast","floor":13.0,"key":"SMITH"},{"data":"Coolheaded","floor":15.0,"key":"SMITH"},{"floor":23,"key":"REST"},{"floor":29,"key":"REST"},{"floor":32,"key":"REST"},{"floor":40,"key":"RECALL"},{"floor":42,"key":"REST"}],"neow_cost":"NONE","seed_source_timestamp":0,"circlet_count":0,"master_deck":["AscendersBane","Strike_B","Strike_B","Defend_B","Defend_B","Defend_B","Defend_B","Zap+1","Dualcast+1","Seek+1","Compile Driver","Sweeping Beam","Self Repair+1","Beam Cell+1","Leap","Ball Lightning","Coolheaded+1","Self Repair","Creative AI","Chaos+1","RitualDagger","Hologram","Stack+1","Steam","Steam Power","Compile Driver+1","All For One","Gash","Go for the Eyes","Compile Driver+1"],"special_seed":0,"relics":["Cracked Core","Letter Opener","Dodecahedron","Blue Candle","Fusion Hammer","Vajra","Potion Belt","Sundial","DataDisk","White Beast Statue","Juzu Bracelet","MawBank"],"potions_floor_usage":[21,24,24,33,39,41,44,44,44],"damage_taken":[{"damage":10.0,"enemies":"Small Slimes","floor":1.0,"turns":4.0},{"damage":7.0,"enemies":"Jaw Worm","floor":4.0,"turns":3.0},{"damage":0.0,"enemies":"2 Louse","floor":5.0,"turns":2.0},{"damage":25.0,"enemies":"3 Sentries","floor":7.0,"turns":5.0},{"damage":6.0,"enemies":"Looter","floor":11.0,"turns":3.0},{"damage":25.0,"enemies":"Lagavulin","floor":12.0,"turns":7.0},{"damage":23.0,"enemies":"The Guardian","floor":16.0,"turns":12.0},{"damage":27,"enemies":"Shell Parasite","floor":18,"turns":5},{"damage":19,"enemies":"3 Byrds","floor":21,"turns":4},{"damage":31,"enemies":"Centurion and Healer","floor":22,"turns":4},{"damage":35,"enemies":"Gremlin Leader","floor":24,"turns":8},{"damage":6,"enemies":"Snake Plant","floor":25,"turns":3},{"damage":16,"enemies":"Cultist and Chosen","floor":28,"turns":4},{"damage":20,"enemies":"Slavers","floor":30,"turns":4},{"damage":67,"enemies":"Automaton","floor":33,"turns":9},{"damage":19,"enemies":"3 Darklings","floor":35,"turns":3},{"damage":11,"enemies":"Orb Walker","floor":37,"turns":3},{"damage":0,"enemies":"Spire Growth","floor":39,"turns":3},{"damage":69,"enemies":"Nemesis","floor":41,"turns":9},{"damage":69,"enemies":"Reptomancer","floor":44,"turns":3}],"seed_played":"-308768757361592170","potions_obtained":[{"floor":4.0,"key":"PowerPotion"},{"floor":11.0,"key":"Poison Potion"},{"floor":12.0,"key":"FearPotion"},{"floor":18,"key":"Energy Potion"},{"floor":21,"key":"Swift Potion"},{"floor":25,"key":"SmokeBomb"},{"floor":35,"key":"Explosive Potion"},{"floor":37,"key":"LiquidBronze"},{"floor":38,"key":"Dexterity Potion"},{"floor":38,"key":"FairyPotion"},{"floor":39,"key":"Explosive Potion"},{"floor":41,"key":"AttackPotion"}],"is_trial":false,"path_per_floor":["M","?","?","M","M","R","E","R","T","R","M","E","R","$","R","B",null,"M","?","?","M","M","R","E","M","T","?","M","R","E","$","R","B",null,"M","?","M","?","M","R","E","R","T","E"],"character_chosen":"DEFECT","items_purchased":["Ball Lightning","Coolheaded","Self Repair","DataDisk","PowerPotion"],"campfire_rested":5,"item_purchase_floors":[14,14,14,31,31],"current_hp_per_floor":[54,43,60,53,53,53,28,49,49,49,50,32,32,32,32,23,59,46,40,40,38,24,45,27,28,28,28,29,50,47,47,68,18,58,46,46,52,52,69,69,34,55,55,0],"gold":217,"neow_bonus":"ONE_RANDOM_RARE_CARD","is_prod":false,"is_daily":false,"chose_seed":false,"campfire_upgraded":4,"win_rate":0,"timestamp":1552076505,"path_taken":["M","?","?","M","M","R","E","R","T","R","M","E","R","$","R","BOSS","M","?","?","M","?","R","E","M","T","?","M","R","E","$","R","BOSS","M","?","M","?","?","R","E","R","T","E"],"build_version":"2019-02-06","purchased_purges":0,"victory":false,"max_hp_per_floor":[71,71,71,71,71,71,71,71,71,71,71,71,71,71,71,71,71,71,71,71,71,71,71,71,71,71,71,71,71,71,71,71,71,71,71,71,71,71,71,71,71,71,71,71],"card_choices":[{"not_picked":["Stack","Heatsinks"],"picked":"Compile Driver","floor":1.0},{"not_picked":["Force Field","Hologram"],"picked":"Sweeping Beam","floor":4.0},{"not_picked":["Redo","Hologram","Steam"],"picked":"SKIP","floor":5.0},{"not_picked":["Blizzard","Gash"],"picked":"Self Repair","floor":7.0},{"not_picked":["Turbo","Storm"],"picked":"Beam Cell","floor":11.0},{"not_picked":["Aggregate","Redo"],"picked":"Leap","floor":12.0},{"not_picked":["Machine Learning","Buffer"],"picked":"Creative AI","floor":16.0},{"not_picked":["Scrape","Reprogram"],"picked":"Chaos+1","floor":18},{"not_picked":["Blizzard","Stack","Chaos"],"picked":"SKIP","floor":21},{"not_picked":["Go for the Eyes","Reinforced Body"],"picked":"Hologram","floor":22},{"not_picked":["Biased Cognition","Scrape"],"picked":"Stack+1","floor":24},{"not_picked":["Hologram","Aggregate"],"picked":"Steam","floor":25},{"not_picked":["Hologram","Leap"],"picked":"Steam Power","floor":28},{"not_picked":["Ball Lightning","Double Energy"],"picked":"Compile Driver+1","floor":30},{"not_picked":["Meteor Strike","Electrodynamics"],"picked":"All For One","floor":33},{"not_picked":["Cold Snap","Aggregate","Ball Lightning"],"picked":"SKIP","floor":35},{"not_picked":["Consume","Lockon+1"],"picked":"Gash","floor":37},{"not_picked":["Auto Shields","Gash"],"picked":"Go for the Eyes","floor":39},{"not_picked":["Genetic Algorithm","White Noise"],"picked":"Compile Driver+1","floor":41}],"player_experience":1368503,"relics_obtained":[{"floor":7.0,"key":"Dodecahedron"},{"floor":12.0,"key":"Blue Candle"},{"floor":24,"key":"Vajra"},{"floor":26,"key":"Potion Belt"},{"floor":30,"key":"Sundial"},{"floor":41,"key":"Juzu Bracelet"},{"floor":43,"key":"MawBank"}],"event_choices":[{"damage_healed":0.0,"max_hp_gain":0.0,"max_hp_loss":0.0,"gold_gain":0.0,"event_name":"Scrap Ooze","player_choice":"Success","floor":2.0,"gold_loss":0.0,"damage_taken":11.0,"relics_obtained":["Letter Opener"]},{"damage_healed":17.0,"max_hp_gain":0.0,"max_hp_loss":0.0,"gold_gain":0.0,"event_name":"The Cleric","player_choice":"Healed","floor":3.0,"gold_loss":35.0,"damage_taken":0.0},{"damage_healed":0,"gold_gain":0,"player_choice":"Joined the Cult","damage_taken":6,"max_hp_gain":0,"max_hp_loss":0,"event_name":"Nest","floor":19,"gold_loss":0,"cards_obtained":["RitualDagger"]},{"damage_healed":0,"gold_gain":0,"player_choice":"Upgraded Two","damage_taken":0,"max_hp_gain":0,"max_hp_loss":0,"event_name":"Designer","floor":20,"gold_loss":50,"cards_upgraded":["Beam Cell","Self Repair"]},{"cards_removed":["Strike_B"],"damage_healed":0,"gold_gain":0,"player_choice":"Purged","damage_taken":0,"max_hp_gain":0,"max_hp_loss":0,"event_name":"Purifier","floor":27,"gold_loss":0},{"cards_removed":["Strike_B"],"damage_healed":0,"gold_gain":0,"player_choice":"Removed Attack","damage_taken":0,"max_hp_gain":0,"max_hp_loss":0,"event_name":"Falling","floor":36,"gold_loss":0},{"damage_healed":0,"gold_gain":0,"player_choice":"Got Potions","damage_taken":0,"max_hp_gain":0,"max_hp_loss":0,"event_name":"Lab","floor":38,"gold_loss":0}],"is_beta":true,"boss_relics":[{"not_picked":["Lizard Tail","Runic Dome"],"picked":"Fusion Hammer"},{"not_picked":["Empty Cage","Tiny House"],"picked":"White Beast Statue"}],"items_purged_floors":[],"is_endless":false,"potions_floor_spawned":[4,11,12,18,21,22,25,35,37,39,41],"killed_by":"Reptomancer","ascension_level":20}