{"gold_per_floor":[114,125,125,139,150,150,150,150,229,240,117,117,129,59,59,154,154,166,166,186,198,104,104,114,130,181,81,0,0,10,20,20,20],"floor_reached":33,"playtime":1982,"items_purged":["Strike_G","Strike_G"],"score":265,"play_id":"4c1225d0-bde1-4be8-b9dc-2965a838dbf6","local_time":"20190208145847","is_ascension_mode":true,"campfire_choices":[{"floor":6,"key":"REST"},{"data":"Infinite Blades","floor":8,"key":"SMITH"},{"data":"Cloak And Dagger","floor":12,"key":"SMITH"},{"data":"Noxious Fumes","floor":15,"key":"SMITH"},{"data":"After Image","floor":23,"key":"SMITH"},{"floor":29,"key":"REST"},{"floor":32,"key":"REST"}],"neow_cost":"NONE","seed_source_timestamp":4669576223239185,"circlet_count":0,"master_deck":["Defend_G","Defend_G","Defend_G","Defend_G","Strike_G","Strike_G","Strike_G","Survivor","Neutralize","Choke","Deadly Poison","PiercingWail","Backflip","Infinite Blades+1","Cloak And Dagger+1","Noxious Fumes+1","After Image+1","Well Laid Plans","Deadly Poison","Noxious Fumes","Cloak And Dagger","Blade Dance"],"relics":["Ring of the Serpent","Potion Belt","Ninja Scroll","Omamori"],"potions_floor_usage":[5,18,20,25,25,31,31],"damage_taken":[{"damage":4,"enemies":"Jaw Worm","floor":1,"turns":3},{"damage":0,"enemies":"2 Louse","floor":2,"turns":2},{"damage":1,"enemies":"Cultist","floor":4,"turns":3},{"damage":26,"enemies":"Exordium Wildlife","floor":5,"turns":7},{"damage":6,"enemies":"3 Louse","floor":10,"turns":3},{"damage":0,"enemies":"Large Slime","floor":13,"turns":4},{"damage":20,"enemies":"The Guardian","floor":16,"turns":8},{"damage":18,"enemies":"2 Thieves","floor":18,"turns":4},{"damage":13,"enemies":"Shell Parasite","floor":20,"turns":5},{"damage":7,"enemies":"Snake Plant","floor":21,"turns":5},{"damage":10,"enemies":"Sentry and Sphere","floor":24,"turns":5},{"damage":3,"enemies":"Snecko","floor":25,"turns":6},{"damage":15,"enemies":"Centurion and Healer","floor":30,"turns":6},{"damage":17,"enemies":"Shelled Parasite and Fungi","floor":31,"turns":6},{"damage":52,"enemies":"Automaton","floor":33,"turns":10}],"seed_played":"6918303077624164931","potions_obtained":[{"floor":1,"key":"Strength Potion"},{"floor":4,"key":"Poison Potion"},{"floor":16,"key":"EssenceOfSteel"},{"floor":18,"key":"Dexterity Potion"},{"floor":21,"key":"Energy Potion"},{"floor":24,"key":"Swift Potion"},{"floor":25,"key":"PowerPotion"}],"is_trial":false,"path_per_floor":["M","M","?","M","M","R","?","R","T","M","$","R","M","$","R","B",null,"M","?","M","M","$","R","M","M","T","$","?","R","M","M","R","B"],"character_chosen":"THE_SILENT","items_purchased":["Cloak And Dagger","Noxious Fumes","Noxious Fumes","Cloak And Dagger"],"campfire_rested":3,"item_purchase_floors":[11,14,22,22],"current_hp_per_floor":[66,66,66,65,39,60,60,60,60,54,54,54,54,54,54,34,70,52,70,57,50,50,50,40,37,37,37,37,58,43,26,47,0],"gold":20,"neow_bonus":"TRANSFORM_CARD","is_prod":false,"is_daily":false,"chose_seed":false,"campfire_upgraded":4,"win_rate":0,"timestamp":1549655927,"path_taken":["M","M","?","M","M","R","?","R","T","M","?","R","?","$","R","BOSS","M","?","M","M","$","R","M","M","T","$","?","R","M","M","R","BOSS"],"build_version":"2019-01-23","purchased_purges":2,"victory":false,"max_hp_per_floor":[70,70,70,70,70,70,70,70,70,70,70,70,70,70,70,70,70,70,70,70,70,70,70,70,70,70,70,70,70,70,70,70,70],"card_choices":[{"not_picked":["Leg Sweep","Dagger Throw"],"picked":"Deadly Poison","floor":1},{"not_picked":["Predator","Sucker Punch"],"picked":"PiercingWail","floor":2},{"not_picked":["Cloak And Dagger","Deadly Poison"],"picked":"Backflip","floor":4},{"not_picked":["Footwork","Poisoned Stab"],"picked":"Infinite Blades","floor":5},{"not_picked":["Acrobatics","Dodge and Roll","Predator"],"picked":"SKIP","floor":10},{"not_picked":["Quick Slash","Eviscerate","Sucker Punch"],"picked":"SKIP","floor":13},{"not_picked":["Bullet Time","Adrenaline"],"picked":"After Image","floor":16},{"not_picked":["Slice","Distraction"],"picked":"Well Laid Plans","floor":18},{"not_picked":["Tactician+1","Backflip","Dagger Throw+1"],"picked":"SKIP","floor":20},{"not_picked":["Sucker Punch+1","Deflect"],"picked":"Deadly Poison","floor":21},{"not_picked":["Dagger Throw","Underhanded Strike+1","Distraction"],"picked":"SKIP","floor":24},{"not_picked":["Acrobatics","Malaise","PiercingWail"],"picked":"SKIP","floor":25},{"not_picked":["Endless Agony","Bane+1","All Out Attack"],"picked":"SKIP","floor":30},{"not_picked":["Finisher+1","Slice"],"picked":"Blade Dance","floor":31}],"player_experience":76511,"relics_obtained":[{"floor":9,"key":"Ninja Scroll"},{"floor":26,"key":"Omamori"}],"event_choices":[{"damage_healed":0,"gold_gain":0,"player_choice":"Ignored","damage_taken":0,"max_hp_gain":0,"max_hp_loss":0,"event_name":"Liars Game","floor":3,"gold_loss":0},{"damage_healed":0,"gold_gain":0,"player_choice":"Searched \u00272\u0027 times","damage_taken":0,"relics_obtained":["Potion Belt"],"max_hp_gain":0,"max_hp_loss":0,"event_name":"Dead Adventurer","floor":7,"gold_loss":0},{"damage_healed":23,"gold_gain":0,"player_choice":"Heal","damage_taken":0,"max_hp_gain":0,"max_hp_loss":0,"event_name":"The Library","floor":19,"gold_loss":0},{"damage_healed":0,"gold_gain":0,"player_choice":"Paid Fearfully","damage_taken":0,"max_hp_gain":0,"max_hp_loss":0,"event_name":"Masked Bandits","floor":28,"gold_loss":81}],"is_beta":false,"boss_relics":[{"not_picked":["Philosopher\u0027s Stone","Velvet Choker"],"picked":"Ring of the Serpent"}],"items_purged_floors":[11,27],"is_endless":false,"potions_floor_spawned":[1,4,16,18,21,24,25],"killed_by":"Automaton","ascension_level":2}