{"gold_per_floor":[116,14,89,103,115,115,150,150,150,150,52,127,127,144,144,240,240,259,8,20,20,20,20,31,51,101,101],"floor_reached":27,"playtime":1290,"items_purged":["Strike_R","Defend_R"],"score":211,"play_id":"950f70f2-96b8-4204-9724-21d9498ae530","local_time":"20190307024545","is_ascension_mode":false,"campfire_choices":[{"data":"Inflame","floor":6,"key":"SMITH"},{"data":"Havoc","floor":10,"key":"SMITH"},{"floor":15,"key":"REST"},{"floor":23,"key":"RECALL"}],"neow_cost":"NONE","seed_source_timestamp":28952872061767,"circlet_count":0,"master_deck":["Strike_R","Strike_R+1","Strike_R","Defend_R+1","Defend_R","Defend_R","Bash","Inflame","Inflame+1","Shrug It Off","Warcry","Havoc+1","Offering","Thunderclap","Bloodletting","Dark Embrace+1","Seeing Red+1","Sword Boomerang+1","Flex","Flex+1"],"relics":["Burning Blood","NeowsBlessing","Gremlin Horn","Frozen Egg 2","Lizard Tail","Vajra","Nilry\u0027s Codex","Regal Pillow"],"potions_floor_usage":[7,16,16,24,24,24,27],"damage_taken":[{"damage":0,"enemies":"Cultist","floor":1,"turns":1},{"damage":0,"enemies":"Small Slimes","floor":4,"turns":1},{"damage":0,"enemies":"2 Louse","floor":5,"turns":1},{"damage":20,"enemies":"Gremlin Nob","floor":7,"turns":4},{"damage":8,"enemies":"Looter","floor":14,"turns":3},{"damage":52,"enemies":"Hexaghost","floor":16,"turns":11},{"damage":28,"enemies":"3 Byrds","floor":18,"turns":5},{"damage":28,"enemies":"Shell Parasite","floor":20,"turns":5},{"damage":23,"enemies":"Sentry and Sphere","floor":24,"turns":4},{"damage":49,"enemies":"3 Cultists","floor":25,"turns":5},{"damage":6,"enemies":"Cultist and Chosen","floor":27,"turns":3}],"seed_played":"-1679095691480414783","potions_obtained":[{"floor":1,"key":"AttackPotion"},{"floor":5,"key":"SteroidPotion"},{"floor":7,"key":"Explosive Potion"},{"floor":16,"key":"FearPotion"},{"floor":20,"key":"Fire Potion"},{"floor":22,"key":"BloodPotion"},{"floor":25,"key":"AttackPotion"}],"is_trial":false,"path_per_floor":["M","$","?","M","M","R","E","?","T","R","$","?","?","M","R","B",null,"M","$","M","?","?","R","M","M","T","M"],"character_chosen":"IRONCLAD","items_purchased":["Inflame","Shrug It Off","Thunderclap","Vajra"],"campfire_rested":1,"item_purchase_floors":[2,2,11,19],"current_hp_per_floor":[80,80,72,78,80,80,66,66,66,66,66,55,39,37,61,15,80,58,58,36,20,20,20,11,8,8,2],"gold":101,"neow_bonus":"THREE_ENEMY_KILL","is_prod":false,"is_daily":false,"chose_seed":false,"campfire_upgraded":2,"win_rate":0,"timestamp":1551894345,"path_taken":["M","$","?","?","M","R","E","?","T","R","$","?","?","M","R","BOSS","M","$","M","?","?","R","M","M","T","M"],"build_version":"2019-01-23","purchased_purges":2,"victory":false,"max_hp_per_floor":[80,80,80,80,80,80,80,80,80,80,80,80,80,80,80,80,80,80,80,80,80,80,80,80,80,80,80],"card_choices":[{"not_picked":["Intimidate","Headbutt"],"picked":"Inflame","floor":1},{"not_picked":["Body Slam","Dropkick"],"picked":"Warcry","floor":4},{"not_picked":["Pommel Strike","Combust"],"picked":"Havoc","floor":5},{"not_picked":["Ghostly Armor","Flex"],"picked":"Offering","floor":7},{"not_picked":["Rage","Twin Strike"],"picked":"Bloodletting","floor":14},{"not_picked":["Berserk+1","Immolate"],"picked":"Dark Embrace+1","floor":16},{"not_picked":["Wild Strike","Anger"],"picked":"Seeing Red+1","floor":18},{"not_picked":["Iron Wave+1","Spot Weakness"],"picked":"Sword Boomerang+1","floor":20},{"not_picked":["Iron Wave","Disarm"],"picked":"Flex","floor":24},{"not_picked":["Thunderclap","Hemokinesis+1"],"picked":"Flex+1","floor":25}],"player_experience":150191,"relics_obtained":[{"floor":7,"key":"Gremlin Horn"},{"floor":9,"key":"Frozen Egg 2"},{"floor":21,"key":"Nilry\u0027s Codex"},{"floor":26,"key":"Regal Pillow"}],"event_choices":[{"damage_healed":0,"gold_gain":75,"player_choice":"Touch","damage_taken":8,"max_hp_gain":0,"max_hp_loss":0,"event_name":"FaceTrader","floor":3,"gold_loss":0},{"cards_removed":["Strike_R"],"damage_healed":0,"gold_gain":0,"player_choice":"Forget","damage_taken":0,"max_hp_gain":0,"max_hp_loss":0,"event_name":"Living Wall","floor":8,"gold_loss":0},{"damage_healed":0,"gold_gain":75,"player_choice":"Gather Gold","damage_taken":11,"max_hp_gain":0,"max_hp_loss":0,"event_name":"World of Goop","floor":12,"gold_loss":0},{"damage_healed":0,"gold_gain":0,"player_choice":"Entered Light","damage_taken":16,"max_hp_gain":0,"max_hp_loss":0,"event_name":"Shining Light","floor":13,"gold_loss":0,"cards_upgraded":["Strike_R","Defend_R"]},{"damage_healed":0,"gold_gain":0,"player_choice":"Obtained Book","damage_taken":16,"max_hp_gain":0,"max_hp_loss":0,"event_name":"Cursed Tome","floor":21,"gold_loss":0},{"damage_healed":0,"gold_gain":0,"player_choice":"Got Potions","damage_taken":0,"max_hp_gain":0,"max_hp_loss":0,"event_name":"Lab","floor":22,"gold_loss":0}],"is_beta":false,"boss_relics":[{"not_picked":["Runic Dome","Empty Cage"],"picked":"Lizard Tail"}],"items_purged_floors":[11,19],"is_endless":false,"potions_floor_spawned":[1,5,7,16,20,25],"killed_by":"Cultist and Chosen","ascension_level":0}