{"gold_per_floor":[116,291,309,320,336,336,361,361,361,361,43,56,56,56,56,179,179,194,212,52,70,70,70,106,106,129,228,228,353,353,353,353,353],"floor_reached":33,"playtime":1996,"items_purged":["Doubt"],"score":274,"play_id":"9f3eb581-cca6-4c75-b02a-c8dacba3ec4a","local_time":"20190217154105","is_ascension_mode":true,"campfire_choices":[{"data":"Armaments","floor":6,"key":"SMITH"},{"floor":13,"key":"REST"},{"floor":15,"key":"RECALL"},{"data":"Armaments","floor":23,"key":"SMITH"},{"floor":25,"key":"REST"},{"floor":30,"key":"REST"},{"data":"Combust","floor":32,"key":"SMITH"}],"neow_cost":"NONE","seed_source_timestamp":187621428562041,"circlet_count":0,"master_deck":["Strike_R","Strike_R","Strike_R","Strike_R","Strike_R","Defend_R","Defend_R","Defend_R","Defend_R","Bash","Perfected Strike","Fire Breathing","Spot Weakness","Armaments+1","Battle Trance","Bandage Up","Heavy Blade","Feed","Wild Strike","Armaments+1","Wild Strike","Armaments","Combust+1","Perfected Strike+1","Pommel Strike","Reaper","Uppercut","Shame","Perfected Strike+1"],"relics":["Burning Blood","NeowsBlessing","Dodecahedron","Meat on the Bone","Red Skull","Golden Idol","Orrery","Darkstone Periapt","Potion Belt","WingedGreaves","Sundial"],"potions_floor_usage":[16,18,21],"damage_taken":[{"damage":0,"enemies":"Small Slimes","floor":1,"turns":1},{"damage":0,"enemies":"2 Louse","floor":3,"turns":1},{"damage":0,"enemies":"Cultist","floor":4,"turns":1},{"damage":24,"enemies":"3 Louse","floor":5,"turns":3},{"damage":54,"enemies":"3 Sentries","floor":7,"turns":8},{"damage":7,"enemies":"Blue Slaver","floor":12,"turns":3},{"damage":47,"enemies":"Slime Boss","floor":16,"turns":10},{"damage":38,"enemies":"3 Byrds","floor":18,"turns":5},{"damage":23,"enemies":"Spheric Guardian","floor":19,"turns":4},{"damage":10,"enemies":"Snecko","floor":21,"turns":3},{"damage":46,"enemies":"Slavers","floor":24,"turns":5},{"damage":64,"enemies":"Colosseum Slavers","floor":29,"turns":6},{"damage":34,"enemies":"Colosseum Nobs","floor":29,"turns":4},{"damage":80,"enemies":"Collector","floor":33,"turns":6}],"seed_played":"-3386652509082334344","potions_obtained":[{"floor":3,"key":"FearPotion"},{"floor":16,"key":"SteroidPotion"},{"floor":18,"key":"SteroidPotion"},{"floor":21,"key":"FairyPotion"}],"is_trial":false,"path_per_floor":["M","?","M","M","M","R","E","?","T","?","$","M","R","?","R","B",null,"M","M","$","M","$","R","E","R","T","?","?","?","R","?","R","B"],"character_chosen":"IRONCLAD","items_purchased":["Red Skull","Bandage Up","Pommel Strike","Reaper"],"campfire_rested":3,"item_purchase_floors":[11,11,20,20],"current_hp_per_floor":[80,80,80,80,62,62,14,14,14,14,14,29,53,53,53,28,74,49,48,48,52,52,52,38,62,62,62,68,30,55,55,55,0],"gold":353,"neow_bonus":"THREE_ENEMY_KILL","is_prod":false,"is_daily":false,"chose_seed":false,"campfire_upgraded":3,"win_rate":0,"timestamp":1550428865,"path_taken":["M","?","M","M","M","R","E","?","T","?","$","M","R","?","R","BOSS","M","M","$","M","$","R","E","R","T","?","?","?","R","?","R","BOSS"],"build_version":"2019-01-23","purchased_purges":1,"victory":false,"max_hp_per_floor":[80,80,80,80,80,80,80,80,80,80,80,80,80,74,74,74,74,77,77,77,77,77,77,80,80,80,80,86,86,86,86,86,86],"card_choices":[{"not_picked":["Hemokinesis","Flex"],"picked":"Perfected Strike","floor":1},{"not_picked":["Spot Weakness","Thunderclap"],"picked":"Fire Breathing","floor":3},{"not_picked":["Feel No Pain","Carnage"],"picked":"Spot Weakness","floor":4},{"not_picked":["Ghostly Armor","Searing Blow"],"picked":"Armaments","floor":5},{"not_picked":["Clothesline","Uppercut"],"picked":"Battle Trance","floor":7},{"not_picked":["Clothesline","Havoc"],"picked":"Heavy Blade","floor":12},{"not_picked":["Impervious","Fiend Fire"],"picked":"Feed","floor":16},{"not_picked":["Body Slam","Reckless Charge"],"picked":"Wild Strike","floor":17},{"not_picked":["Seeing Red","Pummel"],"picked":"Armaments","floor":17},{"not_picked":["Rampage","Sword Boomerang"],"picked":"Wild Strike","floor":17},{"not_picked":["Warcry","Havoc"],"picked":"Armaments","floor":17},{"not_picked":["Impervious","Sever Soul"],"picked":"Combust","floor":17},{"not_picked":["Body Slam","Thunderclap","Clothesline"],"picked":"SKIP","floor":18},{"not_picked":["Clash","Sword Boomerang"],"picked":"Perfected Strike+1","floor":19},{"not_picked":["Heavy Blade","Clothesline","Carnage"],"picked":"SKIP","floor":21},{"not_picked":["True Grit","Intimidate"],"picked":"Uppercut","floor":24}],"player_experience":102351,"relics_obtained":[{"floor":7,"key":"Dodecahedron"},{"floor":9,"key":"Meat on the Bone"},{"floor":24,"key":"Darkstone Periapt"},{"floor":29,"key":"WingedGreaves"},{"floor":29,"key":"Sundial"}],"event_choices":[{"damage_healed":0,"gold_gain":175,"player_choice":"AGREE","damage_taken":0,"max_hp_gain":0,"max_hp_loss":0,"event_name":"Liars Game","floor":2,"gold_loss":0,"cards_obtained":["Doubt"]},{"damage_healed":0,"gold_gain":0,"player_choice":"Ignored","damage_taken":0,"max_hp_gain":0,"max_hp_loss":0,"event_name":"Golden Wing","floor":8,"gold_loss":0},{"damage_healed":0,"gold_gain":0,"player_choice":"Ignored","damage_taken":0,"max_hp_gain":0,"max_hp_loss":0,"event_name":"Shining Light","floor":10,"gold_loss":0},{"damage_healed":0,"gold_gain":0,"player_choice":"Lose Max HP","damage_taken":0,"relics_obtained":["Golden Idol"],"max_hp_gain":0,"max_hp_loss":6,"event_name":"Golden Idol","floor":14,"gold_loss":0},{"damage_healed":0,"gold_gain":99,"player_choice":"Stole From Cult","damage_taken":0,"max_hp_gain":0,"max_hp_loss":0,"event_name":"Nest","floor":27,"gold_loss":0},{"damage_healed":0,"gold_gain":0,"player_choice":"Stole Relic","damage_taken":0,"relics_obtained":["Potion Belt"],"max_hp_gain":0,"max_hp_loss":0,"event_name":"Addict","floor":28,"gold_loss":0,"cards_obtained":["Shame"]},{"damage_healed":0,"gold_gain":0,"player_choice":"Fight","damage_taken":0,"max_hp_gain":0,"max_hp_loss":0,"event_name":"Colosseum","floor":29,"gold_loss":0},{"damage_healed":0,"gold_gain":0,"player_choice":"Fought Nobs","damage_taken":0,"max_hp_gain":0,"max_hp_loss":0,"event_name":"Colosseum","floor":29,"gold_loss":0},{"damage_healed":0,"gold_gain":0,"player_choice":"Copied","damage_taken":0,"max_hp_gain":0,"max_hp_loss":0,"event_name":"Duplicator","floor":31,"gold_loss":0,"cards_obtained":["Perfected Strike"]}],"is_beta":false,"boss_relics":[{"not_picked":["Runic Dome","Busted Crown"],"picked":"Orrery"}],"items_purged_floors":[11],"is_endless":false,"potions_floor_spawned":[3,16,18,21],"killed_by":"Collector","ascension_level":1}