{"gold_per_floor":[114,114,38,57,68,68,88,101,181,181,198,210,210,220,220,324,324,338,263,278,291,291,291,307,232,232,232,243,243,256,268,268,268],"floor_reached":33,"playtime":1547,"items_purged":["Flying Knee"],"score":270,"play_id":"d2116978-3eac-472b-9c03-0c65b6591319","local_time":"20181207161626","daily_mods":["Draft"],"is_ascension_mode":false,"campfire_choices":[{"data":"Crippling Poison","floor":6,"key":"SMITH"},{"data":"Outmaneuver","floor":10,"key":"SMITH"},{"floor":13,"key":"REST"},{"floor":15,"key":"REST"},{"data":"Backflip","floor":23,"key":"SMITH"},{"data":"Blur","floor":27,"key":"SMITH"},{"floor":32,"key":"REST"}],"neow_cost":"","seed_source_timestamp":0,"circlet_count":0,"master_deck":["Deadly Poison","Outmaneuver+1","Flying Knee","Blur+1","Blur","Deadly Poison","Poisoned Stab","Poisoned Stab","Dagger Throw","Quick Slash","Masterful Stab","Poisoned Stab","Deadly Poison","Poisoned Stab","Crippling Poison+1","Poisoned Stab","Bane","Bane","After Image","Masterful Stab","Backflip+1","Cloak And Dagger+1","Deflect"],"relics":["Ring of the Snake","Sundial","Cursed Key","MutagenicStrength"],"potions_floor_usage":[7,8,12,16,21,30,33,33],"damage_taken":[{"damage":0,"enemies":"Small Slimes","floor":1,"turns":2},{"damage":6,"enemies":"Jaw Worm","floor":4,"turns":2},{"damage":6,"enemies":"2 Louse","floor":5,"turns":2},{"damage":0,"enemies":"Looter","floor":7,"turns":2},{"damage":12,"enemies":"2 Fungi Beasts","floor":8,"turns":2},{"damage":8,"enemies":"3 Louse","floor":11,"turns":3},{"damage":5,"enemies":"Exordium Thugs","floor":12,"turns":3},{"damage":10,"enemies":"Looter","floor":14,"turns":2},{"damage":43,"enemies":"The Guardian","floor":16,"turns":8},{"damage":17,"enemies":"2 Thieves","floor":18,"turns":3},{"damage":15,"enemies":"Shell Parasite","floor":20,"turns":3},{"damage":8,"enemies":"Sentry and Sphere","floor":21,"turns":5},{"damage":0,"enemies":"Snake Plant","floor":24,"turns":2},{"damage":8,"enemies":"Snecko","floor":28,"turns":3},{"damage":6,"enemies":"Cultist and Chosen","floor":30,"turns":4},{"damage":13,"enemies":"Snake Plant","floor":31,"turns":3},{"damage":54,"enemies":"Champ","floor":33,"turns":6}],"seed_played":"4054357187270906720","potions_obtained":[{"floor":4,"key":"SkillPotion"},{"floor":5,"key":"Fire Potion"},{"floor":11,"key":"AttackPotion"},{"floor":14,"key":"Poison Potion"},{"floor":20,"key":"Regen Potion"},{"floor":24,"key":"SpeedPotion"},{"floor":28,"key":"Fruit Juice"},{"floor":31,"key":"Strength Potion"}],"is_trial":true,"path_per_floor":["M","?","$","M","M","R","M","M","T","R","M","M","R","M","R","B",null,"M","$","M","M","?","R","M","?","T","R","M","?","M","M","R","B"],"character_chosen":"THE_SILENT","items_purchased":["Crippling Poison"],"campfire_rested":3,"item_purchase_floors":[3],"current_hp_per_floor":[70,75,75,69,63,63,63,51,51,51,43,38,60,50,72,29,75,58,58,43,49,49,49,49,49,49,49,41,41,40,27,51,0],"gold":268,"neow_bonus":"","is_prod":false,"is_daily":false,"chose_seed":false,"campfire_upgraded":4,"win_rate":0.0,"timestamp":1544217386,"path_taken":["M","?","$","M","M","R","M","M","T","R","M","M","R","M","R","BOSS","M","$","M","M","?","R","M","?","T","R","M","?","M","M","R","BOSS"],"build_version":"2018-12-06","purchased_purges":1,"victory":false,"max_hp_per_floor":[70,75,75,75,75,75,75,75,75,75,75,75,75,75,75,75,75,75,75,75,75,75,75,75,75,75,75,75,75,80,80,80,80],"card_choices":[{"not_picked":["Backflip","Backstab"],"picked":"Deadly Poison","floor":0},{"not_picked":["Blade Dance","Acrobatics"],"picked":"Outmaneuver","floor":0},{"not_picked":["Leg Sweep","Dagger Throw"],"picked":"Flying Knee","floor":0},{"not_picked":["Infinite Blades","Heel Hook"],"picked":"Acrobatics","floor":0},{"not_picked":["Sucker Punch","Slice"],"picked":"Blur","floor":0},{"not_picked":["Bane","Underhanded Strike"],"picked":"Blur","floor":0},{"not_picked":["Setup","Outmaneuver"],"picked":"Deadly Poison","floor":0},{"not_picked":["Choke","Flechettes"],"picked":"Poisoned Stab","floor":0},{"not_picked":["Well Laid Plans","Dagger Spray"],"picked":"Poisoned Stab","floor":0},{"not_picked":["Underhanded Strike","Predator"],"picked":"Dagger Throw","floor":0},{"not_picked":["Acrobatics","All Out Attack"],"picked":"Flying Knee","floor":0},{"not_picked":["Acrobatics","Slice"],"picked":"Quick Slash","floor":0},{"not_picked":["Slice","Quick Slash"],"picked":"Masterful Stab","floor":0},{"not_picked":["Outmaneuver","Dagger Spray"],"picked":"Poisoned Stab","floor":0},{"not_picked":["Endless Agony","Prepared"],"picked":"Deadly Poison","floor":0},{"not_picked":["Sucker Punch","Finisher"],"picked":"Poisoned Stab","floor":1},{"not_picked":["Deflect","Slice"],"picked":"Poisoned Stab","floor":4},{"not_picked":["PiercingWail","Dodge and Roll","Escape Plan"],"picked":"SKIP","floor":5},{"not_picked":["Predator","Quick Slash","Caltrops"],"picked":"SKIP","floor":7},{"not_picked":["PiercingWail","Acrobatics"],"picked":"Bane","floor":8},{"not_picked":["Dagger Spray","Flying Knee"],"picked":"Bane","floor":11},{"not_picked":["Riddle With Holes","Endless Agony","Acrobatics"],"picked":"SKIP","floor":12},{"not_picked":["Acrobatics","Deadly Poison","Dagger Spray"],"picked":"SKIP","floor":14},{"not_picked":["Die Die Die","Tools of the Trade"],"picked":"After Image","floor":16},{"not_picked":["Distraction","Flechettes+1"],"picked":"Masterful Stab","floor":18},{"not_picked":["Deflect","Cloak And Dagger"],"picked":"Backflip","floor":20},{"not_picked":["Heel Hook","Slice","Acrobatics"],"picked":"SKIP","floor":21},{"not_picked":["Deadly Poison+1","Underhanded Strike"],"picked":"Cloak And Dagger+1","floor":24},{"not_picked":["Heel Hook","Reflex+1","Acrobatics"],"picked":"SKIP","floor":28},{"not_picked":["Blade Dance","Dodge and Roll"],"picked":"Deflect","floor":30},{"not_picked":["PiercingWail","Acrobatics","Deadly Poison"],"picked":"SKIP","floor":31}],"player_experience":193196,"relics_obtained":[{"floor":9,"key":"Sundial"}],"event_choices":[{"damage_healed":0,"gold_gain":0,"player_choice":"Donut","damage_taken":0,"max_hp_gain":5,"max_hp_loss":0,"event_name":"Big Fish","floor":2,"gold_loss":0},{"damage_healed":0,"gold_gain":0,"player_choice":"Inject Mutagens","damage_taken":0,"relics_obtained":["MutagenicStrength"],"max_hp_gain":0,"max_hp_loss":0,"event_name":"Drug Dealer","floor":22,"gold_loss":0},{"cards_removed":["Acrobatics"],"damage_healed":0,"gold_gain":0,"player_choice":"Gave Gold","damage_taken":0,"max_hp_gain":0,"max_hp_loss":0,"event_name":"Beggar","floor":25,"gold_loss":75},{"damage_healed":0,"gold_gain":0,"player_choice":"Ignored","damage_taken":0,"max_hp_gain":0,"max_hp_loss":0,"event_name":"The Mausoleum","floor":29,"gold_loss":0}],"is_beta":false,"boss_relics":[{"not_picked":["Coffee Dripper","Velvet Choker"],"picked":"Cursed Key"}],"items_purged_floors":[19],"is_endless":false,"potions_floor_spawned":[4,5,11,14,20,24,28,31],"killed_by":"Champ","ascension_level":0}