{"gold_per_floor":[116,191,191,27,38,38,38,38,38,55,55,68,78,96,96,172,172,184,184],"floor_reached":19,"playtime":693,"items_purged":[],"score":318,"play_id":"872841b9-5129-45a0-86ca-8c45e4bb2e4b","local_time":"20190203210648","is_ascension_mode":true,"campfire_choices":[{"data":"Rampage","floor":6.0,"key":"SMITH"},{"floor":8.0,"key":"REST"},{"data":"Flame Barrier","floor":11.0,"key":"SMITH"},{"floor":15.0,"key":"REST"}],"neow_cost":"NONE","seed_source_timestamp":118934569492465,"circlet_count":0,"master_deck":["AscendersBane","Bash","Disarm","Headbutt","Flame Barrier+1","Rampage+1","Spot Weakness","Shrug It Off","Impervious","Sword Boomerang+1","Rampage+1","Rampage+1","Brutality","Corruption","Brutality","Sentinel","Juggernaut","Shrug It Off"],"special_seed":0,"relics":["Burning Blood","Molten Egg 2","Pandora\u0027s Box"],"potions_floor_usage":[19],"damage_taken":[{"damage":8.0,"enemies":"2 Louse","floor":1.0,"turns":4.0},{"damage":27.0,"enemies":"Jaw Worm","floor":5.0,"turns":7.0},{"damage":6.0,"enemies":"Cultist","floor":10.0,"turns":3.0},{"damage":14.0,"enemies":"Exordium Wildlife","floor":12.0,"turns":5.0},{"damage":0.0,"enemies":"Looter","floor":13.0,"turns":4.0},{"damage":15.0,"enemies":"Large Slime","floor":14.0,"turns":7.0},{"damage":40.0,"enemies":"Hexaghost","floor":16.0,"turns":10.0},{"damage":47,"enemies":"3 Byrds","floor":18,"turns":7},{"damage":34,"enemies":"Masked Bandits","floor":19,"turns":4}],"seed_played":"-7175076676003629370","potions_obtained":[{"floor":1.0,"key":"Swift Potion"},{"floor":10.0,"key":"EntropicBrew"},{"floor":14.0,"key":"Strength Potion"},{"floor":16.0,"key":"EssenceOfSteel"}],"is_trial":false,"path_per_floor":["M","?","?","$","M","R","$","R","T","M","R","M","M","M","R","B",null,"M","?"],"character_chosen":"IRONCLAD","items_purchased":["Flame Barrier","Rampage"],"campfire_rested":2,"item_purchase_floors":[4,4],"current_hp_per_floor":[73,62,62,62,41,41,41,65,65,65,65,57,63,54,78,44,73,32,0],"gold":184,"neow_bonus":"TEN_PERCENT_HP_BONUS","is_prod":false,"is_daily":false,"chose_seed":false,"campfire_upgraded":2,"win_rate":0,"timestamp":1549256808,"path_taken":["M","?","?","$","M","R","?","R","T","M","R","M","M","?","R","BOSS","M","?"],"build_version":"2019-01-23","purchased_purges":0,"victory":false,"max_hp_per_floor":[82,82,82,82,82,82,82,82,82,82,82,82,82,82,82,82,82,82,82],"card_choices":[{"not_picked":["Cleave","Wild Strike"],"picked":"Disarm","floor":1.0},{"not_picked":["Sword Boomerang","Clash","Burning Pact"],"picked":"SKIP","floor":5.0},{"not_picked":["Corruption","Twin Strike+1"],"picked":"Spot Weakness","floor":10.0},{"not_picked":["Power Through","Entrench","Clothesline+1"],"picked":"SKIP","floor":12.0},{"not_picked":["Carnage+1","Corruption"],"picked":"Shrug It Off","floor":13.0},{"not_picked":["Heavy Blade+1","Body Slam+1","True Grit"],"picked":"SKIP","floor":14.0},{"not_picked":["Brutality","Barricade"],"picked":"Impervious","floor":16.0},{"not_picked":["Clash+1","Twin Strike+1"],"picked":"Shrug It Off","floor":18}],"player_experience":706084,"relics_obtained":[{"floor":9.0,"key":"Molten Egg 2"}],"event_choices":[{"damage_healed":0.0,"max_hp_gain":0.0,"max_hp_loss":0.0,"gold_gain":75.0,"event_name":"World of Goop","player_choice":"Gather Gold","floor":2.0,"gold_loss":0.0,"damage_taken":11.0},{"damage_healed":0.0,"max_hp_gain":0.0,"max_hp_loss":0.0,"gold_gain":0.0,"cards_transformed":["Strike_R"],"event_name":"Living Wall","player_choice":"Change","floor":3.0,"gold_loss":0.0,"damage_taken":0.0,"cards_obtained":["Headbutt"]},{"damage_healed":0,"gold_gain":0,"player_choice":"Fought Bandits","damage_taken":0,"max_hp_gain":0,"max_hp_loss":0,"event_name":"Masked Bandits","floor":19,"gold_loss":0}],"is_beta":false,"boss_relics":[{"not_picked":["Mark of Pain","Orrery"],"picked":"Pandora\u0027s Box"}],"items_purged_floors":[],"is_endless":false,"potions_floor_spawned":[1,10,14,16],"killed_by":"Masked Bandits","ascension_level":20}