{"gold_per_floor":[117,42,61,31,47,76,128,128,128,128,159,159,159,185,185,285,285,300,325,325,325,325,325],"floor_reached":23,"playtime":1164,"items_purged":["Strike_R"],"score":213,"play_id":"5f9bd8d4-9993-42bc-9757-2c7ad9ee99b6","local_time":"20190201184048","is_ascension_mode":true,"campfire_choices":[{"data":"Armaments","floor":8,"key":"SMITH"},{"data":"Bash","floor":10,"key":"SMITH"},{"data":"Iron Wave","floor":12,"key":"SMITH"},{"floor":15,"key":"RECALL"}],"neow_cost":"NONE","seed_source_timestamp":3121877089346,"circlet_count":0,"master_deck":["Strike_R","Strike_R","Defend_R","Defend_R","Defend_R","Defend_R","Bash+1","Shrug It Off+1","Ghostly Armor","Armaments+1","Iron Wave+1","Metallicize","Demon Form","Iron Wave+1"],"relics":["Burning Blood","NeowsBlessing","Anchor","Kunai","Blue Candle","Bottled Flame","Empty Cage","Boot","MutagenicStrength","Vajra","Centennial Puzzle"],"potions_floor_usage":[6,16],"damage_taken":[{"damage":0,"enemies":"Jaw Worm","floor":1,"turns":1},{"damage":0,"enemies":"Cultist","floor":3,"turns":1},{"damage":0,"enemies":"Small Slimes","floor":5,"turns":1},{"damage":21,"enemies":"3 Sentries","floor":6,"turns":11},{"damage":27,"enemies":"Gremlin Nob","floor":11,"turns":5},{"damage":9,"enemies":"3 Sentries","floor":14,"turns":13},{"damage":24,"enemies":"The Guardian","floor":16,"turns":21},{"damage":11,"enemies":"Shell Parasite","floor":18,"turns":11},{"damage":14,"enemies":"Slavers","floor":23,"turns":4}],"seed_played":"5085061133553668115","potions_obtained":[{"floor":1,"key":"AttackPotion"},{"floor":4,"key":"Dexterity Potion"},{"floor":4,"key":"SteroidPotion"},{"floor":11,"key":"SteroidPotion"},{"floor":18,"key":"Swift Potion"}],"is_trial":false,"path_per_floor":["M","$","M","?","M","E","T","R","T","R","E","R","?","E","R","B",null,"M","T","?","?","?","E"],"character_chosen":"IRONCLAD","items_purchased":[],"campfire_rested":0,"item_purchase_floors":[],"current_hp_per_floor":[80,80,80,80,80,65,65,65,65,65,44,44,44,41,41,23,80,75,75,75,75,75,61],"gold":325,"neow_bonus":"THREE_ENEMY_KILL","is_prod":false,"is_daily":false,"chose_seed":false,"campfire_upgraded":3,"win_rate":0,"timestamp":1549035648,"path_taken":["M","$","M","?","?","E","?","R","T","R","E","R","?","E","R","BOSS","M","?","?","?","?","E"],"build_version":"2019-01-23","purchased_purges":1,"victory":false,"max_hp_per_floor":[80,80,80,80,80,80,80,80,80,80,80,80,80,80,80,80,80,80,80,80,80,80,80],"card_choices":[{"not_picked":["Blood for Blood","Wild Strike"],"picked":"Shrug It Off","floor":1},{"not_picked":["True Grit","Pommel Strike"],"picked":"Ghostly Armor","floor":3},{"not_picked":["Reckless Charge","Second Wind","Searing Blow"],"picked":"SKIP","floor":5},{"not_picked":["Immolate","Dual Wield"],"picked":"Armaments","floor":6},{"not_picked":["Entrench","Second Wind"],"picked":"Iron Wave","floor":11},{"not_picked":["Seeing Red","Rampage"],"picked":"Metallicize","floor":14},{"not_picked":["Immolate","Limit Break"],"picked":"Demon Form","floor":16},{"not_picked":["Thunderclap","Disarm+1"],"picked":"Iron Wave+1","floor":18}],"player_experience":233580,"relics_obtained":[{"floor":6,"key":"Anchor"},{"floor":9,"key":"Kunai"},{"floor":11,"key":"Blue Candle"},{"floor":14,"key":"Bottled Flame"},{"floor":19,"key":"Boot"}],"event_choices":[{"damage_healed":0,"gold_gain":0,"player_choice":"Bought 2 Potions","damage_taken":0,"max_hp_gain":0,"max_hp_loss":0,"event_name":"The Woman in Blue","floor":4,"gold_loss":0},{"damage_healed":0,"gold_gain":0,"player_choice":"Upgraded","damage_taken":0,"max_hp_gain":0,"max_hp_loss":0,"event_name":"Upgrade Shrine","floor":13,"gold_loss":0,"cards_upgraded":["Shrug It Off"]},{"damage_healed":0,"gold_gain":0,"player_choice":"Inject Mutagens","damage_taken":0,"relics_obtained":["MutagenicStrength"],"max_hp_gain":0,"max_hp_loss":0,"event_name":"Drug Dealer","floor":20,"gold_loss":0},{"damage_healed":0,"gold_gain":0,"player_choice":"Opened","damage_taken":0,"relics_obtained":["Vajra"],"max_hp_gain":0,"max_hp_loss":0,"event_name":"The Mausoleum","floor":21,"gold_loss":0},{"damage_healed":0,"gold_gain":0,"player_choice":"Gave Potion","damage_taken":0,"relics_obtained":["Centennial Puzzle"],"max_hp_gain":0,"max_hp_loss":0,"event_name":"WeMeetAgain","floor":22,"gold_loss":0}],"is_beta":false,"boss_relics":[{"not_picked":["Snecko Eye","Runic Cube"],"picked":"Empty Cage"}],"items_purged_floors":[2],"is_endless":false,"potions_floor_spawned":[1,11,14,18],"killed_by":"Slavers","ascension_level":1}