{"gold_per_floor":[114,114,131,145,159,184,184,197,197,197,162,162,177,187,187,259,259,272,272,26,26,26,26,37,51,98,98,118,144,55,55,55,129,129,142,192,0,11,27,27,37,55,55,55,55,70,70,70,70,70],"floor_reached":50,"playtime":2513,"items_purged":["Decay"],"score":858,"play_id":"3c2d29bc-ac23-4aaf-995c-6e8eb8b28f33","local_time":"20180927235756","is_ascension_mode":true,"campfire_choices":[{"data":"Recycle","floor":7,"key":"SMITH"},{"data":"Rainbow","floor":10,"key":"SMITH"},{"data":"Loop","floor":12,"key":"SMITH"},{"data":"Dualcast","floor":15,"key":"SMITH"},{"data":"Beam Cell","floor":23,"key":"SMITH"},{"floor":27,"key":"REST"},{"floor":32,"key":"REST"},{"data":"1","floor":40,"key":"LIFT"},{"floor":44,"key":"REST"},{"data":"2","floor":47,"key":"LIFT"},{"floor":49,"key":"REST"}],"neow_cost":"NONE","seed_source_timestamp":1142030482720410,"circlet_count":0,"master_deck":["Strike_B+1","Strike_B+1","Strike_B+1","Strike_B+1","Defend_B+1","Defend_B+1","Defend_B+1","Defend_B+1","Zap","Dualcast+1","AscendersBane","Recycle+1","Ball Lightning","Gash","Coolheaded","Loop+1","Rainbow+1","Cold Snap","Beam Cell+1","All For One","Compile Driver","Electrodynamics","Gash","BootSequence","Self Repair","Reboot","Conserve Battery+1","Ball Lightning+1","Rebound+1","Double Energy+1","Dark Shackles"],"relics":["Cracked Core","Orichalcum","Centennial Puzzle","Ornamental Fan","Runic Pyramid","Bottled Tornado","Omamori","Girya","Sozu","Red Mask","Mercury Hourglass"],"potions_floor_usage":[6,16,33,50],"damage_taken":[{"damage":1,"enemies":"Cultist","floor":1,"turns":4},{"damage":4,"enemies":"Small Slimes","floor":3,"turns":3},{"damage":2,"enemies":"Jaw Worm","floor":4,"turns":3},{"damage":10,"enemies":"3 Louse","floor":5,"turns":3},{"damage":8,"enemies":"3 Sentries","floor":6,"turns":7},{"damage":14,"enemies":"Exordium Wildlife","floor":8,"turns":4},{"damage":0,"enemies":"Large Slime","floor":13,"turns":5},{"damage":5,"enemies":"Looter","floor":14,"turns":2},{"damage":21,"enemies":"Hexaghost","floor":16,"turns":8},{"damage":6,"enemies":"3 Byrds","floor":18,"turns":3},{"damage":20,"enemies":"Shell Parasite","floor":24,"turns":4},{"damage":25,"enemies":"Shelled Parasite and Fungi","floor":25,"turns":3},{"damage":0,"enemies":"3 Cultists","floor":28,"turns":3},{"damage":22,"enemies":"Gremlin Leader","floor":29,"turns":5},{"damage":20,"enemies":"Champ","floor":33,"turns":8},{"damage":17,"enemies":"3 Darklings","floor":35,"turns":3},{"damage":5,"enemies":"3 Shapes","floor":38,"turns":2},{"damage":20,"enemies":"Reptomancer","floor":39,"turns":4},{"damage":0,"enemies":"Sphere and 2 Shapes","floor":41,"turns":3},{"damage":20,"enemies":"Spire Growth","floor":42,"turns":4},{"damage":1,"enemies":"Transient","floor":46,"turns":6},{"damage":66,"enemies":"Time Eater","floor":50,"turns":5}],"seed_played":"-4377129649567392764","potions_obtained":[{"floor":1,"key":"EssenceOfSteel"},{"floor":5,"key":"Swift Potion"},{"floor":13,"key":"Swift Potion"},{"floor":24,"key":"Strength Potion"},{"floor":33,"key":"SpeedPotion"}],"is_trial":false,"path_per_floor":["M","?","M","M","M","E","R","M","T","R","?","R","M","M","R","B",null,"M","?","$","T","?","R","M","M","T","R","M","E","$","$","R","B",null,"M","?","?","M","M","R","M","M","T","R","?","M","R","?","R"],"character_chosen":"DEFECT","items_purchased":["Electrodynamics","Self Repair"],"campfire_rested":4,"item_purchase_floors":[20,30],"current_hp_per_floor":[63,63,59,57,47,39,39,25,25,25,42,42,42,37,37,16,57,51,51,51,51,51,51,31,6,6,27,27,5,5,5,26,13,57,40,40,40,35,22,22,29,16,16,37,37,43,43,43,63,0],"gold":70,"neow_bonus":"RANDOM_COMMON_RELIC","is_prod":false,"is_daily":false,"chose_seed":false,"campfire_upgraded":5,"win_rate":0,"timestamp":1538107076,"path_taken":["M","?","M","M","?","E","R","M","T","R","?","R","M","M","R","BOSS","M","?","$","?","?","R","M","?","T","R","M","E","?","$","R","BOSS","M","?","?","?","M","R","M","M","T","R","?","M","R","?","R","BOSS"],"build_version":"2018-09-27","purchased_purges":1,"victory":false,"max_hp_per_floor":[71,71,71,71,71,71,71,71,71,71,71,71,71,71,71,71,71,71,71,71,71,71,71,71,71,71,71,71,71,71,71,71,71,71,71,71,71,71,71,71,71,71,71,71,67,67,67,67,67,67],"card_choices":[{"not_picked":["BootSequence","Heatsinks"],"picked":"Recycle","floor":1},{"not_picked":["Glacier","Hello World"],"picked":"Ball Lightning","floor":3},{"not_picked":["Sweeping Beam","Turbo"],"picked":"Gash","floor":4},{"not_picked":["Redo","Turbo"],"picked":"Coolheaded","floor":5},{"not_picked":["Static Discharge","Skim"],"picked":"Loop","floor":6},{"not_picked":["Steam","Melter"],"picked":"Rainbow","floor":8},{"not_picked":["Genetic Algorithm","Reinforced Body"],"picked":"Cold Snap","floor":13},{"not_picked":["Compile Driver","Conserve Battery"],"picked":"Beam Cell","floor":14},{"not_picked":["Fission","Electrodynamics"],"picked":"All For One","floor":16},{"not_picked":["Turbo","Chill"],"picked":"Compile Driver","floor":18},{"not_picked":["Beam Cell","Redo"],"picked":"Gash","floor":24},{"not_picked":["Ball Lightning","Stack","Compile Driver"],"picked":"SKIP","floor":25},{"not_picked":["Sweeping Beam","Conserve Battery","Hello World"],"picked":"SKIP","floor":28},{"not_picked":["Cold Snap","Redo"],"picked":"BootSequence","floor":29},{"not_picked":["Creative AI","Buffer"],"picked":"Reboot","floor":33},{"not_picked":["Coolheaded","Skim","Tempest"],"picked":"SKIP","floor":35},{"not_picked":["Rebound","Tempest+1"],"picked":"Conserve Battery+1","floor":38},{"not_picked":["Steam","Chill+1"],"picked":"Ball Lightning+1","floor":39},{"not_picked":["Chill+1","Coolheaded+1"],"picked":"Rebound+1","floor":41},{"not_picked":["Streamline","Multi-Cast"],"picked":"Double Energy+1","floor":42},{"not_picked":["Hello World","Turbo","Streamline"],"picked":"SKIP","floor":46},{"not_picked":["The Bomb","Forethought"],"picked":"Dark Shackles","floor":48}],"player_experience":266889,"relics_obtained":[{"floor":6,"key":"Centennial Puzzle"},{"floor":9,"key":"Ornamental Fan"},{"floor":21,"key":"Bottled Tornado"},{"floor":26,"key":"Omamori"},{"floor":29,"key":"Girya"},{"floor":43,"key":"Mercury Hourglass"}],"event_choices":[{"event_name":"Golden Idol","player_choice":"Ignored","floor":2,"damage_taken":0},{"event_name":"The Cleric","player_choice":"Healed","floor":11,"damage_taken":0},{"event_name":"Forgotten Altar","player_choice":"Smashed Altar","floor":19,"damage_taken":0},{"event_name":"Back to Basics","player_choice":"Simplicity","floor":22,"damage_taken":0},{"event_name":"Golden Shrine","player_choice":"Pray","floor":36,"damage_taken":0},{"event_name":"Tomb of Lord Red Mask","player_choice":"Paid","floor":37,"damage_taken":0},{"event_name":"Winding Halls","player_choice":"Max HP","floor":45,"damage_taken":0},{"event_name":"SensoryStone","player_choice":"Memory 1","floor":48,"damage_taken":0}],"is_beta":false,"boss_relics":[{"not_picked":["Snecko Eye","Black Star"],"picked":"Runic Pyramid"},{"not_picked":["Tiny House","Inserter"],"picked":"Sozu"}],"items_purged_floors":[20],"is_endless":false,"potions_floor_spawned":[1,5,13,14,24,25,33,38,39,41,42],"killed_by":"Time Eater","ascension_level":17}