{"gold_per_floor":[118,118,42,42,42,42,107,125,201,235,249,267,56,74,74,173,173,183,183,33,43,5,5,19,19,74,74,74,74,104,115,115,218,218,234,234,234,251,251,251,261,261,288,305,316,2,2,18,18,18],"floor_reached":51,"playtime":1831,"items_purged":["Gash","Strike_B"],"score":665,"play_id":"80f6cbab-5c29-4247-b05b-ff9a3a593b05","local_time":"20181123231900","is_ascension_mode":false,"campfire_choices":[{"data":"Defragment","floor":6,"key":"SMITH"},{"data":"Go for the Eyes","floor":15,"key":"SMITH"},{"data":"Capacitor","floor":23,"key":"SMITH"},{"data":"Loop","floor":25,"key":"SMITH"},{"floor":32,"key":"REST"},{"floor":40,"key":"DIG"},{"floor":47,"key":"DIG"},{"floor":49,"key":"REST"}],"neow_cost":"NONE","seed_source_timestamp":42816277813619,"circlet_count":0,"master_deck":["Strike_B+1","Defend_B","Defend_B","Defend_B+1","Defend_B","Zap+1","Dualcast+1","Defragment+1","Go for the Eyes+1","Streamline+1","Cold Snap+1","Thunder Strike+1","Steam","Echo Form","Ball Lightning+1","Coolheaded","Conserve Battery+1","Capacitor+1","Loop+1","Compile Driver+1","BootSequence","Core Surge+1","Force Field","Defragment+1","Hologram+1","Ball Lightning+1","Lockon+1"],"relics":["FrozenCore","NeowsBlessing","Bag of Marbles","Meat on the Bone","Molten Egg 2","War Paint","Enchiridion","Sundial","Empty Cage","Shovel","Art of War","Membership Card","Vajra"],"potions_floor_usage":[30,30,33,38,38,50,50,50],"damage_taken":[{"damage":0,"enemies":"2 Louse","floor":1,"turns":1},{"damage":0,"enemies":"Lagavulin Event","floor":7,"turns":1},{"damage":0,"enemies":"Jaw Worm","floor":8,"turns":1},{"damage":15,"enemies":"3 Sentries","floor":10,"turns":7},{"damage":0,"enemies":"Small Slimes","floor":11,"turns":2},{"damage":5,"enemies":"Looter","floor":12,"turns":2},{"damage":5,"enemies":"2 Fungi Beasts","floor":14,"turns":3},{"damage":17,"enemies":"Hexaghost","floor":16,"turns":9},{"damage":12,"enemies":"Spheric Guardian","floor":18,"turns":6},{"damage":8,"enemies":"3 Byrds","floor":21,"turns":5},{"damage":2,"enemies":"Snecko","floor":24,"turns":5},{"damage":26,"enemies":"Slavers","floor":30,"turns":6},{"damage":12,"enemies":"Snake Plant","floor":31,"turns":5},{"damage":5,"enemies":"Champ","floor":33,"turns":10},{"damage":0,"enemies":"3 Shapes","floor":35,"turns":5},{"damage":0,"enemies":"3 Darklings","floor":38,"turns":7},{"damage":6,"enemies":"Jaw Worm Horde","floor":41,"turns":6},{"damage":0,"enemies":"Spire Growth","floor":44,"turns":6},{"damage":24,"enemies":"Writhing Mass","floor":45,"turns":6},{"damage":2,"enemies":"Sphere and 2 Shapes","floor":48,"turns":6},{"damage":26,"enemies":"Time Eater","floor":50,"turns":11}],"seed_played":"-8918509927494396002","potions_obtained":[{"floor":1,"key":"Energy Potion"},{"floor":11,"key":"Fire Potion"},{"floor":21,"key":"PowerPotion"},{"floor":30,"key":"FocusPotion"},{"floor":31,"key":"SpeedPotion"},{"floor":33,"key":"GamblersBrew"},{"floor":44,"key":"Ancient Potion"}],"is_trial":false,"path_per_floor":["M","?","$","?","?","R","?","M","T","E","M","M","$","M","R","B",null,"M","?","$","M","$","R","M","R","T","?","?","$","E","M","R","B",null,"M","T","?","M","?","R","M","?","T","M","M","$","R","M","R","B",null],"character_chosen":"DEFECT","items_purchased":["Defragment","Thunder Strike+1","Coolheaded","Capacitor","Lockon+1","Membership Card","GamblersBrew"],"campfire_rested":2,"item_purchase_floors":[3,13,20,22,46,46,46],"current_hp_per_floor":[75,68,68,68,53,53,53,53,53,38,38,45,45,40,40,35,75,63,63,63,55,55,55,53,53,53,37,37,37,23,23,45,40,75,75,75,75,75,65,65,59,59,59,59,47,47,47,45,67,41],"gold":18,"neow_bonus":"THREE_ENEMY_KILL","is_prod":false,"is_daily":false,"chose_seed":false,"campfire_upgraded":4,"win_rate":0,"timestamp":1542982740,"path_taken":["M","?","$","?","?","R","?","M","T","E","M","M","$","M","R","BOSS","M","?","$","M","$","R","M","R","T","?","?","?","E","M","R","BOSS","M","?","?","?","?","R","M","?","T","M","M","$","R","M","R","BOSS"],"build_version":"2018-11-15","purchased_purges":2,"victory":true,"max_hp_per_floor":[75,75,75,75,75,75,75,75,75,75,75,75,75,75,75,75,75,75,75,75,75,75,75,75,75,75,75,75,75,75,75,75,75,75,75,75,75,75,75,75,75,75,75,75,75,75,75,75,75,75],"card_choices":[{"not_picked":["Chaos","Rebound"],"picked":"Gash","floor":1},{"not_picked":["Doom and Gloom","Steam"],"picked":"Go for the Eyes","floor":7},{"not_picked":["Steam Power","Melter","Redo"],"picked":"SKIP","floor":8},{"not_picked":["Ball Lightning","Compile Driver"],"picked":"Gash","floor":10},{"not_picked":["Tempest","Conserve Battery"],"picked":"Streamline+1","floor":11},{"not_picked":["BootSequence","Hello World"],"picked":"Cold Snap+1","floor":12},{"not_picked":["Barrage+1","Steam Power","Steam"],"picked":"SKIP","floor":14},{"not_picked":["Barrage+1","Steam Power"],"picked":"Steam","floor":14},{"not_picked":["Hyperbeam+1","Amplify"],"picked":"Echo Form","floor":16},{"not_picked":["Steam","Storm"],"picked":"Ball Lightning+1","floor":18},{"not_picked":["Consume","Skim"],"picked":"Conserve Battery","floor":21},{"not_picked":["Turbo","Rip and Tear+1"],"picked":"Loop","floor":24},{"not_picked":["Turbo","Reinforced Body"],"picked":"BootSequence","floor":30},{"not_picked":["Compile Driver+1","Beam Cell+1","Steam+1"],"picked":"SKIP","floor":31},{"not_picked":["Biased Cognition","Machine Learning"],"picked":"Core Surge+1","floor":33},{"not_picked":["Cold Snap+1","Blizzard+1"],"picked":"Force Field","floor":35},{"not_picked":["Turbo","Barrage+1"],"picked":"Hologram+1","floor":38},{"not_picked":["Chill+1","Glacier"],"picked":"Ball Lightning+1","floor":41},{"not_picked":["Reinforced Body","Conserve Battery","Turbo"],"picked":"SKIP","floor":44},{"not_picked":["Turbo+1","Sweeping Beam+1","Barrage+1"],"picked":"SKIP","floor":45},{"not_picked":["Stack","Ball Lightning+1","Undo"],"picked":"SKIP","floor":48}],"player_experience":734521,"relics_obtained":[{"floor":7,"key":"Bag of Marbles"},{"floor":9,"key":"Meat on the Bone"},{"floor":10,"key":"Molten Egg 2"},{"floor":26,"key":"War Paint"},{"floor":27,"key":"Enchiridion"},{"floor":30,"key":"Sundial"},{"floor":36,"key":"Shovel"},{"floor":43,"key":"Art of War"},{"floor":47,"key":"Vajra"}],"event_choices":[{"cards_removed":["Strike_B"],"damage_healed":0,"gold_gain":0,"player_choice":"Card Removal","damage_taken":7,"max_hp_gain":0,"max_hp_loss":0,"event_name":"Golden Wing","floor":2,"gold_loss":0},{"damage_healed":0,"gold_gain":0,"player_choice":"Grow","damage_taken":0,"max_hp_gain":0,"max_hp_loss":0,"event_name":"Living Wall","floor":4,"gold_loss":0,"cards_upgraded":["Zap"]},{"damage_healed":0,"gold_gain":0,"player_choice":"Entered Light","damage_taken":15,"max_hp_gain":0,"max_hp_loss":0,"event_name":"Shining Light","floor":5,"gold_loss":0,"cards_upgraded":["Strike_B","Defend_B"]},{"damage_healed":0,"gold_gain":0,"player_choice":"Searched \u00271\u0027 times","damage_taken":0,"max_hp_gain":0,"max_hp_loss":0,"event_name":"Dead Adventurer","floor":7,"gold_loss":0},{"damage_healed":0,"gold_gain":0,"player_choice":"Ignored","damage_taken":0,"max_hp_gain":0,"max_hp_loss":0,"event_name":"Ghosts","floor":19,"gold_loss":0},{"damage_healed":0,"gold_gain":0,"player_choice":"Obtained Book","damage_taken":16,"max_hp_gain":0,"max_hp_loss":0,"event_name":"Cursed Tome","floor":27,"gold_loss":0},{"damage_healed":0,"gold_gain":0,"player_choice":"Read","damage_taken":0,"max_hp_gain":0,"max_hp_loss":0,"event_name":"The Library","floor":28,"gold_loss":0,"cards_obtained":["Compile Driver"]},{"damage_healed":0,"gold_gain":0,"player_choice":"Copied","damage_taken":0,"max_hp_gain":0,"max_hp_loss":0,"event_name":"Duplicator","floor":37,"gold_loss":0,"cards_obtained":["Defragment"]},{"damage_healed":0,"gold_gain":0,"player_choice":"Memory 3","damage_taken":10,"max_hp_gain":0,"max_hp_loss":0,"event_name":"SensoryStone","floor":39,"gold_loss":0},{"damage_healed":0,"gold_gain":0,"player_choice":"Ignored","damage_taken":0,"max_hp_gain":0,"max_hp_loss":0,"event_name":"Tomb of Lord Red Mask","floor":42,"gold_loss":0}],"is_beta":false,"boss_relics":[{"not_picked":["Lizard Tail","White Beast Statue"],"picked":"FrozenCore"},{"not_picked":["Philosopher\u0027s Stone","Snecko Eye"],"picked":"Empty Cage"}],"items_purged_floors":[13,20],"is_endless":false,"potions_floor_spawned":[1,11,21,30,31,33,35,44,48],"ascension_level":0}