{"gold_per_floor":[115,131,131,151,9,43,43,62,62,62,82,98,98,98,98,200,200,212,3,3,3,17,17,28,28,80,80,92,111,129,146,146,250,300,320,395,405,422,322,322,335,335,335,435,435,288,307,327,327,327,327,327,75,109,109],"floor_reached":55,"playtime":5043,"items_purged":["Writhe","Strike_R","Strike_R"],"score":798,"play_id":"6cba0f08-5231-4824-be07-262c4a4c2005","local_time":"20190304082548","is_ascension_mode":true,"campfire_choices":[{"data":"Armaments","floor":7,"key":"SMITH"},{"data":"Metallicize","floor":10,"key":"SMITH"},{"data":"Bash","floor":13,"key":"SMITH"},{"data":"Iron Wave","floor":15,"key":"SMITH"},{"data":"Pommel Strike","floor":23,"key":"SMITH"},{"data":"Fire Breathing","floor":25,"key":"SMITH"},{"floor":27,"key":"REST"},{"floor":32,"key":"RECALL"},{"data":"Juggernaut","floor":40,"key":"SMITH"},{"floor":42,"key":"REST"},{"floor":49,"key":"REST"},{"data":"Body Slam","floor":52,"key":"SMITH"}],"neow_cost":"CURSE","seed_source_timestamp":111056597954097,"circlet_count":0,"master_deck":["Strike_R","Strike_R","Strike_R+1","Defend_R","Defend_R","Defend_R","Defend_R","Bash+1","Iron Wave+1","Impervious","Battle Trance","Metallicize+1","Armaments+1","Pommel Strike+1","Impervious","Feed+1","Twin Strike+1","Pommel Strike+1","Fire Breathing+1","Juggernaut+1","Entrench+1","Body Slam+1","Body Slam+1"],"relics":["Burning Blood","Mango","Mercury Hourglass","Gambling Chip","Unceasing Top","Velvet Choker","Frozen Eye","Pen Nib","Tiny House","Magic Flower","Vajra","Orichalcum"],"potions_floor_usage":[6,16,33,33,38,41,50,50,54,54,55,55],"damage_taken":[{"damage":0,"enemies":"Cultist","floor":1,"turns":4},{"damage":7,"enemies":"Jaw Worm","floor":2,"turns":3},{"damage":2,"enemies":"Small Slimes","floor":4,"turns":4},{"damage":34,"enemies":"3 Sentries","floor":6,"turns":18},{"damage":1,"enemies":"Red Slaver","floor":8,"turns":4},{"damage":0,"enemies":"Large Slime","floor":11,"turns":7},{"damage":9,"enemies":"Exordium Wildlife","floor":12,"turns":6},{"damage":21,"enemies":"The Guardian","floor":16,"turns":11},{"damage":0,"enemies":"Chosen","floor":18,"turns":6},{"damage":10,"enemies":"2 Thieves","floor":22,"turns":4},{"damage":33,"enemies":"Shelled Parasite and Fungi","floor":24,"turns":7},{"damage":0,"enemies":"3 Cultists","floor":28,"turns":5},{"damage":17,"enemies":"Snake Plant","floor":29,"turns":5},{"damage":0,"enemies":"Snecko","floor":30,"turns":4},{"damage":0,"enemies":"Sentry and Sphere","floor":31,"turns":4},{"damage":23,"enemies":"Collector","floor":33,"turns":13},{"damage":6,"enemies":"3 Shapes","floor":35,"turns":5},{"damage":38,"enemies":"3 Darklings","floor":37,"turns":6},{"damage":0,"enemies":"4 Shapes","floor":38,"turns":4},{"damage":44,"enemies":"Maw","floor":41,"turns":9},{"damage":3,"enemies":"Mind Bloom Boss Battle","floor":44,"turns":6},{"damage":20,"enemies":"Sphere and 2 Shapes","floor":47,"turns":5},{"damage":22,"enemies":"Writhing Mass","floor":48,"turns":3},{"damage":123,"enemies":"Time Eater","floor":50,"turns":11},{"damage":134,"enemies":"Shield and Spear","floor":54,"turns":9},{"damage":34,"enemies":"The Heart","floor":55,"turns":2}],"seed_played":"1425605315588603239","potions_obtained":[{"floor":1,"key":"SteroidPotion"},{"floor":8,"key":"EssenceOfSteel"},{"floor":11,"key":"Swift Potion"},{"floor":12,"key":"Strength Potion"},{"floor":16,"key":"Block Potion"},{"floor":24,"key":"AttackPotion"},{"floor":34,"key":"Energy Potion"},{"floor":35,"key":"Swift Potion"},{"floor":41,"key":"SteroidPotion"},{"floor":44,"key":"Explosive Potion"},{"floor":54,"key":"Regen Potion"}],"is_trial":false,"path_per_floor":["M","M","?","M","$","E","R","M","T","R","M","M","R","?","R","B",null,"M","$","?","$","M","R","M","R","T","R","M","M","M","M","R","B",null,"M","?","M","M","$","R","M","R","T","?","?","$","M","M","R","B",null,"R","$","E","B"],"character_chosen":"IRONCLAD","items_purchased":["Metallicize","Frozen Eye","Vajra","EssenceOfSteel","Dexterity Potion"],"campfire_rested":3,"item_purchase_floors":[5,19,46,53,53],"current_hp_per_floor":[94,93,93,94,94,66,66,71,71,71,77,74,74,67,67,52,94,94,94,94,94,94,94,71,71,71,101,106,99,105,114,114,101,123,127,115,83,93,93,93,59,99,99,106,106,106,101,88,130,16,143,143,143,18,0],"gold":109,"neow_bonus":"ONE_RARE_RELIC","is_prod":false,"is_daily":false,"chose_seed":false,"campfire_upgraded":8,"win_rate":0,"timestamp":1551709548,"path_taken":["M","M","?","M","$","E","R","M","T","R","?","M","R","?","R","BOSS","M","$","?","$","M","R","M","R","T","R","M","?","?","M","R","BOSS","M","?","M","M","?","R","M","R","T","?","?","$","?","M","R","BOSS","R","$","E","BOSS"],"build_version":"2019-01-23","purchased_purges":3,"victory":false,"max_hp_per_floor":[94,94,94,94,94,94,94,94,94,94,94,94,94,94,94,94,94,94,94,94,94,98,98,102,102,102,102,106,110,110,114,114,118,123,127,127,127,131,131,131,135,135,135,139,139,139,143,143,143,143,143,143,143,143,143],"card_choices":[{"not_picked":["Hemokinesis","Whirlwind","Havoc"],"picked":"SKIP","floor":1},{"not_picked":["Perfected Strike","Cleave"],"picked":"Iron Wave","floor":2},{"not_picked":["Clash","True Grit"],"picked":"Battle Trance","floor":4},{"not_picked":["Thunderclap","Sword Boomerang"],"picked":"Armaments","floor":6},{"not_picked":["Twin Strike","Body Slam"],"picked":"Pommel Strike","floor":8},{"not_picked":["Armaments","Headbutt"],"picked":"Impervious","floor":11},{"not_picked":["Pommel Strike","Armaments","Flex"],"picked":"SKIP","floor":12},{"not_picked":["Bludgeon","Impervious"],"picked":"Feed","floor":16},{"not_picked":["Flex","Sever Soul+1"],"picked":"Twin Strike+1","floor":18},{"not_picked":["Pummel","Anger"],"picked":"Pommel Strike+1","floor":22},{"not_picked":["Armaments","Infernal Blade"],"picked":"Fire Breathing","floor":24},{"not_picked":["Perfected Strike","Armaments"],"picked":"Rampage","floor":28},{"not_picked":["Pommel Strike","Searing Blow","Offering"],"picked":"SKIP","floor":29},{"not_picked":["Havoc","Feel No Pain+1","Corruption"],"picked":"SKIP","floor":30},{"not_picked":["Clash","Havoc+1","Iron Wave"],"picked":"SKIP","floor":31},{"not_picked":["Dark Embrace","Reaper"],"picked":"Juggernaut","floor":33},{"not_picked":["Twin Strike","Armaments"],"picked":"Entrench+1","floor":34},{"not_picked":["Spot Weakness+1","Heavy Blade+1","Cleave+1"],"picked":"SKIP","floor":35},{"not_picked":["Wild Strike+1","Clash+1","Flex+1"],"picked":"SKIP","floor":37},{"not_picked":["Carnage","Wild Strike+1","Thunderclap+1"],"picked":"SKIP","floor":38},{"not_picked":["Brutality","Iron Wave","Blood for Blood+1"],"picked":"SKIP","floor":41},{"not_picked":["Headbutt+1","Flame Barrier"],"picked":"Body Slam+1","floor":47},{"not_picked":["Corruption+1","Wild Strike+1","Entrench"],"picked":"SKIP","floor":48},{"not_picked":["Iron Wave","Anger","Rupture"],"picked":"SKIP","floor":54}],"player_experience":135114,"relics_obtained":[{"floor":6,"key":"Mercury Hourglass"},{"floor":9,"key":"Gambling Chip"},{"floor":26,"key":"Pen Nib"},{"floor":44,"key":"Magic Flower"},{"floor":54,"key":"Orichalcum"}],"event_choices":[{"damage_healed":0,"gold_gain":0,"player_choice":"1 cards matched","damage_taken":0,"max_hp_gain":0,"max_hp_loss":0,"event_name":"Match and Keep!","floor":3,"gold_loss":0,"cards_obtained":["Impervious"]},{"damage_healed":0,"gold_gain":0,"player_choice":"Success","damage_taken":7,"relics_obtained":["Unceasing Top"],"max_hp_gain":0,"max_hp_loss":0,"event_name":"Scrap Ooze","floor":14,"gold_loss":0},{"damage_healed":0,"gold_gain":0,"player_choice":"Forge","damage_taken":0,"max_hp_gain":0,"max_hp_loss":0,"event_name":"Accursed Blacksmith","floor":20,"gold_loss":0,"cards_upgraded":["Feed"]},{"damage_healed":0,"gold_gain":75,"player_choice":"Touch","damage_taken":12,"max_hp_gain":0,"max_hp_loss":0,"event_name":"FaceTrader","floor":36,"gold_loss":0},{"damage_healed":0,"gold_gain":0,"player_choice":"Fight","damage_taken":0,"max_hp_gain":0,"max_hp_loss":0,"event_name":"MindBloom","floor":44,"gold_loss":0},{"damage_healed":0,"gold_gain":0,"cards_transformed":["Rampage"],"player_choice":"Transformed","damage_taken":0,"max_hp_gain":0,"max_hp_loss":0,"event_name":"Transmorgrifier","floor":45,"gold_loss":0,"cards_obtained":["Body Slam"]}],"is_beta":false,"boss_relics":[{"not_picked":["Empty Cage","Philosopher\u0027s Stone"],"picked":"Velvet Choker"},{"not_picked":["Calling Bell","Runic Cube"],"picked":"Tiny House"}],"items_purged_floors":[5,39,53],"is_endless":false,"potions_floor_spawned":[1,8,11,12,16,22,24,31,35,37,41,44,54],"killed_by":"The Heart","ascension_level":4}