{"gold_per_floor":[109,59,59,77,92,125,125,153,153,153,479,479,499,527,527,624,624,643,643,662,304,322,350,350,383,410,410,443,455,455,554,554,658,658,670,687,84,84,84,116,127,158,239,269,269,288,321,195,195,195],"floor_reached":51,"playtime":4097,"items_purged":[],"score":999,"play_id":"09ee0abe-9947-43bf-9109-8a8282b54fe2","local_time":"20180630145237","daily_mods":["Draft","Diverse","Elite Swarm"],"is_ascension_mode":false,"campfire_choices":[{"data":"Hello World","floor":7,"key":"SMITH"},{"data":"Creative AI","floor":10,"key":"SMITH"},{"floor":15,"key":"REST"},{"floor":24,"key":"DIG"},{"floor":27,"key":"DIG"},{"floor":30,"key":"REST"},{"floor":32,"key":"DIG"},{"floor":45,"key":"REST"},{"floor":49,"key":"DIG"}],"neow_cost":"","seed_source_timestamp":0,"circlet_count":0,"master_deck":["Demon Form+1","Wraith Form v2","Echo Form","PiercingWail","Dagger Throw","Conserve Battery","Dodge and Roll","Hello World+1","Auto Shields","Defragment","Iron Wave+1","Doom and Gloom","Hello World","True Grit","Acrobatics","Clothesline+1","Body Slam","Twin Strike","Well Laid Plans+1","Disarm","Meteor Strike","Creative AI+1","Tools of the Trade","Storm of Steel","Leg Sweep+1","Reinforced Body+1","Panache","Leap","Adrenaline+1","Parasite","Defragment","Madness","Madness","Thinking Ahead","Enlightenment","Meteor Strike","Chaos+1","Seek","Leap"],"relics":["Cracked Core","Turnip","Pear","Sundial","Mummified Hand","Old Coin","Shovel","Fusion Hammer","Regal Pillow","Whetstone","Omamori","Singing Bowl","Ancient Tea Set","Cables","War Paint","Pen Nib","Calling Bell","Bronze Scales","Matryoshka","Prayer Wheel","Lantern","Bottled Tornado","Art of War","Oddly Smooth Stone","Du-Vu Doll","Vajra","Smiling Mask","Centennial Puzzle","DataDisk","Gremlin Horn"],"potions_floor_usage":[5,16,25,28,50,50,50],"damage_taken":[{"damage":0,"enemies":"Small Slimes","floor":1,"turns":3},{"damage":2,"enemies":"Jaw Worm","floor":4,"turns":4},{"damage":0,"enemies":"2 Louse","floor":5,"turns":2},{"damage":11,"enemies":"Lagavulin","floor":6,"turns":6},{"damage":10,"enemies":"Gremlin Nob","floor":8,"turns":5},{"damage":4,"enemies":"3 Sentries","floor":11,"turns":4},{"damage":0,"enemies":"2 Fungi Beasts","floor":13,"turns":3},{"damage":1,"enemies":"Lagavulin","floor":14,"turns":5},{"damage":10,"enemies":"The Guardian","floor":16,"turns":9},{"damage":10,"enemies":"3 Byrds","floor":18,"turns":4},{"damage":1,"enemies":"Shell Parasite","floor":20,"turns":5},{"damage":5,"enemies":"Sentry and Sphere","floor":22,"turns":4},{"damage":0,"enemies":"Book of Stabbing","floor":23,"turns":5},{"damage":10,"enemies":"Slavers","floor":25,"turns":5},{"damage":11,"enemies":"Gremlin Leader","floor":28,"turns":5},{"damage":14,"enemies":"Snake Plant","floor":29,"turns":3},{"damage":30,"enemies":"Automaton","floor":33,"turns":7},{"damage":0,"enemies":"3 Shapes","floor":35,"turns":4},{"damage":10,"enemies":"Orb Walker","floor":36,"turns":4},{"damage":0,"enemies":"Giant Head","floor":40,"turns":6},{"damage":0,"enemies":"Maw","floor":41,"turns":5},{"damage":8,"enemies":"2 Orb Walkers","floor":42,"turns":4},{"damage":9,"enemies":"Giant Head","floor":44,"turns":6},{"damage":1,"enemies":"Sphere and 2 Shapes","floor":46,"turns":3},{"damage":3,"enemies":"Nemesis","floor":47,"turns":7},{"damage":34,"enemies":"Time Eater","floor":50,"turns":15}],"seed_played":"-5331097818717868861","potions_obtained":[{"floor":6,"key":"Dexterity Potion"},{"floor":11,"key":"FairyPotion"},{"floor":13,"key":"FearPotion"},{"floor":20,"key":"LiquidBronze"},{"floor":25,"key":"LiquidBronze"},{"floor":33,"key":"FearPotion"},{"floor":46,"key":"EssenceOfSteel"}],"is_trial":true,"path_per_floor":["M","$","?","M","M","E","R","E","T","R","E","?","M","E","R","B",null,"M","?","M","$","M","E","R","E","T","R","E","M","R","?","R","B",null,"M","M","$","?","?","E","M","E","T","E","R","M","E","$","R","B"],"character_chosen":"DEFECT","items_purchased":["Block Potion","Regal Pillow","Panache","Lantern","Bottled Tornado","Defragment","Art of War","FocusPotion","Leap"],"campfire_rested":3,"item_purchase_floors":[2,21,21,37,37,37,37,48,48],"current_hp_per_floor":[75,75,63,61,61,60,60,50,50,50,46,29,29,28,53,43,85,75,75,74,74,69,69,69,59,59,59,50,38,79,79,79,51,91,95,89,89,77,69,69,71,63,63,56,102,105,104,104,104,70],"gold":195,"neow_bonus":"","is_prod":false,"is_daily":false,"chose_seed":false,"campfire_upgraded":2,"win_rate":0,"timestamp":1530363157,"path_taken":["M","$","?","M","M","E","R","E","T","R","E","?","M","E","R","BOSS","M","?","M","?","M","E","R","E","T","R","E","M","R","?","R","BOSS","M","M","$","?","?","E","M","E","T","E","R","?","E","$","R","BOSS"],"build_version":"2018-06-28","purchased_purges":0,"victory":true,"max_hp_per_floor":[75,75,75,75,75,85,85,85,85,85,85,85,85,85,85,85,85,85,85,85,85,85,85,85,85,85,85,87,89,89,89,89,91,91,95,99,99,99,101,101,103,103,103,105,105,109,111,111,111,111],"card_choices":[{"not_picked":["Heavy Blade","Clash"],"picked":"PiercingWail","floor":0},{"not_picked":["Perfected Strike","Turbo"],"picked":"Dagger Throw","floor":0},{"not_picked":["Havoc","Iron Wave"],"picked":"Conserve Battery","floor":0},{"not_picked":["Intimidate","Ghostly Armor"],"picked":"Dodge and Roll","floor":0},{"not_picked":["Hemokinesis","Clash"],"picked":"Hello World","floor":0},{"not_picked":["Combust","Headbutt"],"picked":"Auto Shields","floor":0},{"not_picked":["Anger","Sweeping Beam"],"picked":"Defragment","floor":0},{"not_picked":["Pommel Strike","Choke"],"picked":"Iron Wave","floor":0},{"not_picked":["Steam","Bloodletting"],"picked":"Doom and Gloom","floor":0},{"not_picked":["Cleave","Prepared"],"picked":"Hello World","floor":0},{"not_picked":["Prepared","Barrage"],"picked":"True Grit","floor":0},{"not_picked":["Scrape","Beam Cell"],"picked":"Acrobatics","floor":0},{"not_picked":["Corruption","Headbutt"],"picked":"Clothesline","floor":0},{"not_picked":["Ghostly Armor","Deadly Poison"],"picked":"Body Slam","floor":0},{"not_picked":["Headbutt","Backflip"],"picked":"Twin Strike","floor":0},{"not_picked":["Pommel Strike","Blur"],"picked":"Well Laid Plans","floor":1},{"not_picked":["Twin Strike","Defragment"],"picked":"Disarm","floor":4},{"not_picked":["Cleave","Anger","Wild Strike"],"picked":"SKIP","floor":5},{"not_picked":["Multi-Cast","Echo Form"],"picked":"Meteor Strike","floor":6},{"not_picked":["Meteor Strike","Fission"],"picked":"Creative AI","floor":8},{"not_picked":["Creative AI","Biased Cognition","Phantasmal Killer"],"picked":"SKIP","floor":11},{"not_picked":["Accuracy","Anger","Dagger Throw"],"picked":"SKIP","floor":13},{"not_picked":["Juggernaut","Limit Break"],"picked":"Tools of the Trade","floor":14},{"not_picked":["Double Tap","Dark Embrace"],"picked":"Storm of Steel","floor":16},{"not_picked":["Sever Soul+1","Clash"],"picked":"Leg Sweep","floor":18},{"not_picked":["Flex","Ball Lightning"],"picked":"Reinforced Body+1","floor":20},{"not_picked":["Terror","Compile Driver"],"picked":"Leap","floor":22},{"not_picked":["Amplify","Dark Embrace","Phantasmal Killer"],"picked":"SKIP","floor":23},{"not_picked":["Doppelganger","Offering"],"picked":"Adrenaline","floor":25},{"not_picked":["Demon Form","Venomology","Dark Embrace"],"picked":"Singing Bowl","floor":28},{"not_picked":["Clothesline","Hologram","Deflect+1"],"picked":"Singing Bowl","floor":29},{"not_picked":["Limit Break","Doppelganger","Dark Embrace"],"picked":"Singing Bowl","floor":33},{"not_picked":["Steam","Burning Pact+1","Slice"],"picked":"Singing Bowl","floor":35},{"not_picked":["Redo+1","Twin Strike+1","Rebound+1"],"picked":"Singing Bowl","floor":35},{"not_picked":["Dagger Spray","Self Repair+1","Beam Cell+1"],"picked":"Singing Bowl","floor":36},{"not_picked":["Iron Wave","Anger+1","Deadly Poison"],"picked":"Singing Bowl","floor":36},{"not_picked":["Flash of Steel","Bandage Up"],"picked":"Thinking Ahead","floor":39},{"not_picked":["Good Instincts","Jack Of All Trades"],"picked":"Enlightenment","floor":39},{"not_picked":["Jack Of All Trades","Dark Shackles","Bandage Up"],"picked":"Singing Bowl","floor":39},{"not_picked":["Echo Form","Tools of the Trade"],"picked":"Meteor Strike","floor":40},{"not_picked":["Slice","Searing Blow"],"picked":"Chaos+1","floor":41},{"not_picked":["Coolheaded+1","Reinforced Body","Sucker Punch+1"],"picked":"Singing Bowl","floor":41},{"not_picked":["Multi-Cast","Envenom"],"picked":"Seek","floor":42},{"not_picked":["Exhume","Die Die Die","Electrodynamics"],"picked":"Singing Bowl","floor":44},{"not_picked":["Clothesline","Headbutt","Choke"],"picked":"Singing Bowl","floor":46},{"not_picked":["PiercingWail+1","Ball Lightning+1","Deadly Poison+1"],"picked":"Singing Bowl","floor":46},{"not_picked":["Juggernaut","All For One","Demon Form"],"picked":"Singing Bowl","floor":47}],"player_experience":704765,"relics_obtained":[{"floor":6,"key":"Pear"},{"floor":8,"key":"Sundial"},{"floor":9,"key":"Mummified Hand"},{"floor":11,"key":"Old Coin"},{"floor":14,"key":"Shovel"},{"floor":23,"key":"Whetstone"},{"floor":24,"key":"Omamori"},{"floor":25,"key":"Singing Bowl"},{"floor":26,"key":"Ancient Tea Set"},{"floor":27,"key":"Cables"},{"floor":28,"key":"War Paint"},{"floor":32,"key":"Pen Nib"},{"floor":34,"key":"Bronze Scales"},{"floor":34,"key":"Matryoshka"},{"floor":34,"key":"Prayer Wheel"},{"floor":40,"key":"Oddly Smooth Stone"},{"floor":42,"key":"Du-Vu Doll"},{"floor":43,"key":"Vajra"},{"floor":43,"key":"Smiling Mask"},{"floor":44,"key":"Centennial Puzzle"},{"floor":47,"key":"DataDisk"},{"floor":49,"key":"Gremlin Horn"}],"event_choices":[{"event_name":"Scrap Ooze","player_choice":"success","floor":3,"damage_taken":12},{"event_name":"Shining Light","player_choice":"Entered Light","floor":12,"damage_taken":0},{"event_name":"Vampires","player_choice":"Ignored","floor":19,"damage_taken":0},{"event_name":"Nest","player_choice":"Stole From Cult","floor":31,"damage_taken":0},{"event_name":"Winding Halls","player_choice":"Embrace Madness","floor":38,"damage_taken":0},{"event_name":"SensoryStone","player_choice":"Memory 3","floor":39,"damage_taken":0}],"boss_relics":[{"not_picked":["Cursed Key","Black Star"],"picked":"Fusion Hammer"},{"not_picked":["Nuclear Battery","Runic Pyramid"],"picked":"Calling Bell"}],"items_purged_floors":[],"is_endless":false,"potions_floor_spawned":[6,11,13,14,20,22,25,33,35,36,46],"ascension_level":0}