{"gold_per_floor":[110,285,43,54,68,68,94,94,94,105,133,133,166,176,176,278,278,291,291,216,216,226,226],"floor_reached":23,"playtime":664,"items_purged":[],"score":328,"play_id":"41ad4c40-fa1a-4994-b795-347e458164d7","local_time":"20190301160415","is_ascension_mode":true,"campfire_choices":[{"data":"Armaments","floor":6,"key":"SMITH"},{"floor":12,"key":"REST"},{"floor":15,"key":"REST"}],"neow_cost":"NONE","seed_source_timestamp":52807092666074,"circlet_count":0,"master_deck":["Strike_R","Strike_R","Strike_R","Strike_R","Strike_R","Defend_R","Defend_R","Defend_R","Defend_R","Bash","Whirlwind","Anger","Armaments+1","Inflame","Anger","Headbutt","Anger","Anger","Limit Break","Flex+1","Shockwave"],"relics":["Black Blood","NeowsBlessing","Gremlin Horn","Du-Vu Doll","StoneCalendar","Darkstone Periapt","Magic Flower"],"potions_floor_usage":[7,13],"damage_taken":[{"damage":0,"enemies":"Jaw Worm","floor":1,"turns":1},{"damage":0,"enemies":"Cultist","floor":4,"turns":1},{"damage":0,"enemies":"Small Slimes","floor":5,"turns":1},{"damage":72,"enemies":"Gremlin Nob","floor":7,"turns":6},{"damage":0,"enemies":"Gremlin Gang","floor":10,"turns":1},{"damage":10,"enemies":"3 Sentries","floor":11,"turns":7},{"damage":35,"enemies":"Lagavulin","floor":13,"turns":6},{"damage":7,"enemies":"Looter","floor":14,"turns":3},{"damage":43,"enemies":"Hexaghost","floor":16,"turns":8},{"damage":22,"enemies":"Spheric Guardian","floor":18,"turns":4},{"damage":55,"enemies":"Shell Parasite","floor":22,"turns":7},{"damage":24,"enemies":"Slavers","floor":23,"turns":2}],"seed_played":"-7692606841863016718","potions_obtained":[{"floor":1,"key":"FearPotion"},{"floor":7,"key":"GamblersBrew"},{"floor":10,"key":"FairyPotion"},{"floor":11,"key":"Regen Potion"},{"floor":21,"key":"Ancient Potion"}],"is_trial":false,"path_per_floor":["M","?","$","M","M","R","E","?","T","M","E","R","E","M","R","B",null,"M","$","?","?","M","E"],"character_chosen":"IRONCLAD","items_purchased":["Gremlin Horn"],"campfire_rested":2,"item_purchase_floors":[3],"current_hp_per_floor":[78,78,78,80,80,80,14,14,14,20,16,40,20,22,46,12,63,56,56,56,56,16,12],"gold":226,"neow_bonus":"THREE_ENEMY_KILL","is_prod":false,"is_daily":false,"chose_seed":false,"campfire_upgraded":1,"win_rate":0,"timestamp":1551474255,"path_taken":["M","?","?","?","M","R","E","?","T","M","E","R","E","M","R","BOSS","M","$","?","?","?","E"],"build_version":"2019-01-23","purchased_purges":0,"victory":false,"max_hp_per_floor":[80,80,80,80,80,80,80,80,80,80,80,80,80,80,80,80,80,80,80,80,80,80,80],"card_choices":[{"not_picked":["Clash","Clothesline"],"picked":"Whirlwind","floor":1},{"not_picked":["Body Slam","Sword Boomerang"],"picked":"Anger","floor":4},{"not_picked":["Second Wind","True Grit"],"picked":"Armaments","floor":5},{"not_picked":["Body Slam","Flex"],"picked":"Inflame","floor":7},{"not_picked":["Berserk","Perfected Strike"],"picked":"Anger","floor":10},{"not_picked":["Havoc","Rupture"],"picked":"Headbutt","floor":11},{"not_picked":["Heavy Blade","Thunderclap"],"picked":"Anger","floor":13},{"not_picked":["True Grit","Power Through"],"picked":"Anger","floor":14},{"not_picked":["Demon Form","Exhume"],"picked":"Limit Break","floor":16},{"not_picked":["True Grit+1","Armaments+1"],"picked":"Flex+1","floor":18},{"not_picked":["True Grit","Sword Boomerang"],"picked":"Shockwave","floor":22}],"player_experience":246656,"relics_obtained":[{"floor":7,"key":"Du-Vu Doll"},{"floor":9,"key":"StoneCalendar"},{"floor":11,"key":"Darkstone Periapt"},{"floor":13,"key":"Magic Flower"}],"event_choices":[{"damage_healed":0,"gold_gain":175,"player_choice":"AGREE","damage_taken":0,"max_hp_gain":0,"max_hp_loss":0,"event_name":"Liars Game","floor":2,"gold_loss":0,"cards_obtained":["Doubt"]},{"damage_healed":0,"gold_gain":0,"player_choice":"Searched \u00270\u0027 times","damage_taken":0,"max_hp_gain":0,"max_hp_loss":0,"event_name":"Dead Adventurer","floor":8,"gold_loss":0},{"cards_removed":["Doubt"],"damage_healed":0,"gold_gain":0,"player_choice":"Gave Gold","damage_taken":0,"max_hp_gain":0,"max_hp_loss":0,"event_name":"Beggar","floor":20,"gold_loss":75},{"damage_healed":0,"gold_gain":0,"player_choice":"Got Potions","damage_taken":0,"max_hp_gain":0,"max_hp_loss":0,"event_name":"Lab","floor":21,"gold_loss":0}],"is_beta":false,"boss_relics":[{"not_picked":["Velvet Choker","Lizard Tail"],"picked":"Black Blood"}],"items_purged_floors":[],"is_endless":false,"potions_floor_spawned":[1,7,10,11],"killed_by":"Slavers","ascension_level":9}