{"path_per_floor":["M","$","?","?","M","R","E","R","T","R","E","M","M","M","R","B",null,"M","?","$","?","M","E","?","R","T","M","M","R","?","?","R","B",null,"M","M","M","?","M","R","M","R","T","E","R","?","M","M","R","B"],"character_chosen":"THE_SILENT","items_purchased":["Noxious Fumes","Leg Sweep","Backflip","Dagger Throw","Toxic Egg 2","Backflip"],"gold_per_floor":[368,44,44,119,131,131,158,158,240,240,270,283,302,316,316,419,419,434,434,29,29,44,79,79,79,79,95,109,109,34,34,34,137,137,152,162,173,173,191,191,203,203,273,308,308,308,322,336,336,336],"floor_reached":51,"campfire_rested":4,"playtime":3490,"current_hp_per_floor":[60,60,60,49,49,49,38,38,38,38,44,42,40,42,42,26,59,60,47,47,47,54,11,11,33,33,45,48,48,48,32,54,26,63,64,75,65,65,49,49,46,46,46,28,50,50,58,39,61,50],"items_purged":["Parasite","Strike_G"],"gold":336,"score":1073,"play_id":"9deb725f-1dc3-404b-b63b-d4c632504979","local_time":"20180318014841","is_prod":false,"is_daily":false,"is_ascension_mode":true,"campfire_upgraded":7,"timestamp":1521305321,"path_taken":["M","$","?","?","M","R","E","R","T","R","E","M","?","M","R","BOSS","M","?","$","?","?","E","?","R","T","M","M","R","?","?","R","BOSS","M","M","M","?","M","R","M","R","T","E","R","?","M","M","R","BOSS"],"build_version":"2018-03-15v2","purchased_purges":2,"victory":true,"master_deck":["Defend_G","Defend_G","Defend_G","Defend_G","Defend_G","Survivor","Neutralize+1","Cloak And Dagger+1","Noxious Fumes+1","Leg Sweep+1","Backflip","Dagger Throw","Escape Plan+1","Bouncing Flask+1","Venomology+1","Catalyst+1","Backflip+1","Bite","Bite","Bite","PiercingWail+1","Heel Hook","Burst+1","Calculated Gamble+1","Prepared+1","Reflex+1","Escape Plan+1","Blur+1","Prepared+1"],"max_hp_per_floor":[63,60,60,60,60,60,60,60,60,60,70,70,70,70,70,70,70,70,75,75,75,75,75,75,75,75,75,75,75,75,75,75,75,75,75,75,75,75,75,75,75,75,75,75,75,75,75,75,75,75],"relics":["Ring of the Snake","Bottled Flame","Pear","The Specimen","Toxic Egg 2","Meat on the Bone","Sundial","Nilry\u0027s Codex","White Beast Statue","Tough Bandages","Molten Egg 2"],"card_choices":[{"not_picked":["Poisoned Stab","Bane"],"picked":"Cloak And Dagger"},{"not_picked":["Acrobatics","Predator"],"picked":"Escape Plan"},{"not_picked":["Choke","Leg Sweep"],"picked":"Terror"},{"not_picked":["Unload","Dagger Spray"],"picked":"Bouncing Flask"},{"not_picked":["Tactician","Bullet Time"],"picked":"Venomology"},{"not_picked":["Prepared","Blade Dance"],"picked":"Catalyst"},{"not_picked":["Phantasmal Killer","Dagger Spray"],"picked":"PiercingWail"},{"not_picked":["Dagger Spray","Prepared"],"picked":"Heel Hook"},{"not_picked":["After Image","A Thousand Cuts"],"picked":"Burst"},{"not_picked":["Deflect","Cloak And Dagger"],"picked":"Calculated Gamble"},{"not_picked":["Dagger Spray","Poisoned Stab"],"picked":"Prepared"},{"not_picked":["Heel Hook","PiercingWail"],"picked":"Reflex"},{"not_picked":["Flying Knee","Distraction"],"picked":"Escape Plan"},{"not_picked":["Eviscerate","Choke"],"picked":"Blur"},{"not_picked":["Poisoned Stab","Riddle With Holes"],"picked":"Prepared"}],"player_experience":308617,"potions_floor_usage":[44,44,47,48,50,50,50,50,50],"damage_taken":[{"damage":3.0,"enemies":"Jaw Worm","floor":1.0,"turns":6.0},{"damage":0.0,"enemies":"Cultist","floor":5.0,"turns":4.0},{"damage":11.0,"enemies":"3 Sentries","floor":7.0,"turns":7.0},{"damage":6.0,"enemies":"Lagavulin","floor":11.0,"turns":7.0},{"damage":4.0,"enemies":"Small Slimes","floor":12.0,"turns":5.0},{"damage":4.0,"enemies":"Exordium Wildlife","floor":13.0,"turns":4.0},{"damage":0.0,"enemies":"Looter","floor":14.0,"turns":2.0},{"damage":18.0,"enemies":"Slime Boss","floor":16.0,"turns":10.0},{"damage":1.0,"enemies":"Spheric Guardian","floor":18.0,"turns":3.0},{"damage":3.0,"enemies":"Chosen","floor":22.0,"turns":6.0},{"damage":51.0,"enemies":"Slavers","floor":23.0,"turns":6.0},{"damage":14.0,"enemies":"Centurion and Healer","floor":27.0,"turns":8.0},{"damage":17.0,"enemies":"Sentry and Sphere","floor":28.0,"turns":5.0},{"damage":56.0,"enemies":"Automaton","floor":33.0,"turns":10.0},{"damage":13.0,"enemies":"3 Darklings","floor":35.0,"turns":11.0},{"damage":2.0,"enemies":"Orb Walker","floor":36.0,"turns":5.0},{"damage":12.0,"enemies":"4 Shapes","floor":37.0,"turns":7.0},{"damage":43.0,"enemies":"3 Darklings","floor":39.0,"turns":7.0},{"damage":11.0,"enemies":"Sphere and 2 Shapes","floor":41.0,"turns":6.0},{"damage":34,"enemies":"2 Orb Walkers","floor":44,"turns":6},{"damage":0,"enemies":"Maw","floor":47,"turns":7},{"damage":31,"enemies":"4 Shapes","floor":48,"turns":4},{"damage":23,"enemies":"Awakened One","floor":50,"turns":19}],"event_choices":[{"event_name":"Accursed Blacksmith","player_choice":"Forge","floor":3.0,"damage_taken":0.0},{"event_name":"World of Goop","player_choice":"Gather Gold","floor":4.0,"damage_taken":0.0},{"event_name":"Forgotten Altar","player_choice":"Shed Blood","floor":19.0,"damage_taken":0.0},{"event_name":"Vampires","player_choice":"Became a vampire (Vial)","floor":21.0,"damage_taken":0.0},{"event_name":"Purifier","player_choice":"One Purge","floor":24.0,"damage_taken":0.0},{"event_name":"Beggar","player_choice":"Gave Gold","floor":30.0,"damage_taken":0.0},{"event_name":"Cursed Tome","player_choice":"Obtained Book","floor":31.0,"damage_taken":0.0},{"event_name":"Tomb of Lord Red Mask","player_choice":"Ignored","floor":38.0,"damage_taken":0.0}],"boss_relics":[],"potions_floor_spawned":[7,14,16,18,35,36,37,39,41,44,47,48],"seed_played":"6638742911734572449","ascension_level":10,"is_trial":false}