{"gold_per_floor":[99,9,9,9,9,9,9,9,9,9,9,9,9,9,9,9,9,9,9,9,9,9,9,9,9,9,9,9,9,9,9,9,9,9,9,9,9,9,9,9,9,9,9,9,9,9,9,9,9,9],"floor_reached":50,"playtime":2506,"items_purged":[],"score":736,"play_id":"1ffe520c-0232-4983-8bea-0f02346d2a8d","local_time":"20190207202527","is_ascension_mode":true,"campfire_choices":[{"data":"Neutralize","floor":6.0,"key":"SMITH"},{"data":"Choke","floor":8.0,"key":"SMITH"},{"data":"Infinite Blades","floor":12.0,"key":"SMITH"},{"data":"Acrobatics","floor":15.0,"key":"SMITH"},{"floor":23.0,"key":"REST"},{"floor":32.0,"key":"REST"},{"floor":40,"key":"REST"},{"floor":42,"key":"REST"},{"floor":44,"key":"REST"},{"floor":49,"key":"REST"}],"neow_cost":"NONE","seed_source_timestamp":345826559954754,"circlet_count":0,"master_deck":["AscendersBane","Defend_G","Defend_G","Defend_G","Defend_G","Defend_G","Strike_G","Strike_G","Strike_G","Survivor","Neutralize+1","Dagger Spray","Choke+1","Slice+1","Infinite Blades+1","Endless Agony","Escape Plan","PiercingWail","Acrobatics+1","Malaise+1","Choke+1","Infinite Blades","Adrenaline","Finisher+1","Master of Strategy","Backflip+1","Leg Sweep+1"],"special_seed":0,"relics":["Ectoplasm","Happy Flower","Blood Vial","Fusion Hammer","CultistMask","Smiling Mask","Lantern","Tiny House","Regal Pillow","Nunchaku"],"potions_floor_usage":[41,41,50,50],"damage_taken":[{"damage":0.0,"enemies":"Cultist","floor":1.0,"turns":4.0},{"damage":0.0,"enemies":"Small Slimes","floor":3.0,"turns":4.0},{"damage":4.0,"enemies":"2 Louse","floor":4.0,"turns":3.0},{"damage":9.0,"enemies":"Exordium Wildlife","floor":5.0,"turns":5.0},{"damage":0.0,"enemies":"2 Fungi Beasts","floor":10.0,"turns":3.0},{"damage":8.0,"enemies":"Exordium Thugs","floor":13.0,"turns":5.0},{"damage":11.0,"enemies":"3 Sentries","floor":14.0,"turns":6.0},{"damage":6.0,"enemies":"Hexaghost","floor":16.0,"turns":9.0},{"damage":3.0,"enemies":"Spheric Guardian","floor":18.0,"turns":4.0},{"damage":10.0,"enemies":"Shell Parasite","floor":21.0,"turns":5.0},{"damage":16.0,"enemies":"Centurion and Healer","floor":24.0,"turns":4.0},{"damage":2.0,"enemies":"Shelled Parasite and Fungi","floor":25.0,"turns":3.0},{"damage":6.0,"enemies":"Cultist and Chosen","floor":29.0,"turns":6.0},{"damage":1.0,"enemies":"Sentry and Sphere","floor":30.0,"turns":3.0},{"damage":1.0,"enemies":"Centurion and Healer","floor":31.0,"turns":4.0},{"damage":63.0,"enemies":"Automaton","floor":33.0,"turns":11.0},{"damage":7.0,"enemies":"Orb Walker","floor":35.0,"turns":3.0},{"damage":17,"enemies":"3 Shapes","floor":37,"turns":5},{"damage":14,"enemies":"3 Darklings","floor":38,"turns":5},{"damage":48,"enemies":"Reptomancer","floor":41,"turns":8},{"damage":18,"enemies":"Spire Growth","floor":48,"turns":7},{"damage":87,"enemies":"Donu and Deca","floor":50,"turns":7}],"seed_played":"-1193164625378018229","potions_obtained":[{"floor":3.0,"key":"Explosive Potion"},{"floor":4.0,"key":"SpeedPotion"},{"floor":10.0,"key":"SpeedPotion"},{"floor":22.0,"key":"EntropicBrew"},{"floor":22.0,"key":"Block Potion"},{"floor":31.0,"key":"Block Potion"},{"floor":34.0,"key":"Fire Potion"},{"floor":37,"key":"GhostInAJar"},{"floor":48,"key":"Ancient Potion"}],"is_trial":false,"path_per_floor":["M","$","M","M","M","R","?","R","T","M","?","R","M","E","R","B",null,"M","?","?","M","?","R","M","M","T","T","?","M","M","M","R","B",null,"M","?","M","M","?","R","E","R","T","R","?","$","$","M","R","B"],"character_chosen":"THE_SILENT","items_purchased":["Choke","Slice"],"campfire_rested":6,"item_purchase_floors":[2,2],"current_hp_per_floor":[63,63,63,59,50,50,50,50,50,50,50,50,42,31,31,27,59,58,58,58,50,50,70,54,54,54,54,54,50,51,52,70,7,59,54,54,39,27,27,49,3,40,40,75,75,75,75,57,75,0],"gold":9,"neow_bonus":"BOSS_RELIC","is_prod":false,"is_daily":false,"chose_seed":false,"campfire_upgraded":4,"win_rate":0,"timestamp":1549531527,"path_taken":["M","$","M","?","?","R","?","R","T","M","?","R","M","E","R","BOSS","M","?","?","?","?","R","M","?","T","?","?","M","M","M","R","BOSS","M","?","M","M","?","R","E","R","T","R","?","?","$","M","R","BOSS"],"build_version":"2019-01-23","purchased_purges":0,"victory":false,"max_hp_per_floor":[70,70,70,70,70,70,70,70,70,70,70,70,70,70,70,70,70,70,70,70,70,70,70,70,70,70,70,70,70,70,70,70,70,75,75,75,75,75,75,75,75,75,75,75,75,75,75,75,75,75],"card_choices":[{"not_picked":["Dodge and Roll","Outmaneuver"],"picked":"Dagger Spray","floor":1.0},{"not_picked":["Leg Sweep","Deflect"],"picked":"Infinite Blades","floor":3.0},{"not_picked":["Finisher","Poisoned Stab"],"picked":"Endless Agony","floor":4.0},{"not_picked":["Eviscerate","Noxious Fumes"],"picked":"Escape Plan","floor":5.0},{"not_picked":["Flechettes","Accuracy","Dodge and Roll"],"picked":"SKIP","floor":10.0},{"not_picked":["Dodge and Roll","Bane"],"picked":"PiercingWail","floor":13.0},{"not_picked":["Terror","Quick Slash"],"picked":"Acrobatics","floor":14.0},{"not_picked":["Phantasmal Killer","Night Terror"],"picked":"Malaise","floor":16.0},{"not_picked":["Flechettes+1","Dodge and Roll","Tactician"],"picked":"SKIP","floor":18.0},{"not_picked":["Underhanded Strike+1","Deadly Poison"],"picked":"Choke+1","floor":21.0},{"not_picked":["Poisoned Stab+1","Bane","Dagger Spray"],"picked":"SKIP","floor":24.0},{"not_picked":["Backstab","Poisoned Stab","Sucker Punch"],"picked":"SKIP","floor":25.0},{"not_picked":["Masterful Stab","Sucker Punch","Flying Knee"],"picked":"SKIP","floor":29.0},{"not_picked":["Flying Knee","Setup","Dodge and Roll+1"],"picked":"SKIP","floor":30.0},{"not_picked":["Slice","Underhanded Strike+1"],"picked":"Infinite Blades","floor":31.0},{"not_picked":["Unload","Wraith Form v2"],"picked":"Adrenaline","floor":33.0},{"not_picked":["Blade Dance","Prepared"],"picked":"Finisher+1","floor":34.0},{"not_picked":["Catalyst","All Out Attack+1","Sucker Punch"],"picked":"SKIP","floor":35.0},{"not_picked":["Forethought","Jack Of All Trades"],"picked":"Master of Strategy","floor":36.0},{"not_picked":["Masterful Stab+1","Outmaneuver+1"],"picked":"Backflip+1","floor":37},{"not_picked":["Leg Sweep","Sucker Punch","Dagger Spray+1"],"picked":"SKIP","floor":38},{"not_picked":["Dagger Throw","After Image"],"picked":"Leg Sweep+1","floor":41},{"not_picked":["Finisher","Terror+1","Dagger Spray"],"picked":"SKIP","floor":48}],"player_experience":701436,"relics_obtained":[{"floor":9.0,"key":"Happy Flower"},{"floor":14.0,"key":"Blood Vial"},{"floor":26.0,"key":"Smiling Mask"},{"floor":27.0,"key":"Lantern"},{"floor":41,"key":"Regal Pillow"},{"floor":43,"key":"Nunchaku"}],"event_choices":[{"damage_healed":0.0,"max_hp_gain":0.0,"max_hp_loss":0.0,"gold_gain":0.0,"event_name":"Liars Game","player_choice":"Ignored","floor":7.0,"gold_loss":0.0,"damage_taken":0.0},{"cards_removed":["Strike_G"],"damage_healed":0.0,"max_hp_gain":0.0,"max_hp_loss":0.0,"gold_gain":0.0,"event_name":"Living Wall","player_choice":"Forget","floor":11.0,"gold_loss":0.0,"damage_taken":0.0},{"damage_healed":0.0,"max_hp_gain":0.0,"max_hp_loss":0.0,"gold_gain":0.0,"event_name":"Vampires","player_choice":"Ignored","floor":19.0,"gold_loss":0.0,"damage_taken":0.0},{"damage_healed":0.0,"max_hp_gain":0.0,"max_hp_loss":0.0,"gold_gain":0.0,"event_name":"FaceTrader","player_choice":"Trade","floor":20.0,"gold_loss":0.0,"damage_taken":0.0,"relics_obtained":["CultistMask"]},{"damage_healed":0.0,"max_hp_gain":0.0,"max_hp_loss":0.0,"gold_gain":0.0,"event_name":"Lab","player_choice":"Got Potions","floor":22.0,"gold_loss":0.0,"damage_taken":0.0},{"damage_healed":0.0,"max_hp_gain":0.0,"max_hp_loss":0.0,"gold_gain":0.0,"event_name":"Accursed Blacksmith","player_choice":"Forge","floor":28.0,"gold_loss":0.0,"damage_taken":0.0,"cards_upgraded":["Malaise"]},{"damage_healed":0.0,"max_hp_gain":0.0,"max_hp_loss":0.0,"gold_gain":0.0,"event_name":"SensoryStone","player_choice":"Memory 1","floor":36.0,"gold_loss":0.0,"damage_taken":0.0},{"damage_healed":0,"gold_gain":0,"player_choice":"Ignored","damage_taken":0,"max_hp_gain":0,"max_hp_loss":0,"event_name":"Mysterious Sphere","floor":39,"gold_loss":0},{"cards_removed":["Strike_G"],"damage_healed":0,"gold_gain":0,"player_choice":"Removed Attack","damage_taken":0,"max_hp_gain":0,"max_hp_loss":0,"event_name":"Falling","floor":45,"gold_loss":0}],"is_beta":false,"boss_relics":[{"not_picked":["Black Star","Busted Crown"],"picked":"Fusion Hammer"},{"not_picked":["Orrery","Velvet Choker"],"picked":"Tiny House"}],"items_purged_floors":[],"is_endless":false,"potions_floor_spawned":[3,4,10,16,21,24,29,31,33,35,37,48],"killed_by":"Donu and Deca","ascension_level":10}