{"gold_per_floor":[362,372,24,24,34,66,66,94,121,132,182,207,218,248,248,322,322,335,24,24,24,24,24,34,34,34,60,60,60,77,110,110,187,187,207,207,207,219,239,239,272,272,341,20,20,20,34,52,52,52,52,52,52,52,79,79],"floor_reached":56,"playtime":4282,"items_purged":["Strike_B"],"score":2331,"play_id":"909667cb-25ab-4110-a534-bf7343bbb8eb","local_time":"20190203122852","is_ascension_mode":true,"campfire_choices":[{"data":"Sunder","floor":7,"key":"SMITH"},{"floor":15,"key":"REST"},{"floor":23,"key":"REST"},{"data":"Defragment","floor":25,"key":"SMITH"},{"floor":32,"key":"REST"},{"floor":40,"key":"RECALL"},{"data":"Blizzard","floor":42,"key":"SMITH"},{"data":"Defragment","floor":45,"key":"SMITH"},{"floor":49,"key":"REST"},{"data":"Echo Form","floor":53,"key":"SMITH"}],"neow_cost":"TEN_PERCENT_HP_LOSS","seed_source_timestamp":84323937229233,"circlet_count":0,"master_deck":["AscendersBane","Strike_B","Strike_B","Strike_B","Defend_B","Defend_B","Defend_B","Defend_B","Zap","Dualcast","Chill","Capacitor","Cold Snap+1","Blizzard+1","Coolheaded","Seek","Genetic Algorithm","Sunder+1","Reboot","Coolheaded","Echo Form+1","Creative AI","Defragment+1","Necronomicurse","White Noise","Cold Snap+1","White Noise","Defragment+1","Core Surge"],"relics":["FrozenCore","Centennial Puzzle","DataDisk","Orichalcum","Art of War","FossilizedHelix","Busted Crown","Runic Capacitor","Necronomicon","Letter Opener","Ginger","Question Card","Pen Nib","Pantograph","Lantern","Spirit Poop","Whetstone"],"potions_floor_usage":[8,12,14,27,51],"damage_taken":[{"damage":4,"enemies":"Jaw Worm","floor":1,"turns":3},{"damage":2,"enemies":"Cultist","floor":2,"turns":4},{"damage":0,"enemies":"2 Louse","floor":5,"turns":4},{"damage":13,"enemies":"3 Sentries","floor":6,"turns":7},{"damage":11,"enemies":"Gremlin Nob","floor":8,"turns":3},{"damage":11,"enemies":"Red Slaver","floor":10,"turns":4},{"damage":1,"enemies":"3 Sentries","floor":12,"turns":3},{"damage":0,"enemies":"2 Fungi Beasts","floor":13,"turns":3},{"damage":12,"enemies":"Gremlin Nob","floor":14,"turns":4},{"damage":0,"enemies":"Slime Boss","floor":16,"turns":7},{"damage":6,"enemies":"Shell Parasite","floor":18,"turns":6},{"damage":0,"enemies":"Chosen","floor":24,"turns":5},{"damage":21,"enemies":"Slavers","floor":27,"turns":3},{"damage":6,"enemies":"Shelled Parasite and Fungi","floor":30,"turns":8},{"damage":0,"enemies":"Book of Stabbing","floor":31,"turns":7},{"damage":0,"enemies":"Collector","floor":33,"turns":11},{"damage":0,"enemies":"3 Shapes","floor":35,"turns":6},{"damage":18,"enemies":"3 Darklings","floor":38,"turns":7},{"damage":0,"enemies":"4 Shapes","floor":39,"turns":8},{"damage":0,"enemies":"Nemesis","floor":41,"turns":11},{"damage":0,"enemies":"Maw","floor":47,"turns":8},{"damage":0,"enemies":"Transient","floor":48,"turns":6},{"damage":6,"enemies":"Donu and Deca","floor":50,"turns":11},{"damage":0,"enemies":"Time Eater","floor":51,"turns":10},{"damage":30,"enemies":"Shield and Spear","floor":55,"turns":11},{"damage":67,"enemies":"The Heart","floor":56,"turns":5}],"seed_played":"2979698550657228430","potions_obtained":[{"floor":1,"key":"FearPotion"},{"floor":2,"key":"Explosive Potion"},{"floor":8,"key":"Fire Potion"},{"floor":13,"key":"Swift Potion"},{"floor":18,"key":"Weak Potion"},{"floor":27,"key":"Fruit Juice"},{"floor":48,"key":"Swift Potion"}],"is_trial":false,"path_per_floor":["M","M","$","?","M","E","R","E","T","M","?","E","M","E","R","B",null,"M","$","?","?","$","R","M","R","T","E","?","$","M","E","R","B",null,"M","?","?","M","M","R","E","R","T","$","R","?","M","M","R","B","B",null,"R","$","E","B"],"character_chosen":"DEFECT","items_purchased":["Capacitor","Cold Snap","Blizzard","Coolheaded","Seek","Defragment","Runic Capacitor","Defragment","Lantern"],"campfire_rested":4,"item_purchase_floors":[3,3,3,3,3,19,19,44,44],"current_hp_per_floor":[60,58,58,58,58,45,45,34,34,23,23,22,22,10,29,29,55,49,49,28,28,28,47,47,47,47,31,31,31,25,25,45,45,63,63,63,63,45,45,45,45,45,45,45,45,45,45,45,65,63,69,69,69,69,39,0],"gold":79,"neow_bonus":"TWO_FIFTY_GOLD","is_prod":false,"is_daily":false,"chose_seed":false,"campfire_upgraded":5,"win_rate":0,"timestamp":1549225732,"path_taken":["M","M","$","?","?","E","R","E","T","M","?","E","?","E","R","BOSS","M","$","?","?","?","R","M","R","T","E","?","$","M","E","R","BOSS","M","?","?","M","?","R","E","R","T","$","R","?","M","?","R","BOSS","BOSS","R","$","E","BOSS"],"build_version":"2019-01-23","purchased_purges":1,"victory":false,"max_hp_per_floor":[64,64,64,64,64,64,64,64,64,64,64,64,64,64,64,64,64,64,64,64,64,64,64,64,64,64,69,69,69,69,69,69,69,69,69,69,69,69,69,69,69,69,69,69,69,69,69,69,69,69,69,69,69,69,69,69],"card_choices":[{"not_picked":["Chaos","Turbo","Compile Driver"],"picked":"SKIP","floor":1},{"not_picked":["Cold Snap","Sweeping Beam"],"picked":"Chill","floor":2},{"not_picked":["Stack","Storm"],"picked":"Sunder","floor":5},{"not_picked":["Loop","Rebound"],"picked":"Reboot","floor":6},{"not_picked":["Go for the Eyes","Streamline","Scrape"],"picked":"SKIP","floor":8},{"not_picked":["Rebound","Stack"],"picked":"Coolheaded","floor":10},{"not_picked":["Ball Lightning","Steam"],"picked":"Echo Form","floor":12},{"not_picked":["Stack","Go for the Eyes","Turbo"],"picked":"SKIP","floor":13},{"not_picked":["Rebound","Sweeping Beam","Compile Driver"],"picked":"SKIP","floor":14},{"not_picked":["Meteor Strike","Multi-Cast"],"picked":"Creative AI","floor":16},{"not_picked":["Stack"],"picked":"SKIP","floor":18},{"not_picked":["Sweeping Beam"],"picked":"SKIP","floor":24},{"not_picked":["Sweeping Beam"],"picked":"SKIP","floor":27},{"not_picked":["Streamline"],"picked":"SKIP","floor":30},{"not_picked":["Streamline"],"picked":"SKIP","floor":31},{"not_picked":[],"picked":"White Noise","floor":35},{"not_picked":["Heatsinks"],"picked":"Cold Snap","floor":38},{"not_picked":["Ball Lightning"],"picked":"White Noise","floor":39},{"not_picked":["Go for the Eyes","Undo"],"picked":"SKIP","floor":41},{"not_picked":["Sweeping Beam"],"picked":"Core Surge","floor":47},{"not_picked":["Gash+1","Doom and Gloom"],"picked":"SKIP","floor":48},{"not_picked":["Leap","Go for the Eyes"],"picked":"SKIP","floor":55}],"player_experience":701802,"relics_obtained":[{"floor":6,"key":"Centennial Puzzle"},{"floor":8,"key":"DataDisk"},{"floor":9,"key":"Orichalcum"},{"floor":12,"key":"Art of War"},{"floor":14,"key":"FossilizedHelix"},{"floor":20,"key":"Necronomicon"},{"floor":27,"key":"Letter Opener"},{"floor":31,"key":"Ginger"},{"floor":41,"key":"Pen Nib"},{"floor":43,"key":"Pantograph"},{"floor":55,"key":"Whetstone"}],"event_choices":[{"damage_healed":0,"gold_gain":0,"player_choice":"2 cards matched","damage_taken":0,"max_hp_gain":0,"max_hp_loss":0,"event_name":"Match and Keep!","floor":4,"gold_loss":0,"cards_obtained":["Injury","Genetic Algorithm"]},{"damage_healed":0,"gold_gain":50,"player_choice":"Pray","damage_taken":0,"max_hp_gain":0,"max_hp_loss":0,"event_name":"Golden Shrine","floor":11,"gold_loss":0},{"damage_healed":0,"gold_gain":0,"player_choice":"Obtained Book","damage_taken":21,"max_hp_gain":0,"max_hp_loss":0,"event_name":"Cursed Tome","floor":20,"gold_loss":0},{"damage_healed":0,"gold_gain":0,"player_choice":"Ignored","damage_taken":0,"max_hp_gain":0,"max_hp_loss":0,"event_name":"Ghosts","floor":21,"gold_loss":0},{"damage_healed":0,"gold_gain":0,"player_choice":"Ignored","damage_taken":0,"max_hp_gain":0,"max_hp_loss":0,"event_name":"Tomb of Lord Red Mask","floor":36,"gold_loss":0},{"damage_healed":0,"gold_gain":0,"player_choice":"Gave Potion","damage_taken":0,"relics_obtained":["Question Card"],"max_hp_gain":0,"max_hp_loss":0,"event_name":"WeMeetAgain","floor":37,"gold_loss":0},{"cards_removed":["Injury"],"damage_healed":0,"gold_gain":0,"player_choice":"Offered Curse","damage_taken":0,"relics_obtained":["Spirit Poop"],"max_hp_gain":0,"max_hp_loss":0,"event_name":"Bonfire Elementals","floor":46,"gold_loss":0}],"is_beta":false,"boss_relics":[{"not_picked":["Calling Bell","Runic Pyramid"],"picked":"Busted Crown"},{"not_picked":["Lizard Tail","Eternal Feather"],"picked":"FrozenCore"}],"items_purged_floors":[44],"is_endless":false,"potions_floor_spawned":[1,2,8,10,13,18,27,48],"killed_by":"The Heart","ascension_level":20}