{"gold_per_floor":[366,346,356,2,15,15,45,60,85,95,105,105,117,152,152,224,224,235,55,55,72,72,72,100,120,120,120,120],"floor_reached":28,"playtime":1979,"items_purged":["Strike_B","Strike_B"],"score":500,"play_id":"b428b9d1-5f58-41b8-a541-f9d762e2d119","local_time":"20190302202337","is_ascension_mode":true,"campfire_choices":[{"data":"Zap","floor":6.0,"key":"SMITH"},{"data":"Defragment","floor":12.0,"key":"SMITH"},{"data":"Defragment","floor":15.0,"key":"SMITH"},{"data":"Zap","floor":23.0,"key":"SMITH"},{"data":"Defragment","floor":27.0,"key":"SMITH"}],"neow_cost":"PERCENT_DAMAGE","seed_source_timestamp":128373302205119,"circlet_count":0,"master_deck":["AscendersBane","Strike_B","Strike_B","Defend_B","Defend_B+1","Defend_B","Defend_B","Zap+1","Dualcast+1","Streamline","Steam","Cold Snap","Defragment+1","Barrage","Genetic Algorithm","Conserve Battery","Defragment+1","Hello World","All For One","Doom and Gloom+1","Defragment+1","Blizzard+1","Zap+1","Skim","Rebound","Conserve Battery+1"],"special_seed":0,"relics":["Cracked Core","Meat on the Bone","DataDisk","War Paint","Omamori","Nuclear Battery","Thread and Needle","Oddly Smooth Stone"],"potions_floor_usage":[28],"damage_taken":[{"damage":11.0,"enemies":"Small Slimes","floor":1.0,"turns":4.0},{"damage":6.0,"enemies":"Cultist","floor":3.0,"turns":3.0},{"damage":0.0,"enemies":"2 Louse","floor":5.0,"turns":2.0},{"damage":11.0,"enemies":"Gremlin Nob","floor":7.0,"turns":3.0},{"damage":12.0,"enemies":"Lots of Slimes","floor":8.0,"turns":5.0},{"damage":8.0,"enemies":"Gremlin Gang","floor":10.0,"turns":5.0},{"damage":2.0,"enemies":"Exordium Thugs","floor":11.0,"turns":2.0},{"damage":0.0,"enemies":"Looter","floor":13.0,"turns":2.0},{"damage":9.0,"enemies":"Lagavulin","floor":14.0,"turns":8.0},{"damage":31.0,"enemies":"The Guardian","floor":16.0,"turns":10.0},{"damage":29.0,"enemies":"Shell Parasite","floor":18.0,"turns":6.0},{"damage":0.0,"enemies":"3 Byrds","floor":21.0,"turns":4.0},{"damage":13.0,"enemies":"Book of Stabbing","floor":24.0,"turns":6.0},{"damage":0.0,"enemies":"Snecko","floor":25.0,"turns":4.0},{"damage":48,"enemies":"Slavers","floor":28,"turns":5}],"seed_played":"1895473569744232035","potions_obtained":[{"floor":2.0,"key":"FearPotion"},{"floor":7.0,"key":"FearPotion"},{"floor":10.0,"key":"Explosive Potion"},{"floor":13.0,"key":"SpeedPotion"},{"floor":21.0,"key":"EssenceOfSteel"}],"is_trial":false,"path_per_floor":["M","?","M","$","M","R","E","M","T","M","M","R","M","E","R","B",null,"M","$","?","M","?","R","E","M","T","R","E"],"character_chosen":"DEFECT","items_purchased":["Meat on the Bone","Defragment"],"campfire_rested":0,"item_purchase_floors":[4,19],"current_hp_per_floor":[35,35,29,29,41,41,42,42,42,46,44,44,44,47,47,28,60,43,43,43,43,43,43,42,42,42,42,0],"gold":120,"neow_bonus":"TWO_FIFTY_GOLD","is_prod":false,"is_daily":false,"chose_seed":false,"campfire_upgraded":5,"win_rate":0,"timestamp":1551576217,"path_taken":["M","?","M","$","M","R","E","M","T","M","M","R","M","E","R","BOSS","M","$","?","M","?","R","E","M","T","R","E"],"build_version":"2019-01-23","purchased_purges":2,"victory":false,"max_hp_per_floor":[71,71,71,71,71,71,71,71,71,71,71,71,71,71,71,71,71,71,71,71,71,71,71,71,71,71,71,71],"card_choices":[{"not_picked":["Cold Snap","Redo"],"picked":"Streamline","floor":1.0},{"not_picked":["Go for the Eyes","Double Energy"],"picked":"Steam","floor":3.0},{"not_picked":["Melter","Skim"],"picked":"Cold Snap","floor":5.0},{"not_picked":["Coolheaded","Ball Lightning"],"picked":"Defragment","floor":7.0},{"not_picked":["Streamline","Chaos"],"picked":"Barrage","floor":8.0},{"not_picked":["Go for the Eyes","Turbo"],"picked":"Genetic Algorithm","floor":10.0},{"not_picked":["Leap","Static Discharge"],"picked":"Conserve Battery","floor":11.0},{"not_picked":["Darkness","Storm"],"picked":"Defragment","floor":13.0},{"not_picked":["Turbo","Redo"],"picked":"Hello World","floor":14.0},{"not_picked":["Buffer","Core Surge"],"picked":"All For One","floor":16.0},{"not_picked":["Cold Snap","Aggregate"],"picked":"Doom and Gloom+1","floor":18.0},{"not_picked":["Ball Lightning","Melter"],"picked":"Blizzard+1","floor":21.0},{"not_picked":["Blizzard","Gash"],"picked":"Rebound","floor":24.0},{"not_picked":["Streamline","Ball Lightning"],"picked":"Conserve Battery+1","floor":25.0}],"player_experience":648370,"relics_obtained":[{"floor":7.0,"key":"DataDisk"},{"floor":9.0,"key":"War Paint"},{"floor":14.0,"key":"Omamori"},{"floor":24.0,"key":"Oddly Smooth Stone"}],"event_choices":[{"damage_healed":0.0,"max_hp_gain":0.0,"max_hp_loss":0.0,"gold_gain":0.0,"event_name":"The Woman in Blue","player_choice":"Bought 1 Potion","floor":2.0,"gold_loss":0.0,"damage_taken":0.0},{"damage_healed":0.0,"max_hp_gain":0.0,"max_hp_loss":0.0,"gold_gain":0.0,"event_name":"The Mausoleum","player_choice":"Opened","floor":20.0,"gold_loss":0.0,"damage_taken":0.0,"relics_obtained":["Thread and Needle"],"cards_obtained":["Writhe"]},{"damage_healed":0.0,"max_hp_gain":0.0,"max_hp_loss":0.0,"gold_gain":0.0,"event_name":"Match and Keep!","player_choice":"3 cards matched","floor":22.0,"gold_loss":0.0,"damage_taken":0.0,"cards_obtained":["Shame","Zap","Skim"]}],"is_beta":false,"boss_relics":[{"not_picked":["Snecko Eye","Lizard Tail"],"picked":"Nuclear Battery"}],"items_purged_floors":[4,19],"is_endless":false,"potions_floor_spawned":[7,10,13,16,21],"killed_by":"Slavers","ascension_level":20}