{"gold_per_floor":[115,35,90,90,102,102,118,148,148,159,159,8,18,36,36,36],"floor_reached":16,"playtime":965,"items_purged":[],"score":204,"play_id":"23fb2571-a8bf-40bf-82b7-da1b8ff712cf","local_time":"20190203154559","is_ascension_mode":true,"campfire_choices":[{"floor":6,"key":"REST"},{"floor":15,"key":"REST"}],"neow_cost":"NONE","seed_source_timestamp":261088798872828,"circlet_count":0,"master_deck":["AscendersBane","Strike_B","Strike_B","Strike_B","Strike_B","Defend_B","Defend_B","Defend_B","Defend_B","Zap","Dualcast","Reinforced Body","Melter","Leap","Defragment","Rebound","Compile Driver","Cold Snap"],"relics":["Cracked Core","Tiny Chest","Potion Belt","Blood Vial","The Courier"],"potions_floor_usage":[14,14,16,16],"damage_taken":[{"damage":7,"enemies":"Cultist","floor":1,"turns":4},{"damage":2,"enemies":"Jaw Worm","floor":5,"turns":3},{"damage":0,"enemies":"Small Slimes","floor":7,"turns":4},{"damage":25,"enemies":"Lagavulin","floor":8,"turns":6},{"damage":3,"enemies":"Blue Slaver","floor":10,"turns":4},{"damage":3,"enemies":"3 Louse","floor":13,"turns":4},{"damage":12,"enemies":"Exordium Thugs","floor":14,"turns":4},{"damage":43,"enemies":"Hexaghost","floor":16,"turns":9}],"seed_played":"1808099549935410946","potions_obtained":[{"floor":5,"key":"Strength Potion"},{"floor":13,"key":"LiquidBronze"},{"floor":14,"key":"Weak Potion"}],"is_trial":false,"path_per_floor":["M","$","T","?","M","R","M","E","T","M","?","$","M","M","R","B"],"character_chosen":"DEFECT","items_purchased":["Melter","Defragment","Regen Potion","Rebound"],"campfire_rested":2,"item_purchase_floors":[2,12,12,12],"current_hp_per_floor":[64,64,64,19,17,40,40,15,15,14,14,14,13,15,38,0],"gold":36,"neow_bonus":"TEN_PERCENT_HP_BONUS","is_prod":false,"is_daily":false,"chose_seed":false,"campfire_upgraded":0,"win_rate":0,"timestamp":1549205159,"path_taken":["M","$","?","?","M","R","M","E","T","M","?","?","M","M","R","BOSS"],"build_version":"2019-01-23","purchased_purges":0,"victory":false,"max_hp_per_floor":[78,78,78,78,78,78,78,78,78,78,78,78,78,78,78,78],"card_choices":[{"not_picked":["Rebound","Coolheaded"],"picked":"Reinforced Body","floor":1},{"not_picked":["Barrage","Fusion","Stack"],"picked":"SKIP","floor":5},{"not_picked":["Barrage","Fusion","Stack"],"picked":"SKIP","floor":5},{"not_picked":["Hologram","Turbo","Heatsinks"],"picked":"SKIP","floor":7},{"not_picked":["Stack","Rip and Tear","Chaos"],"picked":"SKIP","floor":8},{"not_picked":["Recycle","Gash"],"picked":"Leap","floor":10},{"not_picked":["Steam","Auto Shields"],"picked":"Compile Driver","floor":13},{"not_picked":["Static Discharge","Auto Shields"],"picked":"Cold Snap","floor":14}],"player_experience":1050805,"relics_obtained":[{"floor":3,"key":"Tiny Chest"},{"floor":8,"key":"Blood Vial"},{"floor":9,"key":"The Courier"}],"event_choices":[{"damage_healed":0,"gold_gain":0,"player_choice":"Success","damage_taken":45,"relics_obtained":["Potion Belt"],"max_hp_gain":0,"max_hp_loss":0,"event_name":"Scrap Ooze","floor":4,"gold_loss":0},{"damage_healed":0,"gold_gain":0,"player_choice":"Ignored","damage_taken":0,"max_hp_gain":0,"max_hp_loss":0,"event_name":"Shining Light","floor":11,"gold_loss":0}],"is_beta":true,"boss_relics":[],"items_purged_floors":[],"is_endless":false,"potions_floor_spawned":[5,13,14],"killed_by":"Hexaghost","ascension_level":20}