{"gold_per_floor":[112,112,187,207,207,236,19,46,93,93],"floor_reached":10,"playtime":321,"items_purged":[],"score":183,"play_id":"fef7e2fd-b4d3-4bf5-b50c-62042b0f15ff","local_time":"20190116120939","is_ascension_mode":true,"campfire_choices":[],"neow_cost":"NONE","seed_source_timestamp":503583926056100,"circlet_count":0,"master_deck":["AscendersBane","Strike_B","Strike_B","Strike_B","Strike_B","Defend_B+1","Defend_B+1","Defend_B+1","Defend_B","Zap+1","Dualcast","Coolheaded","Go for the Eyes","Leap","Conserve Battery","BootSequence"],"relics":["Cracked Core","NeowsBlessing","Lantern","War Paint","Vajra","Orichalcum","Oddly Smooth Stone"],"potions_floor_usage":[],"damage_taken":[{"damage":0,"enemies":"Jaw Worm","floor":1,"turns":1},{"damage":0,"enemies":"Small Slimes","floor":4,"turns":1},{"damage":0,"enemies":"Gremlin Nob","floor":6,"turns":1},{"damage":13,"enemies":"3 Sentries","floor":8,"turns":9},{"damage":27,"enemies":"Gremlin Nob","floor":10,"turns":4}],"seed_played":"3234780980504317192","potions_obtained":[{"floor":6,"key":"SteroidPotion"}],"is_trial":false,"path_per_floor":["M","?","?","M","?","E","$","E","T","E"],"character_chosen":"DEFECT","items_purchased":["Vajra","Conserve Battery"],"campfire_rested":0,"item_purchase_floors":[7,7],"current_hp_per_floor":[64,43,32,32,27,27,27,14,14,0],"gold":93,"neow_bonus":"THREE_ENEMY_KILL","is_prod":false,"is_daily":false,"chose_seed":false,"campfire_upgraded":0,"win_rate":0,"timestamp":1547669379,"path_taken":["M","?","?","M","?","E","?","E","T","E"],"build_version":"2019-01-10","purchased_purges":0,"victory":false,"max_hp_per_floor":[71,71,71,71,71,71,71,71,71,71],"card_choices":[{"not_picked":["Cold Snap","Force Field"],"picked":"Coolheaded","floor":1},{"not_picked":["Compile Driver","Gash"],"picked":"Go for the Eyes","floor":4},{"not_picked":["FTL","Force Field"],"picked":"Leap","floor":6},{"not_picked":["FTL","Reprogram"],"picked":"BootSequence","floor":8}],"player_experience":500779,"relics_obtained":[{"floor":6,"key":"War Paint"},{"floor":8,"key":"Orichalcum"},{"floor":9,"key":"Oddly Smooth Stone"}],"event_choices":[{"damage_healed":0,"gold_gain":0,"player_choice":"Entered Light","damage_taken":21,"max_hp_gain":0,"max_hp_loss":0,"event_name":"Shining Light","floor":2,"gold_loss":0,"cards_upgraded":["Zap","Defend_B"]},{"damage_healed":0,"gold_gain":75,"player_choice":"Gather Gold","damage_taken":11,"max_hp_gain":0,"max_hp_loss":0,"event_name":"World of Goop","floor":3,"gold_loss":0},{"damage_healed":0,"gold_gain":0,"player_choice":"Success","damage_taken":5,"relics_obtained":["Lantern"],"max_hp_gain":0,"max_hp_loss":0,"event_name":"Scrap Ooze","floor":5,"gold_loss":0}],"is_beta":false,"boss_relics":[],"items_purged_floors":[],"is_endless":false,"potions_floor_spawned":[6],"killed_by":"Gremlin Nob","ascension_level":17}