{"gold_per_floor":[118,37,16,33,50,78,78,109,109,135,135,135,152,162,162,258,258,274,274,199,209,226,226,226],"floor_reached":24,"playtime":1544,"items_purged":["Strike_G"],"score":248,"play_id":"15a9f780-f343-4e05-a983-30918e345f15","local_time":"20190307143141","is_ascension_mode":true,"campfire_choices":[{"data":"Sucker Punch","floor":7,"key":"SMITH"},{"floor":15,"key":"REST"},{"data":"Bouncing Flask","floor":23,"key":"SMITH"}],"neow_cost":"TEN_PERCENT_HP_LOSS","seed_source_timestamp":7640424034340,"circlet_count":0,"master_deck":["Defend_G","Defend_G","Defend_G","Defend_G","Defend_G","Strike_G","Strike_G","Strike_G","Strike_G","Survivor","Neutralize","Flying Knee","Well Laid Plans","Deflect","Predator","Sucker Punch+1","Crippling Poison","Backflip","Bouncing Flask+1","Night Terror","Necronomicurse","Setup+1"],"relics":["Ring of the Snake","Thread and Needle","Ornamental Fan","Dream Catcher","Singing Bowl","Snake Skull","Sozu","Necronomicon"],"potions_floor_usage":[16,24,24],"damage_taken":[{"damage":0,"enemies":"Small Slimes","floor":1,"turns":4},{"damage":0,"enemies":"2 Louse","floor":4,"turns":3},{"damage":0,"enemies":"Cultist","floor":5,"turns":4},{"damage":22,"enemies":"Lagavulin","floor":6,"turns":7},{"damage":10,"enemies":"Gremlin Nob","floor":8,"turns":4},{"damage":7,"enemies":"3 Sentries","floor":10,"turns":9},{"damage":0,"enemies":"Looter","floor":13,"turns":3},{"damage":0,"enemies":"Large Slime","floor":14,"turns":7},{"damage":16,"enemies":"Hexaghost","floor":16,"turns":8},{"damage":1,"enemies":"Chosen","floor":18,"turns":4},{"damage":0,"enemies":"Shell Parasite","floor":21,"turns":5},{"damage":6,"enemies":"Centurion and Healer","floor":22,"turns":6},{"damage":53,"enemies":"Slavers","floor":24,"turns":4}],"seed_played":"-164368286037217163","potions_obtained":[{"floor":6,"key":"SpeedPotion"},{"floor":8,"key":"SkillPotion"},{"floor":13,"key":"SpeedPotion"}],"is_trial":false,"path_per_floor":["M","$","?","M","M","E","R","E","T","E","?","?","M","M","R","B",null,"M","?","$","M","M","R","E"],"character_chosen":"THE_SILENT","items_purchased":["Well Laid Plans"],"campfire_rested":1,"item_purchase_floors":[2],"current_hp_per_floor":[63,63,63,63,63,41,41,31,31,24,24,24,24,26,45,29,65,66,50,50,52,46,46,0],"gold":226,"neow_bonus":"ONE_RARE_RELIC","is_prod":false,"is_daily":false,"chose_seed":false,"campfire_upgraded":2,"win_rate":0,"timestamp":1551997901,"path_taken":["M","$","?","M","M","E","R","E","T","E","?","?","M","M","R","BOSS","M","?","$","M","M","R","E"],"build_version":"2019-01-23","purchased_purges":1,"victory":false,"max_hp_per_floor":[63,63,63,63,63,63,63,63,63,63,63,63,63,65,65,65,65,67,67,67,69,69,69,69],"card_choices":[{"not_picked":["Prepared","Concentrate"],"picked":"Flying Knee","floor":1},{"not_picked":["Blade Dance","Poisoned Stab"],"picked":"Deflect","floor":4},{"not_picked":["Acrobatics","Dagger Spray"],"picked":"Predator","floor":5},{"not_picked":["Acrobatics","Unload"],"picked":"Sucker Punch","floor":6},{"not_picked":["Sucker Punch","Dagger Throw","Well Laid Plans"],"picked":"SKIP","floor":8},{"not_picked":["Poisoned Stab","Quick Slash"],"picked":"Crippling Poison","floor":10},{"not_picked":["Dodge and Roll","Underhanded Strike"],"picked":"Backflip","floor":13},{"not_picked":["Backflip","Calculated Gamble","Slice"],"picked":"Singing Bowl","floor":14},{"not_picked":["Bane","Deadly Poison"],"picked":"Bouncing Flask","floor":15},{"not_picked":["Glass Knife","Corpse Explosion"],"picked":"Night Terror","floor":16},{"not_picked":["Blade Dance+1","Prepared","Quick Slash"],"picked":"Singing Bowl","floor":18},{"not_picked":["Infinite Blades","Distraction+1","Dagger Throw"],"picked":"Singing Bowl","floor":21},{"not_picked":["Deflect","Acrobatics"],"picked":"Setup+1","floor":22}],"player_experience":343188,"relics_obtained":[{"floor":6,"key":"Ornamental Fan"},{"floor":8,"key":"Dream Catcher"},{"floor":9,"key":"Singing Bowl"},{"floor":10,"key":"Snake Skull"},{"floor":19,"key":"Necronomicon"}],"event_choices":[{"damage_healed":0,"gold_gain":0,"player_choice":"Left Gold","damage_taken":0,"max_hp_gain":0,"max_hp_loss":0,"event_name":"World of Goop","floor":3,"gold_loss":21},{"damage_healed":0,"gold_gain":0,"player_choice":"Ignored","damage_taken":0,"max_hp_gain":0,"max_hp_loss":0,"event_name":"Shining Light","floor":11,"gold_loss":0},{"damage_healed":0,"gold_gain":0,"player_choice":"Ignored","damage_taken":0,"max_hp_gain":0,"max_hp_loss":0,"event_name":"Golden Idol","floor":12,"gold_loss":0},{"damage_healed":0,"gold_gain":0,"player_choice":"Obtained Book","damage_taken":16,"max_hp_gain":0,"max_hp_loss":0,"event_name":"Cursed Tome","floor":19,"gold_loss":0}],"is_beta":false,"boss_relics":[{"not_picked":["Empty Cage","Ring of the Serpent"],"picked":"Sozu"}],"items_purged_floors":[20],"is_endless":false,"potions_floor_spawned":[6,8,13,14],"killed_by":"Slavers","ascension_level":3}