{"gold_per_floor":[209,229,229,31,55,55,86,34,59,59,74,22,55,75,75,153,203,213,128,146,161,7,7,42,42,42,42,57,57,76,76,76,76],"floor_reached":33,"playtime":1662,"items_purged":[],"score":478,"play_id":"fa1dd8f6-0403-4403-b506-554457608cf0","local_time":"20180809212159","is_ascension_mode":true,"campfire_choices":[{"data":"Zap","floor":6,"key":"SMITH"},{"floor":10,"key":"REST"},{"data":"Chaos","floor":15,"key":"SMITH"},{"floor":23,"key":"REST"},{"data":"Creative AI","floor":25,"key":"SMITH"},{"data":"Consume","floor":29,"key":"SMITH"},{"floor":32,"key":"REST"}],"neow_cost":"NONE","seed_source_timestamp":2515678475795570,"circlet_count":0,"master_deck":["Strike_B","Strike_B","Strike_B+1","Defend_B","Defend_B","Defend_B","Defend_B","Zap+1","Dualcast","AscendersBane","Go for the Eyes","White Noise","Chaos+1","Hologram","Genetic Algorithm","Reboot","Gash","Creative AI+1","Consume+1","Glacier","Gash+1","Auto Shields","Conserve Battery","Leap"],"relics":["Cracked Core","Runic Capacitor","Potion Belt","Unceasing Top","Happy Flower","Bag of Marbles","Tiny House","DataDisk","Bag of Preparation","Lantern","Smiling Mask"],"potions_floor_usage":[7,18,20,21,24,24,24,30,33],"damage_taken":[{"damage":0,"enemies":"2 Louse","floor":1,"turns":2},{"damage":6,"enemies":"Jaw Worm","floor":2,"turns":3},{"damage":37,"enemies":"Gremlin Nob","floor":7,"turns":5},{"damage":3,"enemies":"Cultist","floor":11,"turns":3},{"damage":22,"enemies":"3 Sentries","floor":13,"turns":7},{"damage":2,"enemies":"Blue Slaver","floor":14,"turns":4},{"damage":12,"enemies":"Hexaghost","floor":16,"turns":8},{"damage":32,"enemies":"3 Byrds","floor":18,"turns":6},{"damage":17,"enemies":"Shell Parasite","floor":20,"turns":6},{"damage":2,"enemies":"Centurion and Healer","floor":21,"turns":9},{"damage":15,"enemies":"Gremlin Leader","floor":24,"turns":7},{"damage":0,"enemies":"Chosen and Byrds","floor":28,"turns":5},{"damage":9,"enemies":"Slaver and Parasite","floor":30,"turns":6},{"damage":75,"enemies":"Automaton","floor":33,"turns":6}],"seed_played":"3802175948884932125","potions_obtained":[{"floor":1,"key":"Regen Potion"},{"floor":2,"key":"Poison Potion"},{"floor":14,"key":"GamblersBrew"},{"floor":16,"key":"Energy Potion"},{"floor":17,"key":"EntropicBrew"},{"floor":20,"key":"Regen Potion"},{"floor":24,"key":"Ancient Potion"},{"floor":28,"key":"EssenceOfSteel"}],"is_trial":false,"path_per_floor":["M","M","?","$","T","R","E","$","T","R","M","?","E","M","R","B",null,"M","?","M","M","$","R","E","R","T","?","M","R","M","?","R"],"character_chosen":"DEFECT","items_purchased":["Runic Capacitor","Hologram","Bag of Preparation"],"campfire_rested":3,"item_purchase_floors":[4,8,22],"current_hp_per_floor":[64,58,63,63,63,63,33,33,33,55,52,52,30,28,28,16,66,34,34,32,45,45,69,54,54,54,54,54,54,45,45,69,0],"gold":76,"neow_bonus":"HUNDRED_GOLD","is_prod":false,"is_daily":false,"chose_seed":false,"campfire_upgraded":4,"win_rate":0,"timestamp":1533842519,"path_taken":["M","M","?","$","?","R","E","?","T","R","M","?","E","M","R","BOSS","M","?","?","M","$","R","E","R","T","?","?","R","M","?","R","BOSS"],"build_version":"2018-08-02","purchased_purges":0,"victory":false,"max_hp_per_floor":[71,71,76,76,76,76,76,76,76,76,76,76,76,76,76,76,81,81,81,81,81,81,81,81,81,81,81,81,81,81,81,81,81],"card_choices":[{"not_picked":["FTL","Static Discharge"],"picked":"Go for the Eyes","floor":1},{"not_picked":["Go for the Eyes","Stack"],"picked":"White Noise","floor":2},{"not_picked":["Scrape","Sunder"],"picked":"Chaos","floor":7},{"not_picked":["Hello World","Streamline"],"picked":"Genetic Algorithm","floor":11},{"not_picked":["Double Energy","Streamline"],"picked":"Reboot","floor":13},{"not_picked":["BootSequence","Sunder"],"picked":"Gash","floor":14},{"not_picked":["Thunder Strike","Meteor Strike"],"picked":"Creative AI","floor":16},{"not_picked":["Genetic Algorithm","Gash"],"picked":"Consume","floor":17},{"not_picked":["Tempest","Hologram+1"],"picked":"Glacier","floor":18},{"not_picked":["Streamline","Cold Snap"],"picked":"Gash+1","floor":20},{"not_picked":["Conserve Battery","Turbo+1"],"picked":"Auto Shields","floor":21},{"not_picked":["Coolheaded","Scrape","Steam Power"],"picked":"SKIP","floor":24},{"not_picked":["Rainbow","Beam Cell"],"picked":"Conserve Battery","floor":28},{"not_picked":["Chill","Barrage"],"picked":"Leap","floor":30}],"player_experience":939219,"relics_obtained":[{"floor":5,"key":"Potion Belt"},{"floor":7,"key":"Unceasing Top"},{"floor":9,"key":"Happy Flower"},{"floor":13,"key":"Bag of Marbles"},{"floor":24,"key":"Lantern"},{"floor":26,"key":"Smiling Mask"}],"event_choices":[{"event_name":"Big Fish","player_choice":"Donut","floor":3,"damage_taken":0},{"event_name":"World of Goop","player_choice":"Left","floor":12,"damage_taken":0},{"event_name":"Addict","player_choice":"Obtained Relic","floor":19,"damage_taken":0},{"event_name":"Purifier","player_choice":"One Purge","floor":27,"damage_taken":0},{"event_name":"Ghosts","player_choice":"Ignored","floor":31,"damage_taken":0}],"is_beta":false,"boss_relics":[{"not_picked":["Eternal Feather","Inserter"],"picked":"Tiny House"}],"items_purged_floors":[],"is_endless":false,"potions_floor_spawned":[1,2,14,16,20,24,28],"killed_by":"Automaton","ascension_level":15}