{"gold_per_floor":[114,114,128,128,128,153,153,167,167,197,197,215,229,240,240,342,392,392],"floor_reached":18,"playtime":526,"items_purged":[],"score":187,"play_id":"7bbc1c5b-ccf2-4cdc-a20a-76187f3a8dfd","local_time":"20190114152125","is_ascension_mode":false,"campfire_choices":[{"data":"Inflame","floor":7,"key":"SMITH"},{"data":"Flex","floor":11,"key":"SMITH"},{"data":"Flex","floor":15,"key":"SMITH"}],"neow_cost":"NONE","seed_source_timestamp":7685364520991,"circlet_count":0,"master_deck":["Strike_R","Strike_R","Strike_R","Strike_R","Defend_R","Defend_R","Defend_R+1","Defend_R","Bash","Inflame+1","Cleave","Flex+1","Flex+1","Feed","Disarm"],"relics":["Burning Blood","NeowsBlessing","Pocketwatch","Boot","Darkstone Periapt","Odd Mushroom","Tiny House"],"potions_floor_usage":[10,13,18],"damage_taken":[{"damage":0,"enemies":"2 Louse","floor":1,"turns":1},{"damage":0,"enemies":"Small Slimes","floor":3,"turns":1},{"damage":0,"enemies":"3 Sentries","floor":6,"turns":2},{"damage":1,"enemies":"Cultist","floor":8,"turns":3},{"damage":11,"enemies":"The Mushroom Lair","floor":10,"turns":3},{"damage":10,"enemies":"Looter","floor":12,"turns":3},{"damage":0,"enemies":"3 Louse","floor":13,"turns":1},{"damage":0,"enemies":"Lots of Slimes","floor":14,"turns":2},{"damage":35,"enemies":"Slime Boss","floor":16,"turns":7},{"damage":5,"enemies":"3 Byrds","floor":18,"turns":3}],"seed_played":"-6511740960263802627","potions_obtained":[{"floor":6,"key":"SkillPotion"},{"floor":8,"key":"Regen Potion"},{"floor":12,"key":"Explosive Potion"},{"floor":16,"key":"Fire Potion"},{"floor":17,"key":"PowerPotion"}],"is_trial":false,"path_per_floor":["M","?","M","?","?","E","R","M","T","?","R","M","M","M","R","B",null,"M"],"character_chosen":"IRONCLAD","items_purchased":[],"campfire_rested":0,"item_purchase_floors":[],"current_hp_per_floor":[80,80,80,73,73,79,79,80,80,75,75,71,77,80,80,51,85,80],"gold":392,"neow_bonus":"THREE_ENEMY_KILL","is_prod":false,"is_daily":false,"chose_seed":false,"campfire_upgraded":3,"win_rate":0,"timestamp":1547508085,"path_taken":["M","?","M","?","?","E","R","?","T","?","R","M","M","M","R","BOSS","M"],"build_version":"2019-01-10","purchased_purges":0,"victory":false,"max_hp_per_floor":[80,80,80,80,80,80,80,80,80,80,80,80,80,80,80,80,85,85],"card_choices":[{"not_picked":["Armaments","Dropkick"],"picked":"Inflame","floor":1},{"not_picked":["Body Slam","Blood for Blood"],"picked":"Cleave","floor":3},{"not_picked":["Perfected Strike","Metallicize","Bloodletting"],"picked":"SKIP","floor":6},{"not_picked":["Infernal Blade","Ghostly Armor"],"picked":"Cleave","floor":8},{"not_picked":["Blood for Blood","Armaments"],"picked":"Flex","floor":10},{"not_picked":["Exhume","Havoc","Headbutt"],"picked":"SKIP","floor":12},{"not_picked":["Shockwave","Twin Strike"],"picked":"Flex","floor":13},{"not_picked":["Thunderclap","Wild Strike","Warcry"],"picked":"SKIP","floor":14},{"not_picked":["Exhume","Juggernaut"],"picked":"Feed","floor":16},{"not_picked":["Searing Blow","Hemokinesis"],"picked":"Disarm","floor":17}],"player_experience":256634,"relics_obtained":[{"floor":6,"key":"Boot"},{"floor":9,"key":"Darkstone Periapt"},{"floor":10,"key":"Odd Mushroom"}],"event_choices":[{"damage_healed":0,"gold_gain":0,"player_choice":"Ignored","damage_taken":0,"max_hp_gain":0,"max_hp_loss":0,"event_name":"Shining Light","floor":2,"gold_loss":0},{"cards_removed":["Strike_R"],"damage_healed":0,"gold_gain":0,"player_choice":"Card Removal","damage_taken":7,"max_hp_gain":0,"max_hp_loss":0,"event_name":"Golden Wing","floor":4,"gold_loss":0},{"cards_removed":["Cleave"],"damage_healed":0,"gold_gain":0,"player_choice":"Gave Card","damage_taken":0,"relics_obtained":["Pocketwatch"],"max_hp_gain":0,"max_hp_loss":0,"event_name":"WeMeetAgain","floor":5,"gold_loss":0},{"damage_healed":0,"gold_gain":0,"player_choice":"Fought Mushrooms","damage_taken":0,"max_hp_gain":0,"max_hp_loss":0,"event_name":"Mushrooms","floor":10,"gold_loss":0}],"is_beta":false,"boss_relics":[{"not_picked":["Runic Cube","Fusion Hammer"],"picked":"Tiny House"}],"items_purged_floors":[],"is_endless":false,"potions_floor_spawned":[6,8,12,16],"killed_by":"3 Byrds","ascension_level":0}