{"gold_per_floor":[111,111,36,53,53,53,85,85,85,103,138,154,187,197,197,274,274,287,300,300,300,12,32,61,61,84,84,84,84,84,119,119,195,245,258,277,12,12,12,31,31,60,107,107,137,137,137,137],"floor_reached":48,"playtime":2224,"items_purged":["Strike_B","Decay","Strike_B"],"score":1172,"play_id":"9274b8da-3761-4771-b213-7c2589d5d596","local_time":"20190226174813","is_ascension_mode":true,"campfire_choices":[{"data":"Sweeping Beam","floor":6.0,"key":"SMITH"},{"data":"Fission","floor":8.0,"key":"SMITH"},{"data":"Dualcast","floor":15.0,"key":"SMITH"},{"data":"Creative AI","floor":25.0,"key":"SMITH"},{"data":"Echo Form","floor":28.0,"key":"SMITH"},{"data":"Skim","floor":30.0,"key":"SMITH"},{"data":"Conserve Battery","floor":32.0,"key":"SMITH"},{"data":"Defragment","floor":41.0,"key":"SMITH"},{"data":"Multi-Cast","floor":44.0,"key":"SMITH"},{"data":"Recycle","floor":47,"key":"SMITH"}],"neow_cost":"NONE","seed_source_timestamp":239588655087959,"circlet_count":0,"master_deck":["AscendersBane","Strike_B","Strike_B+1","Defend_B","Defend_B","Defend_B","Defend_B","Zap+1","Dualcast+1","Sweeping Beam+1","Chaos+1","Fission+1","Electrodynamics","Leap","Echo Form+1","Cold Snap+1","Creative AI+1","Genetic Algorithm","Skim+1","Capacitor","Fission+1","Genetic Algorithm","Core Surge+1","Conserve Battery+1","Meteor Strike+1","Turbo+1","Conserve Battery+1","Doom and Gloom","Parasite","Defragment+1","Multi-Cast+1","Recycle+1"],"special_seed":0,"relics":["Cracked Core","Thread and Needle","Blood Vial","The Courier","Lantern","Vajra","Coffee Dripper","DollysMirror","Letter Opener","Juzu Bracelet","Orichalcum","Tiny House","Membership Card","Ornamental Fan","Whetstone","Bottled Tornado"],"potions_floor_usage":[],"damage_taken":[{"damage":0.0,"enemies":"Jaw Worm","floor":1.0,"turns":4.0},{"damage":0.0,"enemies":"2 Louse","floor":4.0,"turns":3.0},{"damage":10.0,"enemies":"Gremlin Nob","floor":7.0,"turns":3.0},{"damage":0.0,"enemies":"Cultist","floor":10.0,"turns":3.0},{"damage":6.0,"enemies":"3 Sentries","floor":11.0,"turns":5.0},{"damage":0.0,"enemies":"Large Slime","floor":12.0,"turns":4.0},{"damage":0.0,"enemies":"Gremlin Nob","floor":13.0,"turns":2.0},{"damage":0.0,"enemies":"2 Fungi Beasts","floor":14.0,"turns":2.0},{"damage":8.0,"enemies":"Hexaghost","floor":16.0,"turns":10.0},{"damage":0.0,"enemies":"Chosen","floor":18.0,"turns":5.0},{"damage":0.0,"enemies":"3 Byrds","floor":19.0,"turns":2.0},{"damage":0.0,"enemies":"3 Cultists","floor":23.0,"turns":3.0},{"damage":33.0,"enemies":"Book of Stabbing","floor":24.0,"turns":5.0},{"damage":19.0,"enemies":"Slavers","floor":31.0,"turns":3.0},{"damage":8.0,"enemies":"Champ","floor":33.0,"turns":9.0},{"damage":1.0,"enemies":"Orb Walker","floor":35.0,"turns":3.0},{"damage":0.0,"enemies":"3 Shapes","floor":36.0,"turns":3.0},{"damage":24.0,"enemies":"Writhing Mass","floor":40.0,"turns":8.0},{"damage":0.0,"enemies":"Giant Head","floor":42.0,"turns":6.0},{"damage":32,"enemies":"Nemesis","floor":45,"turns":7},{"damage":32,"enemies":"Reptomancer","floor":48,"turns":2}],"seed_played":"-6704780389037858241","potions_obtained":[{"floor":1.0,"key":"GamblersBrew"},{"floor":10.0,"key":"PowerPotion"},{"floor":12.0,"key":"Poison Potion"},{"floor":13.0,"key":"SteroidPotion"},{"floor":31.0,"key":"Explosive Potion"},{"floor":33.0,"key":"SteroidPotion"},{"floor":34.0,"key":"AttackPotion"},{"floor":36.0,"key":"AttackPotion"}],"is_trial":false,"path_per_floor":["M","?","$","M","?","R","E","R","T","M","E","M","E","M","R","B",null,"M","M","?","?","$","M","E","R","T","?","R","?","R","E","R","B",null,"M","M","$","?","?","M","R","E","T","R","E","?","R","E"],"character_chosen":"DEFECT","items_purchased":["Capacitor","DollysMirror","Membership Card","Doom and Gloom"],"campfire_rested":0,"item_purchase_floors":[22,22,37,37],"current_hp_per_floor":[64,46,46,46,25,25,15,15,15,17,13,15,17,19,19,13,57,59,61,41,41,41,43,12,12,12,12,12,27,27,10,10,4,63,64,66,66,66,66,44,44,46,46,46,16,16,16,0],"gold":137,"neow_bonus":"UPGRADE_CARD","is_prod":false,"is_daily":false,"chose_seed":false,"campfire_upgraded":10,"win_rate":0,"timestamp":1551221293,"path_taken":["M","?","$","M","?","R","E","R","T","M","E","M","E","M","R","BOSS","M","M","?","?","$","?","E","R","T","?","R","?","R","E","R","BOSS","M","M","$","?","?","M","R","E","T","R","E","?","R","E"],"build_version":"2019-01-23","purchased_purges":3,"victory":false,"max_hp_per_floor":[71,71,71,71,71,71,71,71,71,71,71,71,71,71,71,71,71,71,71,76,76,76,76,76,76,76,76,76,76,76,76,76,76,81,81,81,81,81,81,81,81,81,81,81,81,81,81,81],"card_choices":[{"not_picked":["Steam Power","Steam"],"picked":"Sweeping Beam","floor":1.0},{"not_picked":["Skim","Fusion"],"picked":"Chaos","floor":4.0},{"not_picked":["Chaos","Undo"],"picked":"Fission","floor":7.0},{"not_picked":["Sunder","Redo","Sweeping Beam"],"picked":"SKIP","floor":10.0},{"not_picked":["Hologram","Glacier"],"picked":"Electrodynamics","floor":11.0},{"not_picked":["Rebound","Hologram"],"picked":"Leap","floor":12.0},{"not_picked":["Turbo","Sweeping Beam"],"picked":"Echo Form","floor":13.0},{"not_picked":["Rebound","Tempest"],"picked":"Cold Snap","floor":14.0},{"not_picked":["Reboot","Multi-Cast"],"picked":"Creative AI","floor":16.0},{"not_picked":["Turbo","Darkness"],"picked":"Genetic Algorithm","floor":18.0},{"not_picked":["Gash","FTL"],"picked":"Skim","floor":19.0},{"not_picked":["Sunder","Rebound"],"picked":"Genetic Algorithm","floor":23.0},{"not_picked":["Static Discharge","Leap"],"picked":"Core Surge","floor":24.0},{"not_picked":["Rip and Tear","Compile Driver"],"picked":"Conserve Battery","floor":31.0},{"not_picked":["Reboot","Thunder Strike"],"picked":"Meteor Strike","floor":33.0},{"not_picked":["Chill+1","Go for the Eyes"],"picked":"Turbo+1","floor":35.0},{"not_picked":["Gash","Rebound","Conserve Battery+1"],"picked":"SKIP","floor":36.0},{"not_picked":["Gash","Rebound"],"picked":"Conserve Battery+1","floor":36.0},{"not_picked":["Reinforced Body","Conserve Battery"],"picked":"Defragment","floor":40.0},{"not_picked":["White Noise","Coolheaded"],"picked":"Multi-Cast","floor":42.0},{"not_picked":["White Noise","Hologram"],"picked":"Recycle","floor":45}],"player_experience":581606,"relics_obtained":[{"floor":7.0,"key":"Blood Vial"},{"floor":9.0,"key":"The Courier"},{"floor":11.0,"key":"Lantern"},{"floor":13.0,"key":"Vajra"},{"floor":24.0,"key":"Letter Opener"},{"floor":26.0,"key":"Juzu Bracelet"},{"floor":31.0,"key":"Orichalcum"},{"floor":42.0,"key":"Whetstone"},{"floor":45,"key":"Bottled Tornado"}],"event_choices":[{"damage_healed":0.0,"max_hp_gain":0.0,"max_hp_loss":0.0,"gold_gain":0.0,"event_name":"Scrap Ooze","player_choice":"Success","floor":2.0,"gold_loss":0.0,"damage_taken":18.0,"relics_obtained":["Thread and Needle"]},{"damage_healed":0.0,"max_hp_gain":0.0,"max_hp_loss":0.0,"gold_gain":0.0,"event_name":"Shining Light","player_choice":"Entered Light","floor":5.0,"gold_loss":0.0,"damage_taken":21.0,"cards_upgraded":["Chaos","Strike_B"]},{"damage_healed":0.0,"max_hp_gain":5.0,"max_hp_loss":0.0,"gold_gain":0.0,"event_name":"Forgotten Altar","player_choice":"Shed Blood","floor":20.0,"gold_loss":0.0,"damage_taken":25.0},{"damage_healed":0.0,"max_hp_gain":0.0,"max_hp_loss":0.0,"gold_gain":0.0,"event_name":"Wheel of Change","player_choice":"Cursed","floor":21.0,"gold_loss":0.0,"damage_taken":0.0,"cards_obtained":["Decay"]},{"damage_healed":0.0,"max_hp_gain":0.0,"max_hp_loss":0.0,"gold_gain":0.0,"event_name":"Cursed Tome","player_choice":"Ignored","floor":27.0,"gold_loss":0.0,"damage_taken":0.0},{"damage_healed":15.0,"max_hp_gain":0.0,"max_hp_loss":0.0,"gold_gain":0.0,"event_name":"The Library","player_choice":"Heal","floor":29.0,"gold_loss":0.0,"damage_taken":0.0},{"damage_healed":0.0,"max_hp_gain":0.0,"max_hp_loss":0.0,"gold_gain":0.0,"event_name":"WeMeetAgain","player_choice":"Gave Potion","floor":38.0,"gold_loss":0.0,"damage_taken":0.0,"relics_obtained":["Ornamental Fan"]},{"damage_healed":0.0,"max_hp_gain":0.0,"max_hp_loss":0.0,"gold_gain":0.0,"event_name":"SecretPortal","player_choice":"Ignored","floor":39.0,"gold_loss":0.0,"damage_taken":0.0},{"damage_healed":0,"gold_gain":0,"player_choice":"Ignored","damage_taken":0,"max_hp_gain":0,"max_hp_loss":0,"event_name":"Tomb of Lord Red Mask","floor":46,"gold_loss":0}],"is_beta":false,"boss_relics":[{"not_picked":["Runic Dome","Fusion Hammer"],"picked":"Coffee Dripper"},{"not_picked":["Velvet Choker","White Beast Statue"],"picked":"Tiny House"}],"items_purged_floors":[3,22,37],"is_endless":false,"potions_floor_spawned":[1,10,12,13,31,33,36],"killed_by":"Reptomancer","ascension_level":18}