{"path_per_floor":["M","M","?","$","?","R","M","E","T","?","T","$","R","M","R","B",null,"M","?","?","$","M","E"],"character_chosen":"THE_SILENT","items_purchased":["Bouncing Flask","Footwork"],"gold_per_floor":[113,131,131,56,8,8,27,61,131,131,208,0,0,11,11,89,89,108,108,23,23,40,71,71],"floor_reached":24,"campfire_rested":1,"playtime":872,"current_hp_per_floor":[63,62,48,48,48,48,48,23,23,23,23,23,23,19,40,65,69,69,69,69,69,51,11,0],"items_purged":["Strike_G","Strike_G"],"gold":71,"score":432,"play_id":"21070774-d6c8-4dad-b252-bb388d1c90f3","local_time":"20180401060552","is_prod":false,"is_daily":false,"is_ascension_mode":true,"campfire_upgraded":2,"timestamp":1522530352,"path_taken":["M","M","?","$","?","R","M","E","T","?","?","$","R","M","R","BOSS","M","?","?","$","?","E","M"],"build_version":"2018-03-29v2","purchased_purges":2,"victory":false,"master_deck":["Defend_G","Defend_G","Defend_G","Defend_G","Defend_G","Strike_G","Strike_G","Strike_G","Survivor","Neutralize+1","AscendersBane","Leg Sweep","Dagger Spray+1","Deflect","Poisoned Stab","Bouncing Flask+1","Footwork","Blur","Calculated Gamble","Swift Strike","Heel Hook","Deadly Poison","Blur+1"],"max_hp_per_floor":[70,70,70,70,70,70,70,70,70,70,70,70,70,70,70,70,70,70,70,70,70,70,70,70],"relics":["Ring of the Snake","Snake Skull","Thread and Needle","Question Card","Pantograph","The Specimen","Anchor","Molten Egg 2"],"card_choices":[{"not_picked":["Acrobatics","Underhanded Strike"],"picked":"Leg Sweep","floor":1},{"not_picked":["PiercingWail","Deadly Poison"],"picked":"Dagger Spray","floor":2},{"not_picked":["Riddle With Holes","A Thousand Cuts"],"picked":"Deflect","floor":7},{"not_picked":["Dodge and Roll","Calculated Gamble"],"picked":"Poisoned Stab","floor":8},{"not_picked":["Sucker Punch","Slice","Flying Knee"],"picked":"Blur","floor":14},{"not_picked":["Sucker Punch","Quick Slash","Setup"],"picked":"Calculated Gamble","floor":18},{"not_picked":["Deflect","Backstab","Slice"],"picked":"Deadly Poison","floor":22},{"not_picked":["Flying Knee","Dagger Throw","Distraction"],"picked":"Blur","floor":23}],"player_experience":387881,"potions_floor_usage":[8,22,23],"damage_taken":[{"damage":0,"enemies":"Jaw Worm","floor":1,"turns":10},{"damage":1,"enemies":"2 Louse","floor":2,"turns":4},{"damage":0,"enemies":"Small Slimes","floor":7,"turns":2},{"damage":25,"enemies":"Lagavulin","floor":8,"turns":14},{"damage":4,"enemies":"Blue Slaver","floor":14,"turns":3},{"damage":0,"enemies":"The Guardian","floor":16,"turns":9},{"damage":0,"enemies":"Spheric Guardian","floor":18,"turns":3},{"damage":18,"enemies":"2 Thieves","floor":22,"turns":4},{"damage":40,"enemies":"Slavers","floor":23,"turns":7},{"damage":12,"enemies":"Snecko","floor":24,"turns":4}],"event_choices":[{"event_name":"Shining Light","player_choice":"Entered Light","floor":3,"damage_taken":0},{"event_name":"World of Goop","player_choice":"Left","floor":5,"damage_taken":0},{"event_name":"Dead Adventurer","player_choice":"Searched \u00271\u0027 times","floor":10,"damage_taken":0},{"event_name":"Match and Keep!","player_choice":"2 cards matched","floor":19,"damage_taken":0},{"event_name":"Addict","player_choice":"Obtained Relic","floor":20,"damage_taken":0}],"boss_relics":[{"not_picked":["Pandora\u0027s Box","Snecko Eye"],"picked":"The Specimen"}],"potions_floor_spawned":[2,7,18],"seed_played":"-5380018319422461974","killed_by":"Snecko","ascension_level":13,"is_trial":false}