{"path_per_floor":["M","M","?","M","$","R","M","E","T","R","M","M","?","E","R","B",null,"M","?","M","M","M"],"character_chosen":"THE_SILENT","items_purchased":[],"gold_per_floor":[116,126,126,140,65,65,75,107,107,107,119,132,97,126,126,202,202,202,202,112,112,112,112],"floor_reached":23,"campfire_rested":1,"playtime":1923,"current_hp_per_floor":[51,47,47,42,42,42,41,30,30,49,49,49,65,47,47,13,53,47,33,31,23,18,0],"items_purged":["Regret"],"gold":112,"score":384,"play_id":"c2663895-a426-482c-8aae-7066aa38ad72","local_time":"20180429165548","is_prod":false,"is_daily":false,"chose_seed":false,"is_ascension_mode":true,"campfire_upgraded":2,"timestamp":1525013748,"path_taken":["M","?","?","M","$","R","M","E","T","R","M","?","?","E","R","BOSS","M","?","M","M","?","E"],"build_version":"2018-04-28v2","seed_source_timestamp":530543524732,"purchased_purges":1,"victory":false,"master_deck":["Defend_G","Defend_G","Defend_G","Defend_G","Defend_G","Strike_G","Strike_G","Strike_G","Strike_G","Strike_G","Survivor","Neutralize","AscendersBane","Flying Knee","Sucker Punch+1","Quick Slash","Envenom+1","Backflip","Blur","Dagger Spray","PiercingWail","Storm of Steel","PiercingWail+1","Ghostly","Ghostly","Ghostly","Ghostly","Ghostly","Malaise","Dash","Riddle With Holes"],"max_hp_per_floor":[66,66,66,66,66,66,66,66,66,66,66,66,66,66,66,66,66,66,33,33,33,33,33],"relics":["Ring of the Snake","Dead Branch","Smiling Mask","Letter Opener","Bottled Lightning","Ectoplasm"],"card_choices":[{"not_picked":["Deflect","Backflip"],"picked":"Flying Knee","floor":1},{"not_picked":["Expertise","Backflip"],"picked":"Sucker Punch","floor":2},{"not_picked":["Prepared","Deflect"],"picked":"Quick Slash","floor":4},{"not_picked":["Prepared","Terror"],"picked":"Envenom","floor":7},{"not_picked":["Flying Knee","Dagger Throw"],"picked":"Backflip","floor":8},{"not_picked":["Sucker Punch","Deadly Poison"],"picked":"Blur","floor":11},{"not_picked":["Flying Knee","Underhanded Strike"],"picked":"Dagger Spray","floor":12},{"not_picked":["Slice","Distraction"],"picked":"PiercingWail","floor":14},{"not_picked":["Phantasmal Killer","Wraith Form v2"],"picked":"Storm of Steel","floor":16},{"not_picked":["Slice","Dagger Spray"],"picked":"PiercingWail","floor":18},{"not_picked":["Dagger Throw","Acrobatics"],"picked":"Malaise","floor":20},{"not_picked":["Dagger Throw","Dagger Spray"],"picked":"Dash","floor":21},{"not_picked":["Underhanded Strike","Deflect"],"picked":"Riddle With Holes","floor":22}],"player_experience":471447,"potions_floor_usage":[8,14,16,18,22,22,22],"damage_taken":[{"damage":8,"enemies":"Cultist","floor":1,"turns":4},{"damage":4,"enemies":"Small Slimes","floor":2,"turns":3},{"damage":5,"enemies":"Jaw Worm","floor":4,"turns":6},{"damage":1,"enemies":"Red Slaver","floor":7,"turns":4},{"damage":23,"enemies":"3 Sentries","floor":8,"turns":7},{"damage":0,"enemies":"Exordium Wildlife","floor":11,"turns":6},{"damage":0,"enemies":"Blue Slaver","floor":12,"turns":5},{"damage":18,"enemies":"Gremlin Nob","floor":14,"turns":4},{"damage":34,"enemies":"Slime Boss","floor":16,"turns":14},{"damage":6,"enemies":"Spheric Guardian","floor":18,"turns":4},{"damage":2,"enemies":"2 Thieves","floor":20,"turns":4},{"damage":8,"enemies":"Snake Plant","floor":21,"turns":8},{"damage":5,"enemies":"Centurion and Healer","floor":22,"turns":9},{"damage":20,"enemies":"Gremlin Leader","floor":23,"turns":7}],"event_choices":[{"event_name":"Shining Light","player_choice":"Ignored","floor":3,"damage_taken":0},{"event_name":"The Cleric","player_choice":"Healed","floor":13,"damage_taken":0},{"event_name":"Ghosts","player_choice":"Became a Ghost","floor":19,"damage_taken":0}],"boss_relics":[{"not_picked":["Runic Dome","Orrery"],"picked":"Ectoplasm"}],"potions_floor_spawned":[1,4,11,14,16,21],"seed_played":"-2296599573019769115","killed_by":"Gremlin Leader","ascension_level":15,"is_trial":false}