{"path_per_floor":["M","?","M","$","T","E","R","M","T","M","M","M","R","$","R","B",null,"M","?","$","M","?","R","M","E","T","?"],"character_chosen":"DEFECT","items_purchased":["Defragment","Genetic Algorithm","Gash"],"gold_per_floor":[111,111,128,53,53,82,82,94,141,160,176,192,192,82,82,177,177,187,187,135,152,67,67,85,117,185,185,185],"floor_reached":28,"campfire_rested":1,"playtime":1050,"item_purchase_floors":[14,14,20],"current_hp_per_floor":[68,68,65,65,65,41,63,63,63,55,55,62,62,62,62,68,75,75,75,75,75,75,75,69,20,20,20,0],"items_purged":["Regret"],"gold":185,"score":263,"play_id":"c4259cfc-b15e-4698-88ef-74e8165d8f02","local_time":"20180607212404","is_prod":false,"is_daily":false,"chose_seed":false,"is_ascension_mode":false,"campfire_upgraded":3,"win_rate":0,"timestamp":1528370644,"campfire_choices":[{"floor":7,"key":"REST"},{"data":"White Noise","floor":13,"key":"SMITH"},{"data":"Defragment","floor":15,"key":"SMITH"},{"data":"Defragment","floor":23,"key":"SMITH"}],"path_taken":["M","?","M","$","?","E","R","M","T","M","M","?","R","?","R","BOSS","M","?","$","M","?","R","M","E","T","?","M"],"build_version":"2018-06-06","seed_source_timestamp":99649587719038,"purchased_purges":1,"victory":false,"master_deck":["Strike_B","Strike_B","Strike_B","Defend_B","Defend_B","Defend_B","Defend_B","Zap","Dualcast","Gash","Self Repair","Cold Snap","White Noise+1","Genetic Algorithm","Leap","FTL","Genetic Algorithm","Electrodynamics","Gash","Defragment+1","RitualDagger","Gash","Barrage","Gash","White Noise"],"max_hp_per_floor":[75,75,75,75,75,75,75,75,75,75,75,75,75,75,75,75,75,75,75,75,75,75,75,75,75,75,75,75],"relics":["Cracked Core","Turnip","Mummified Hand","DataDisk","Art of War","Inserter","The Courier","Juzu Bracelet","Dodecahedron"],"card_choices":[{"not_picked":["Capacitor","Turbo"],"picked":"Gash","floor":1},{"not_picked":["Skim","Tempest"],"picked":"Self Repair","floor":3},{"not_picked":["Coolheaded","Redo"],"picked":"Cold Snap","floor":6},{"not_picked":["Cold Snap","Gash"],"picked":"White Noise","floor":8},{"not_picked":["Streamline","Beam Cell"],"picked":"Genetic Algorithm","floor":10},{"not_picked":["Fission","Undo"],"picked":"Leap","floor":11},{"not_picked":["Coolheaded","Hologram"],"picked":"FTL","floor":12},{"not_picked":["Biased Cognition","Buffer"],"picked":"Electrodynamics","floor":16},{"not_picked":["Cold Snap","Compile Driver+1"],"picked":"Gash","floor":18},{"not_picked":["Cold Snap","Undo"],"picked":"Barrage","floor":21},{"not_picked":["Recycle","Stack"],"picked":"Gash","floor":24},{"not_picked":["Turbo","Rebound"],"picked":"White Noise","floor":25}],"player_experience":369671,"potions_floor_usage":[6,11,25],"damage_taken":[{"damage":7,"enemies":"Jaw Worm","floor":1,"turns":4},{"damage":3,"enemies":"Cultist","floor":3,"turns":3},{"damage":31,"enemies":"3 Sentries","floor":6,"turns":7},{"damage":0,"enemies":"2 Louse","floor":8,"turns":2},{"damage":15,"enemies":"Exordium Wildlife","floor":10,"turns":5},{"damage":9,"enemies":"Blue Slaver","floor":11,"turns":3},{"damage":0,"enemies":"3 Louse","floor":12,"turns":4},{"damage":1,"enemies":"Slime Boss","floor":16,"turns":12},{"damage":0,"enemies":"3 Byrds","floor":18,"turns":2},{"damage":5,"enemies":"Shell Parasite","floor":21,"turns":6},{"damage":13,"enemies":"Sentry and Sphere","floor":24,"turns":3},{"damage":56,"enemies":"Book of Stabbing","floor":25,"turns":6},{"damage":22,"enemies":"3 Cultists","floor":28,"turns":3}],"relics_obtained":[{"floor":5,"key":"Mummified Hand"},{"floor":6,"key":"DataDisk"},{"floor":9,"key":"Art of War"},{"floor":25,"key":"Juzu Bracelet"},{"floor":26,"key":"Dodecahedron"}],"event_choices":[{"event_name":"Bonfire Elementals","player_choice":"BASIC","floor":2,"damage_taken":0},{"event_name":"Nest","player_choice":"Joined the Cult","floor":19,"damage_taken":0},{"event_name":"Addict","player_choice":"Obtained Relic","floor":22,"damage_taken":0},{"event_name":"Drug Dealer","player_choice":"Ignored","floor":27,"damage_taken":0}],"boss_relics":[{"not_picked":["Velvet Choker","Snecko Eye"],"picked":"Inserter"}],"items_purged_floors":[4],"potions_floor_spawned":[3,8,10,11,25],"seed_played":"5738429150498461639","killed_by":"3 Cultists","ascension_level":0,"potions_obtained":[{"floor":3,"key":"Poison Potion"},{"floor":8,"key":"Dexterity Potion"},{"floor":10,"key":"Regen Potion"},{"floor":11,"key":"Energy Potion"},{"floor":25,"key":"Dexterity Potion"}],"is_trial":false}