{"gold_per_floor":[114,189,201,82,93,108,119,119,168,168,138,138,138,157,157,231,231,241,241,259,181,181,191,211,230,230,230,243,243],"floor_reached":29,"playtime":1152,"items_purged":["Strike_B"],"score":416,"play_id":"29cd6be8-a562-447b-afd2-e1243d157c64","local_time":"20180929212328","is_ascension_mode":true,"campfire_choices":[{"data":"Loop","floor":8,"key":"SMITH"},{"data":"Zap","floor":10,"key":"SMITH"},{"data":"Sunder","floor":15,"key":"SMITH"},{"data":"Loop","floor":27,"key":"SMITH"}],"neow_cost":"NONE","seed_source_timestamp":1306938890624000,"circlet_count":0,"master_deck":["Strike_B+1","Strike_B","Strike_B","Defend_B+1","Defend_B","Defend_B","Defend_B","Zap+1","Dualcast","AscendersBane","Ball Lightning","Rip and Tear","Loop+1","Self Repair","Conserve Battery","FTL","Conserve Battery","Parasite","Sunder+1","Core Surge","Loop+1","Reboot","Go for the Eyes","Undo","Glacier","FTL+1","White Noise","Go for the Eyes"],"relics":["Cracked Core","Strawberry","Anchor","Sozu","Pantograph"],"potions_floor_usage":[18],"damage_taken":[{"damage":1,"enemies":"Cultist","floor":1,"turns":4},{"damage":7,"enemies":"Jaw Worm","floor":3,"turns":3},{"damage":5,"enemies":"2 Louse","floor":5,"turns":2},{"damage":21,"enemies":"Large Slime","floor":6,"turns":5},{"damage":9,"enemies":"Blue Slaver","floor":7,"turns":4},{"damage":0,"enemies":"Exordium Wildlife","floor":14,"turns":2},{"damage":16,"enemies":"Slime Boss","floor":16,"turns":7},{"damage":0,"enemies":"3 Byrds","floor":18,"turns":4},{"damage":33,"enemies":"Spheric Guardian","floor":20,"turns":4},{"damage":19,"enemies":"Colosseum Slavers","floor":22,"turns":4},{"damage":3,"enemies":"Snake Plant","floor":23,"turns":5},{"damage":0,"enemies":"Snecko","floor":24,"turns":5},{"damage":28,"enemies":"Sentry and Sphere","floor":25,"turns":6},{"damage":16,"enemies":"Cultist and Chosen","floor":28,"turns":7},{"damage":21,"enemies":"Snake Plant","floor":29,"turns":5}],"seed_played":"-5244822355315130216","potions_obtained":[{"floor":3,"key":"Ancient Potion"},{"floor":14,"key":"Block Potion"}],"is_trial":false,"path_per_floor":["M","?","M","$","M","M","M","R","T","R","$","?","?","M","R","B",null,"M","?","M","$","?","M","M","M","T","R","M"],"character_chosen":"DEFECT","items_purchased":["Loop","Conserve Battery","Undo"],"campfire_rested":0,"item_purchase_floors":[4,11,21],"current_hp_per_floor":[70,59,52,52,47,33,31,31,31,31,31,8,27,34,34,25,65,72,72,46,46,34,38,45,24,24,24,15,0],"gold":243,"neow_bonus":"RANDOM_COMMON_RELIC","is_prod":false,"is_daily":false,"chose_seed":false,"campfire_upgraded":4,"win_rate":0,"timestamp":1538270608,"path_taken":["M","?","M","$","M","M","M","R","T","R","$","?","?","?","R","BOSS","M","?","M","$","?","M","M","M","T","R","M","M"],"build_version":"2018-09-27","purchased_purges":1,"victory":false,"max_hp_per_floor":[78,78,78,78,78,78,78,78,78,78,78,78,78,78,78,78,78,78,78,78,78,78,78,78,78,78,78,78,78],"card_choices":[{"not_picked":["Stack","Sweeping Beam"],"picked":"Ball Lightning","floor":1},{"not_picked":["Go for the Eyes","Sweeping Beam"],"picked":"Rip and Tear","floor":3},{"not_picked":["Streamline","Cold Snap"],"picked":"Self Repair","floor":5},{"not_picked":["Chill","Reprogram"],"picked":"Conserve Battery","floor":6},{"not_picked":["Consume","Scrape"],"picked":"FTL","floor":7},{"not_picked":["Blizzard","Stack"],"picked":"Sunder","floor":14},{"not_picked":["Buffer","Fission"],"picked":"Core Surge","floor":16},{"not_picked":["BootSequence","Force Field"],"picked":"Loop","floor":18},{"not_picked":["Undo","Sweeping Beam"],"picked":"Go for the Eyes","floor":20},{"not_picked":["Hello World","Consume"],"picked":"Glacier","floor":23},{"not_picked":["Redo","Go for the Eyes"],"picked":"FTL+1","floor":24},{"not_picked":["Leap+1","Hello World"],"picked":"White Noise","floor":25},{"not_picked":["Skim","Reinforced Body"],"picked":"Go for the Eyes","floor":28}],"player_experience":280802,"relics_obtained":[{"floor":9,"key":"Anchor"},{"floor":26,"key":"Pantograph"}],"event_choices":[{"event_name":"World of Goop","player_choice":"Gather Gold","floor":2,"damage_taken":0},{"event_name":"Shining Light","player_choice":"Entered Light","floor":12,"damage_taken":0},{"event_name":"Mushrooms","player_choice":"Healed and dodged fight","floor":13,"damage_taken":0},{"event_name":"Match and Keep!","player_choice":"1 cards matched","floor":19,"damage_taken":0},{"event_name":"Colosseum","player_choice":"Fight","floor":22,"damage_taken":0},{"event_name":"Colosseum","player_choice":"Fled From Nobs","floor":22,"damage_taken":0}],"is_beta":false,"boss_relics":[{"not_picked":["Black Star","Runic Pyramid"],"picked":"Sozu"}],"items_purged_floors":[4],"is_endless":false,"potions_floor_spawned":[3,14,16,18,23,25,28],"killed_by":"Snake Plant","ascension_level":18}