{"path_per_floor":["M","?","M","M","$","R","M","R","T","?","$","?","M","M","R"],"character_chosen":"IRONCLAD","items_purchased":["Boot"],"gold_per_floor":[114,114,130,140,140,140,153,153,178,253,105,105,115,85,85,85],"floor_reached":16,"campfire_rested":0,"playtime":819,"item_purchase_floors":[11],"current_hp_per_floor":[80,73,79,80,80,80,79,79,79,68,68,68,69,73,73,0],"items_purged":[],"gold":85,"score":95,"play_id":"c5687d29-57e4-4f4b-99e8-5b3f50da090f","local_time":"20180603210916","is_prod":false,"is_daily":false,"chose_seed":false,"is_ascension_mode":true,"campfire_upgraded":3,"win_rate":0,"timestamp":1528024156,"campfire_choices":[{"data":"Entrench","floor":6,"key":"SMITH"},{"data":"Rage","floor":8,"key":"SMITH"},{"data":"Armaments","floor":15,"key":"SMITH"}],"path_taken":["M","?","M","M","$","R","M","R","T","?","$","?","M","M","R","BOSS"],"build_version":"2018-05-30v2","seed_source_timestamp":10288623663969,"purchased_purges":0,"victory":false,"master_deck":["Strike_R","Strike_R","Strike_R","Strike_R","Strike_R","Defend_R","Defend_R","Defend_R","Defend_R","Entrench+1","Flame Barrier","Rage+1","Regret","Rage","Armaments+1"],"max_hp_per_floor":[80,80,80,80,80,80,80,80,80,80,80,80,80,80,80,80],"relics":["Burning Blood","Potion Belt","Boot","Juzu Bracelet"],"card_choices":[{"not_picked":["Headbutt","Corruption"],"picked":"Entrench","floor":1},{"not_picked":["Anger","Disarm"],"picked":"Flame Barrier","floor":3},{"not_picked":["Shockwave","Blood for Blood","Whirlwind"],"picked":"SKIP","floor":4},{"not_picked":["Anger","Wild Strike"],"picked":"Rage","floor":7},{"not_picked":["Perfected Strike","Intimidate"],"picked":"Rage","floor":13},{"not_picked":["Pommel Strike","Twin Strike"],"picked":"Armaments","floor":14}],"player_experience":353188,"potions_floor_usage":[3,4,13],"damage_taken":[{"damage":5,"enemies":"Jaw Worm","floor":1,"turns":5},{"damage":0,"enemies":"2 Louse","floor":3,"turns":4},{"damage":2,"enemies":"Small Slimes","floor":4,"turns":7},{"damage":7,"enemies":"3 Louse","floor":7,"turns":7},{"damage":5,"enemies":"Red Slaver","floor":13,"turns":5},{"damage":2,"enemies":"Looter","floor":14,"turns":4},{"damage":76,"enemies":"Hexaghost","floor":16,"turns":14}],"relics_obtained":[{"floor":9,"key":"Potion Belt"}],"event_choices":[{"event_name":"Golden Wing","player_choice":"Card Removal","floor":2,"damage_taken":0},{"event_name":"World of Goop","player_choice":"Gather Gold","floor":10,"damage_taken":0},{"event_name":"Big Fish","player_choice":"Box","floor":12,"damage_taken":0}],"boss_relics":[],"items_purged_floors":[],"potions_floor_spawned":[1,3,4],"seed_played":"8850365584327362441","killed_by":"Hexaghost","ascension_level":1,"potions_obtained":[{"floor":1,"key":"EssenceOfSteel"},{"floor":3,"key":"Swift Potion"},{"floor":4,"key":"Weak Potion"}],"is_trial":false}