{"gold_per_floor":[116,116,41,41,61,96,96,110,185,185,198,198,2,2],"floor_reached":14,"playtime":425,"items_purged":["Pain"],"score":119,"play_id":"2eedc086-1184-4c5b-955d-e0b1ec102fea","local_time":"20181016222255","is_ascension_mode":true,"campfire_choices":[{"data":"Zap","floor":7,"key":"SMITH"},{"data":"Echo Form","floor":10,"key":"SMITH"}],"neow_cost":"CURSE","seed_source_timestamp":184702680431535,"circlet_count":0,"master_deck":["Strike_B","Strike_B+1","Strike_B","Strike_B","Defend_B","Defend_B+1","Defend_B","Defend_B","Zap+1","Dualcast","Echo Form+1","Cold Snap","Gash","Coolheaded","Hello World","Turbo"],"relics":["Cracked Core","PreservedInsect","Orichalcum","Bottled Flame","ClockworkSouvenir"],"potions_floor_usage":[14],"damage_taken":[{"damage":18,"enemies":"Small Slimes","floor":1,"turns":5},{"damage":0,"enemies":"2 Louse","floor":5,"turns":3},{"damage":20,"enemies":"Gremlin Nob","floor":6,"turns":4},{"damage":3,"enemies":"Jaw Worm","floor":8,"turns":4},{"damage":11,"enemies":"Blue Slaver","floor":11,"turns":3},{"damage":10,"enemies":"Gremlin Gang","floor":14,"turns":1}],"seed_played":"-7315279353559062132","potions_obtained":[{"floor":5,"key":"Regen Potion"},{"floor":11,"key":"GamblersBrew"}],"is_trial":false,"path_per_floor":["M","?","$","?","M","E","R","M","T","R","M","?","$"],"character_chosen":"DEFECT","items_purchased":["ClockworkSouvenir"],"campfire_rested":0,"item_purchase_floors":[13],"current_hp_per_floor":[50,32,32,57,57,37,37,34,34,34,23,8,8,0],"gold":2,"neow_bonus":"THREE_RARE_CARDS","is_prod":false,"is_daily":false,"chose_seed":false,"campfire_upgraded":2,"win_rate":0,"timestamp":1539753775,"path_taken":["M","?","$","?","M","E","R","M","T","R","M","?","$","M"],"build_version":"2018-10-11","purchased_purges":1,"victory":false,"max_hp_per_floor":[75,75,75,75,75,75,75,75,75,75,75,75,75,75],"card_choices":[{"not_picked":["All For One","Fission"],"picked":"Echo Form","floor":0},{"not_picked":["Turbo","Auto Shields"],"picked":"Cold Snap","floor":1},{"not_picked":["Redo","Undo"],"picked":"Gash","floor":5},{"not_picked":["Go for the Eyes","Undo"],"picked":"Coolheaded","floor":6},{"not_picked":["Turbo","Beam Cell"],"picked":"Hello World","floor":8},{"not_picked":["Amplify","Rebound"],"picked":"Turbo","floor":11}],"player_experience":280950,"relics_obtained":[{"floor":6,"key":"Orichalcum"},{"floor":9,"key":"Bottled Flame"}],"event_choices":[{"event_name":"Scrap Ooze","player_choice":"success","floor":2,"damage_taken":18},{"event_name":"Big Fish","player_choice":"Banana","floor":4,"damage_taken":0},{"event_name":"Shining Light","player_choice":"Entered Light","floor":12,"damage_taken":0}],"is_beta":false,"boss_relics":[],"items_purged_floors":[3],"is_endless":false,"potions_floor_spawned":[5,11],"killed_by":"Gremlin Gang","ascension_level":7}