{"gold_per_floor":[111,131,206,206,229,229,261,261,261,273,273,283,313,156,156,253,253,273,273,285,297,307,307,336,336,414,235,235,249,249,263,263,361,361,378,378,401,417,13,13,28,28,28,28,61,61,73,92,92,92],"floor_reached":51,"playtime":2322,"items_purged":["Strike_R","Strike_R","Strike_R"],"score":1002,"play_id":"f4b1a38b-dc55-4847-a106-faafee41bc20","local_time":"20181110141518","is_ascension_mode":true,"campfire_choices":[{"data":"Heavy Blade","floor":6,"key":"SMITH"},{"data":"True Grit","floor":8,"key":"SMITH"},{"data":"Demon Form","floor":11,"key":"SMITH"},{"data":"True Grit","floor":15,"key":"SMITH"},{"floor":23,"key":"REST"},{"data":"Iron Wave","floor":25,"key":"SMITH"},{"data":"Shrug It Off","floor":28,"key":"SMITH"},{"data":"Bash","floor":32,"key":"SMITH"},{"data":"Feel No Pain","floor":40,"key":"SMITH"},{"data":"Madness","floor":42,"key":"SMITH"},{"data":"Spot Weakness","floor":44,"key":"SMITH"},{"data":"Battle Trance","floor":49,"key":"SMITH"}],"neow_cost":"NONE","seed_source_timestamp":531692242231695,"circlet_count":0,"master_deck":["Strike_R","Strike_R","Defend_R","Defend_R","Defend_R","Defend_R","Bash+1","Demon Form+1","True Grit+1","Heavy Blade+1","Spot Weakness+1","Iron Wave+1","Feel No Pain+1","True Grit+1","Immolate","True Grit+1","Clothesline+1","Shrug It Off+1","Headbutt","Double Tap","Sentinel","Reaper","Madness+1","Madness+1","Heavy Blade+1","Feel No Pain+1","Battle Trance+1","Shrug It Off+1"],"relics":["Burning Blood","Bag of Preparation","Dream Catcher","Red Skull","Happy Flower","Velvet Choker","Bottled Tornado","Meat on the Bone","Eternal Feather","Blood Vial","DollysMirror","Pantograph","Bag of Marbles"],"potions_floor_usage":[7,24,24,31,50],"damage_taken":[{"damage":8,"enemies":"2 Louse","floor":1,"turns":3},{"damage":4,"enemies":"Jaw Worm","floor":2,"turns":7},{"damage":0,"enemies":"Gremlin Nob","floor":7,"turns":2},{"damage":1,"enemies":"Cultist","floor":10,"turns":3},{"damage":1,"enemies":"3 Louse","floor":12,"turns":3},{"damage":7,"enemies":"Lagavulin","floor":13,"turns":6},{"damage":53,"enemies":"Hexaghost","floor":16,"turns":9},{"damage":0,"enemies":"Chosen","floor":18,"turns":4},{"damage":20,"enemies":"2 Thieves","floor":20,"turns":4},{"damage":10,"enemies":"Centurion and Healer","floor":21,"turns":7},{"damage":29,"enemies":"Chosen and Byrds","floor":22,"turns":6},{"damage":33,"enemies":"Book of Stabbing","floor":24,"turns":7},{"damage":0,"enemies":"Snecko","floor":29,"turns":4},{"damage":9,"enemies":"Centurion and Healer","floor":31,"turns":6},{"damage":42,"enemies":"Collector","floor":33,"turns":8},{"damage":6,"enemies":"Orb Walker","floor":35,"turns":4},{"damage":3,"enemies":"3 Shapes","floor":38,"turns":8},{"damage":40,"enemies":"Maw","floor":41,"turns":9},{"damage":81,"enemies":"Giant Head","floor":45,"turns":8},{"damage":13,"enemies":"4 Shapes","floor":47,"turns":6},{"damage":38,"enemies":"3 Darklings","floor":48,"turns":5},{"damage":48,"enemies":"Awakened One","floor":50,"turns":8}],"seed_played":"-3039814371963041240","potions_obtained":[{"floor":1,"key":"Swift Potion"},{"floor":2,"key":"SteroidPotion"},{"floor":13,"key":"Ancient Potion"},{"floor":22,"key":"BloodPotion"},{"floor":24,"key":"FairyPotion"},{"floor":29,"key":"Regen Potion"},{"floor":31,"key":"EntropicBrew"},{"floor":48,"key":"Weak Potion"}],"is_trial":false,"path_per_floor":["M","M","?","?","T","R","E","R","T","M","R","M","E","$","R","B",null,"M","?","M","M","M","R","E","R","T","$","R","M","?","M","R","B",null,"M","?","T","M","$","R","M","R","T","R","E","?","M","M","R","B",null],"character_chosen":"IRONCLAD","items_purchased":["Feel No Pain","True Grit","Shrug It Off","Headbutt","DollysMirror","Feel No Pain"],"campfire_rested":1,"item_purchase_floors":[14,14,27,27,39,39],"current_hp_per_floor":[70,72,61,66,66,66,72,72,72,77,77,82,81,81,81,34,72,78,78,64,60,37,62,43,43,43,43,43,49,49,61,61,37,73,83,72,72,85,85,85,51,66,66,81,47,47,81,85,85,56],"gold":92,"neow_bonus":"ONE_RANDOM_RARE_CARD","is_prod":false,"is_daily":false,"chose_seed":false,"campfire_upgraded":11,"win_rate":0,"timestamp":1541877318,"path_taken":["M","M","?","?","?","R","E","R","T","M","R","?","E","?","R","BOSS","M","?","M","?","?","R","E","R","T","$","R","M","?","M","R","BOSS","M","?","?","M","$","R","M","R","T","R","E","?","M","M","R","BOSS"],"build_version":"2018-11-08","purchased_purges":3,"victory":true,"max_hp_per_floor":[80,80,80,85,85,85,85,85,85,85,85,85,85,85,85,85,85,85,85,85,85,85,85,85,85,85,85,85,85,85,85,85,85,85,85,85,85,85,85,85,85,85,85,85,85,85,85,85,85,85],"card_choices":[{"not_picked":["Battle Trance","Rupture"],"picked":"True Grit","floor":1},{"not_picked":["Rampage","Shockwave"],"picked":"Heavy Blade","floor":2},{"not_picked":["Dropkick","Feel No Pain"],"picked":"Spot Weakness","floor":7},{"not_picked":["Armaments","Clothesline"],"picked":"Iron Wave","floor":10},{"not_picked":["Clash","Rage","Power Through"],"picked":"SKIP","floor":12},{"not_picked":["Hemokinesis","Headbutt","Perfected Strike"],"picked":"SKIP","floor":13},{"not_picked":["Barricade","Demon Form"],"picked":"Immolate","floor":16},{"not_picked":["Iron Wave","Wild Strike","Cleave+1"],"picked":"SKIP","floor":18},{"not_picked":["Flex+1","Body Slam+1"],"picked":"True Grit+1","floor":20},{"not_picked":["Thunderclap+1","Clothesline","Exhume"],"picked":"SKIP","floor":21},{"not_picked":["Havoc","Iron Wave"],"picked":"Clothesline+1","floor":22},{"not_picked":["Second Wind","Pommel Strike+1","Perfected Strike"],"picked":"SKIP","floor":24},{"not_picked":["Headbutt","Pommel Strike+1"],"picked":"Double Tap","floor":29},{"not_picked":["Dual Wield+1","Searing Blow"],"picked":"Sentinel","floor":31},{"not_picked":["Dark Embrace","Exhume"],"picked":"Reaper","floor":33},{"not_picked":["Uppercut+1","Anger","Flex+1"],"picked":"SKIP","floor":35},{"not_picked":["Twin Strike","Carnage+1","Reckless Charge+1"],"picked":"SKIP","floor":38},{"not_picked":["Perfected Strike","Iron Wave+1","Inflame"],"picked":"SKIP","floor":41},{"not_picked":["Armaments","Thunderclap","Perfected Strike+1"],"picked":"SKIP","floor":45},{"not_picked":["Havoc+1","Thunderclap"],"picked":"Battle Trance","floor":47},{"not_picked":["True Grit","Sword Boomerang"],"picked":"Shrug It Off+1","floor":48}],"player_experience":347912,"relics_obtained":[{"floor":5,"key":"Bag of Preparation"},{"floor":7,"key":"Dream Catcher"},{"floor":9,"key":"Red Skull"},{"floor":13,"key":"Happy Flower"},{"floor":24,"key":"Bottled Tornado"},{"floor":26,"key":"Meat on the Bone"},{"floor":37,"key":"Blood Vial"},{"floor":43,"key":"Pantograph"},{"floor":45,"key":"Bag of Marbles"}],"event_choices":[{"damage_healed":0,"gold_gain":75,"player_choice":"Gather Gold","damage_taken":11,"max_hp_gain":0,"max_hp_loss":0,"event_name":"World of Goop","floor":3,"gold_loss":0},{"damage_healed":0,"gold_gain":0,"player_choice":"Donut","damage_taken":0,"max_hp_gain":5,"max_hp_loss":0,"event_name":"Big Fish","floor":4,"gold_loss":0},{"damage_healed":0,"gold_gain":0,"player_choice":"Upgraded","damage_taken":0,"max_hp_gain":0,"max_hp_loss":0,"event_name":"Upgrade Shrine","floor":19,"gold_loss":0,"cards_upgraded":["Feel No Pain"]},{"damage_healed":0,"gold_gain":0,"player_choice":"Ignored","damage_taken":0,"max_hp_gain":0,"max_hp_loss":0,"event_name":"Vampires","floor":30,"gold_loss":0},{"damage_healed":0,"gold_gain":0,"player_choice":"Embrace Madness","damage_taken":11,"max_hp_gain":0,"max_hp_loss":0,"event_name":"Winding Halls","floor":36,"gold_loss":0,"cards_obtained":["Madness","Madness"]},{"damage_healed":0,"gold_gain":0,"player_choice":"Upgraded","damage_taken":0,"max_hp_gain":0,"max_hp_loss":0,"event_name":"Upgrade Shrine","floor":46,"gold_loss":0,"cards_upgraded":["Madness"]}],"is_beta":true,"boss_relics":[{"not_picked":["Fusion Hammer","Empty Cage"],"picked":"Velvet Choker"},{"not_picked":["Black Star","Black Blood"],"picked":"Eternal Feather"}],"items_purged_floors":[14,27,39],"is_endless":false,"potions_floor_spawned":[1,2,13,22,24,29,31,41,48],"ascension_level":7}