{"gold_per_floor":[112,129,79,90,110,143,143,31,57,57,22,38,38,38,38,141,141,156,3,3,3,13,13,42,42,342,354,354],"floor_reached":28,"playtime":2065,"items_purged":["Strike_B"],"score":236,"play_id":"e3f36061-fb1a-4092-8524-b12373b8e2fd","local_time":"20180708021235","is_ascension_mode":false,"campfire_choices":[{"data":"Zap","floor":7,"key":"SMITH"},{"data":"Hello World","floor":10,"key":"SMITH"},{"data":"Gash","floor":15,"key":"SMITH"},{"data":"Buffer","floor":23,"key":"SMITH"},{"data":"Scrape","floor":25,"key":"SMITH"}],"neow_cost":"","seed_source_timestamp":306526113940853,"circlet_count":0,"master_deck":["Strike_B","Defend_B+1","Defend_B","Defend_B","Defend_B","Zap+1","Dualcast+1","FTL","Cold Snap","Gash+1","Conserve Battery","Conserve Battery","Hello World+1","Chill","Self Repair","Buffer+1","Turbo+1","Fission","Gash+1","Beam Cell","Scrape+1","Blizzard+1"],"relics":["Cracked Core","Vajra","War Paint","Inserter","Orichalcum","Old Coin"],"potions_floor_usage":[16,22,24],"damage_taken":[{"damage":0,"enemies":"2 Louse","floor":1,"turns":1},{"damage":6,"enemies":"Jaw Worm","floor":2,"turns":3},{"damage":8,"enemies":"Small Slimes","floor":4,"turns":2},{"damage":8,"enemies":"Looter","floor":5,"turns":2},{"damage":1,"enemies":"3 Sentries","floor":6,"turns":8},{"damage":2,"enemies":"Gremlin Gang","floor":12,"turns":5},{"damage":5,"enemies":"Hexaghost","floor":16,"turns":11},{"damage":0,"enemies":"Shell Parasite","floor":18,"turns":8},{"damage":13,"enemies":"2 Thieves","floor":22,"turns":5},{"damage":61,"enemies":"Gremlin Leader","floor":24,"turns":10},{"damage":4,"enemies":"Cultist and Chosen","floor":27,"turns":6},{"damage":22,"enemies":"Slavers","floor":28,"turns":1}],"seed_played":"-2289008533935493418","potions_obtained":[{"floor":2,"key":"Poison Potion"},{"floor":4,"key":"Weak Potion"},{"floor":12,"key":"Fire Potion"},{"floor":18,"key":"SteroidPotion"},{"floor":24,"key":"Fire Potion"}],"is_trial":false,"path_per_floor":["M","M","?","M","M","E","R","$","T","R","$","M","?","?","R","B",null,"M","$","?","?","M","R","E","R","T","M"],"character_chosen":"DEFECT","items_purchased":["Hello World","Chill","Fission"],"campfire_rested":0,"item_purchase_floors":[8,11,19],"current_hp_per_floor":[75,69,69,61,53,52,52,52,52,52,52,50,43,43,43,45,75,75,75,75,75,69,69,15,15,15,18,0],"gold":354,"neow_bonus":"","is_prod":false,"is_daily":false,"chose_seed":false,"campfire_upgraded":5,"win_rate":0,"timestamp":1531041155,"path_taken":["M","M","?","M","M","E","R","$","T","R","$","?","?","?","R","BOSS","M","$","?","?","M","R","E","R","T","M","E"],"build_version":"2018-07-05","purchased_purges":1,"victory":false,"max_hp_per_floor":[75,75,75,75,75,75,75,75,75,75,75,75,75,75,75,75,75,75,75,75,75,75,75,75,75,75,75,75],"card_choices":[{"not_picked":["Barrage","Beam Cell"],"picked":"FTL","floor":1},{"not_picked":["Hologram","Streamline"],"picked":"Cold Snap","floor":2},{"not_picked":["Beam Cell","Glacier"],"picked":"Gash","floor":4},{"not_picked":["Turbo","Undo"],"picked":"Conserve Battery","floor":5},{"not_picked":["Multi-Cast","Compile Driver"],"picked":"Conserve Battery","floor":6},{"not_picked":["Leap","Compile Driver"],"picked":"Self Repair","floor":12},{"not_picked":["Thunder Strike","Rainbow"],"picked":"Buffer","floor":16},{"not_picked":["Glacier","Undo+1"],"picked":"Turbo+1","floor":18},{"not_picked":["Melter","Go for the Eyes"],"picked":"Beam Cell","floor":22},{"not_picked":["Blizzard+1","Rebound"],"picked":"Scrape","floor":24},{"not_picked":["Leap","Steam+1"],"picked":"Blizzard+1","floor":27}],"player_experience":128626,"relics_obtained":[{"floor":6,"key":"Vajra"},{"floor":9,"key":"War Paint"},{"floor":24,"key":"Orichalcum"},{"floor":26,"key":"Old Coin"}],"event_choices":[{"event_name":"The Cleric","player_choice":"Card Removal","floor":3,"damage_taken":0},{"event_name":"Wheel of Change","player_choice":"Damage","floor":13,"damage_taken":0},{"event_name":"Bonfire Elementals","player_choice":"BASIC","floor":14,"damage_taken":0},{"event_name":"Duplicator","player_choice":"One dupe","floor":20,"damage_taken":0},{"event_name":"Beggar","player_choice":"Ignored","floor":21,"damage_taken":0}],"boss_relics":[{"not_picked":["Calling Bell","Philosopher\u0027s Stone"],"picked":"Inserter"}],"items_purged_floors":[8],"is_endless":false,"potions_floor_spawned":[2,4,12,18,24],"killed_by":"Slavers","ascension_level":0}