{"gold_per_floor":[216,316,316,335,346,346,374,374,374,374,397,397],"floor_reached":12,"playtime":422,"items_purged":[],"score":101,"play_id":"af5bbd69-029d-48d1-aed9-6b147d1b2c43","local_time":"20181015202830","is_ascension_mode":true,"campfire_choices":[{"data":"Zap","floor":6,"key":"SMITH"},{"data":"Coolheaded","floor":8,"key":"SMITH"}],"neow_cost":"NONE","seed_source_timestamp":91440075689518,"circlet_count":0,"master_deck":["Strike_B","Strike_B","Strike_B","Strike_B","Defend_B","Defend_B","Defend_B","Defend_B","Zap+1","Dualcast","Barrage","Conserve Battery","Coolheaded+1","Cold Snap","Static Discharge"],"relics":["Cracked Core","WingedGreaves","Pantograph","Toxic Egg 2","Golden Idol"],"potions_floor_usage":[7,12],"damage_taken":[{"damage":0,"enemies":"Small Slimes","floor":1,"turns":2},{"damage":5,"enemies":"Cultist","floor":4,"turns":4},{"damage":0,"enemies":"2 Louse","floor":5,"turns":3},{"damage":46,"enemies":"Gremlin Nob","floor":7,"turns":5},{"damage":5,"enemies":"2 Fungi Beasts","floor":11,"turns":3},{"damage":12,"enemies":"Lagavulin Event","floor":12,"turns":8}],"seed_played":"7635805185149036022","potions_obtained":[{"floor":4,"key":"Energy Potion"},{"floor":11,"key":"EssenceOfSteel"}],"is_trial":false,"path_per_floor":["M","?","?","M","M","R","E","R","T","?","M"],"character_chosen":"DEFECT","items_purchased":[],"campfire_rested":0,"item_purchase_floors":[],"current_hp_per_floor":[68,68,65,60,60,60,14,14,14,14,9,0],"gold":397,"neow_bonus":"HUNDRED_GOLD","is_prod":false,"is_daily":false,"chose_seed":false,"campfire_upgraded":2,"win_rate":0,"timestamp":1539660510,"path_taken":["M","?","?","?","?","R","E","R","T","?","M","?"],"build_version":"2018-10-11","purchased_purges":0,"victory":false,"max_hp_per_floor":[75,75,75,75,75,75,75,75,75,69,69,69],"card_choices":[{"not_picked":["Undo","Reinforced Body"],"picked":"Barrage","floor":1},{"not_picked":["Leap","Melter"],"picked":"Conserve Battery","floor":4},{"not_picked":["Turbo","Go for the Eyes"],"picked":"Coolheaded","floor":5},{"not_picked":["Hologram","Redo"],"picked":"Cold Snap","floor":7},{"not_picked":["Barrage","Reprogram+1"],"picked":"Static Discharge","floor":11}],"player_experience":271288,"relics_obtained":[{"floor":7,"key":"Pantograph"},{"floor":9,"key":"Toxic Egg 2"}],"event_choices":[{"event_name":"Golden Shrine","player_choice":"Pray","floor":2,"damage_taken":0},{"event_name":"Scrap Ooze","player_choice":"success","floor":3,"damage_taken":3},{"event_name":"Golden Idol","player_choice":"Lose Max HP","floor":10,"damage_taken":0},{"event_name":"Dead Adventurer","player_choice":"Searched \u00273\u0027 times","floor":12,"damage_taken":0}],"is_beta":false,"boss_relics":[],"items_purged_floors":[],"is_endless":false,"potions_floor_spawned":[4,11],"killed_by":"Lagavulin Event","ascension_level":6}