{"gold_per_floor":[118,118,133,133,152,152,167,167,167,167,184,184,197,212,212,316,316,332,382,398,418,431,431,444,444,467,467],"floor_reached":27,"playtime":1085,"items_purged":[],"score":309,"play_id":"73fedee9-5358-418c-bf66-2fa954a0d068","local_time":"20180705211812","daily_mods":["Heirloom"],"is_ascension_mode":false,"campfire_choices":[{"data":"Strike_R","floor":6,"key":"SMITH"},{"data":"Twin Strike","floor":8,"key":"SMITH"},{"data":"Shrug It Off","floor":10,"key":"SMITH"},{"floor":15,"key":"REST"},{"floor":23,"key":"REST"},{"floor":25,"key":"REST"}],"neow_cost":"","seed_source_timestamp":0,"circlet_count":0,"master_deck":["Strike_R+1","Strike_R","Strike_R","Defend_R+1","Defend_R","Defend_R","Defend_R+1","Shrug It Off+1","Twin Strike+1","Anger","Flex","Flex"],"relics":["Unceasing Top","Sundial","Red Skull","Gremlin Horn","Empty Cage","Bag of Preparation"],"potions_floor_usage":[5,11,13,16,16,21,22,27],"damage_taken":[{"damage":10,"enemies":"Jaw Worm","floor":1,"turns":4},{"damage":5,"enemies":"Cultist","floor":3,"turns":4},{"damage":3,"enemies":"2 Louse","floor":5,"turns":2},{"damage":5,"enemies":"Red Slaver","floor":7,"turns":4},{"damage":0,"enemies":"3 Louse","floor":11,"turns":1},{"damage":14,"enemies":"Large Slime","floor":13,"turns":5},{"damage":8,"enemies":"Red Slaver","floor":14,"turns":2},{"damage":38,"enemies":"The Guardian","floor":16,"turns":13},{"damage":0,"enemies":"Spheric Guardian","floor":18,"turns":3},{"damage":2,"enemies":"Shell Parasite","floor":20,"turns":7},{"damage":50,"enemies":"Snecko","floor":21,"turns":7},{"damage":16,"enemies":"Sentry and Sphere","floor":22,"turns":6},{"damage":0,"enemies":"3 Cultists","floor":24,"turns":5},{"damage":74,"enemies":"Cultist and Chosen","floor":27,"turns":8}],"seed_played":"-5425098421318084108","potions_obtained":[{"floor":3,"key":"BloodPotion"},{"floor":7,"key":"Explosive Potion"},{"floor":11,"key":"Energy Potion"},{"floor":13,"key":"GamblersBrew"},{"floor":14,"key":"EssenceOfSteel"},{"floor":18,"key":"Dexterity Potion"},{"floor":20,"key":"SteroidPotion"},{"floor":24,"key":"SkillPotion"}],"is_trial":true,"path_per_floor":["M","?","M","?","M","R","M","R","T","R","M","?","M","M","R","B",null,"M","?","M","M","M","R","M","R","T"],"character_chosen":"IRONCLAD","items_purchased":[],"campfire_rested":3,"item_purchase_floors":[],"current_hp_per_floor":[70,63,58,58,63,63,58,58,58,58,58,42,28,20,44,6,80,80,80,78,28,12,36,36,60,60,0],"gold":467,"neow_bonus":"","is_prod":false,"is_daily":false,"chose_seed":false,"campfire_upgraded":3,"win_rate":0,"timestamp":1530789492,"path_taken":["M","?","M","?","M","R","M","R","T","R","M","?","?","M","R","BOSS","M","?","?","?","?","R","M","R","T","M"],"build_version":"2018-07-04","purchased_purges":0,"victory":false,"max_hp_per_floor":[80,80,80,80,80,80,80,80,80,80,80,80,80,80,80,80,80,80,80,80,80,80,80,80,80,80,80],"card_choices":[{"not_picked":["Sword Boomerang","Heavy Blade","Uppercut"],"picked":"SKIP","floor":1},{"not_picked":["Intimidate","Armaments"],"picked":"Shrug It Off","floor":3},{"not_picked":["Havoc","Reckless Charge","Spot Weakness"],"picked":"SKIP","floor":5},{"not_picked":["Evolve","True Grit"],"picked":"Twin Strike","floor":7},{"not_picked":["Havoc","Headbutt","True Grit"],"picked":"SKIP","floor":11},{"not_picked":["Blood for Blood","Body Slam"],"picked":"Anger","floor":13},{"not_picked":["Feel No Pain","Sword Boomerang","Heavy Blade"],"picked":"SKIP","floor":14},{"not_picked":["Feel No Pain","Armaments"],"picked":"Flex","floor":18},{"not_picked":["Uppercut","Wild Strike+1","Perfected Strike+1"],"picked":"SKIP","floor":20},{"not_picked":["Clothesline","Cleave+1"],"picked":"Flex","floor":21},{"not_picked":["Armaments","Cleave","Havoc+1"],"picked":"SKIP","floor":22},{"not_picked":["True Grit","Reckless Charge","Second Wind"],"picked":"SKIP","floor":24}],"player_experience":479631,"relics_obtained":[{"floor":9,"key":"Gremlin Horn"},{"floor":26,"key":"Bag of Preparation"}],"event_choices":[{"event_name":"Scrap Ooze","player_choice":"success","floor":2,"damage_taken":7},{"event_name":"Purifier","player_choice":"One Purge","floor":4,"damage_taken":0},{"event_name":"Shining Light","player_choice":"Entered Light","floor":12,"damage_taken":0},{"event_name":"The Joust","player_choice":"Bet on Murderer","floor":19,"damage_taken":0}],"boss_relics":[{"not_picked":["Snecko Eye","Pandora\u0027s Box"],"picked":"Empty Cage"}],"items_purged_floors":[],"is_endless":true,"potions_floor_spawned":[3,7,11,13,14,18,20,24],"killed_by":"Cultist and Chosen","ascension_level":0}