{"gold_per_floor":[109,123,123,123,142,174,174,192,192,204,204,224,224,70,70,173,173,185,185,185,195,214,214,224,242,288,288,203,214,224,224,224,224],"floor_reached":33,"playtime":1577,"items_purged":["Strike_B"],"score":377,"play_id":"ebe52055-0996-4e7c-96ab-4d3f670d8733","local_time":"20180921125325","is_ascension_mode":true,"campfire_choices":[{"data":"Zap","floor":7,"key":"SMITH"},{"data":"Loop","floor":11,"key":"SMITH"},{"floor":15,"key":"REST"},{"floor":23,"key":"REST"},{"floor":27,"key":"REST"},{"data":"Capacitor","floor":32,"key":"SMITH"}],"neow_cost":"NONE","seed_source_timestamp":584656377215179,"circlet_count":0,"master_deck":["Strike_B+1","Strike_B+1","Strike_B","Defend_B","Defend_B","Defend_B","Defend_B","Zap+1","Dualcast","AscendersBane","Streamline+1","Reprogram","Auto Shields","Genetic Algorithm+1","Stack+1","Loop+1","Aggregate+1","Capacitor+1","Seek+1","Hologram+1","Stack+1","Hologram+1","Loop+1","Coolheaded+1","White Noise+1","Glacier+1"],"relics":["Cracked Core","Toxic Egg 2","Mummified Hand","Nuclear Battery","Whetstone","Bronze Scales","MutagenicStrength"],"potions_floor_usage":[6,12,16,29],"damage_taken":[{"damage":0,"enemies":"Small Slimes","floor":1,"turns":2},{"damage":12,"enemies":"Jaw Worm","floor":2,"turns":2},{"damage":0,"enemies":"Cultist","floor":5,"turns":2},{"damage":25,"enemies":"Gremlin Nob","floor":6,"turns":4},{"damage":7,"enemies":"Looter","floor":8,"turns":3},{"damage":0,"enemies":"3 Louse","floor":10,"turns":3},{"damage":0,"enemies":"Lots of Slimes","floor":12,"turns":2},{"damage":36,"enemies":"Slime Boss","floor":16,"turns":7},{"damage":36,"enemies":"3 Byrds","floor":18,"turns":8},{"damage":0,"enemies":"Shell Parasite","floor":21,"turns":6},{"damage":19,"enemies":"Snake Plant","floor":22,"turns":4},{"damage":10,"enemies":"Centurion and Healer","floor":24,"turns":6},{"damage":13,"enemies":"Sentry and Sphere","floor":25,"turns":5},{"damage":0,"enemies":"Snake Plant","floor":29,"turns":4},{"damage":3,"enemies":"Snecko","floor":30,"turns":6},{"damage":66,"enemies":"Collector","floor":33,"turns":7}],"seed_played":"-4993903347980376683","potions_obtained":[{"floor":1,"key":"Weak Potion"},{"floor":2,"key":"Explosive Potion"},{"floor":8,"key":"PowerPotion"},{"floor":10,"key":"FearPotion"},{"floor":18,"key":"FearPotion"},{"floor":22,"key":"Explosive Potion"}],"is_trial":false,"path_per_floor":["M","M","?","?","M","E","R","M","T","M","R","M","?","$","R","B",null,"M","?","?","M","M","R","M","M","T","R","?","M","M","?","R"],"character_chosen":"DEFECT","items_purchased":["Capacitor"],"campfire_rested":3,"item_purchase_floors":[14],"current_hp_per_floor":[75,63,63,63,63,38,38,31,31,31,31,31,31,31,55,19,66,30,57,57,57,38,62,52,39,39,63,63,63,60,60,60,0],"gold":224,"neow_bonus":"TEN_PERCENT_HP_BONUS","is_prod":false,"is_daily":false,"chose_seed":false,"campfire_upgraded":3,"win_rate":0,"timestamp":1537548805,"path_taken":["M","M","?","?","M","E","R","M","T","M","R","M","?","$","R","BOSS","M","?","?","M","M","R","M","?","T","R","?","M","?","?","R","BOSS"],"build_version":"2018-09-20","purchased_purges":1,"victory":false,"max_hp_per_floor":[82,82,82,82,82,82,82,82,82,82,82,82,82,82,82,82,82,82,82,82,82,82,82,82,82,82,82,82,82,82,82,82,82],"card_choices":[{"not_picked":["Melter","Hologram"],"picked":"Streamline","floor":1},{"not_picked":["Heatsinks","Turbo"],"picked":"Reprogram","floor":2},{"not_picked":["Conserve Battery","Ball Lightning"],"picked":"Auto Shields","floor":5},{"not_picked":["Cold Snap","Barrage"],"picked":"Genetic Algorithm","floor":6},{"not_picked":["Redo+1","Reprogram+1"],"picked":"Stack+1","floor":8},{"not_picked":["Compile Driver","Static Discharge"],"picked":"Loop","floor":10},{"not_picked":["Amplify+1","Glacier+1"],"picked":"Aggregate+1","floor":12},{"not_picked":["Machine Learning","Reboot+1"],"picked":"Seek+1","floor":16},{"not_picked":["Go for the Eyes","Sweeping Beam"],"picked":"Hologram+1","floor":18},{"not_picked":["Gash","Genetic Algorithm+1"],"picked":"Stack+1","floor":21},{"not_picked":["Rebound+1","Recycle+1"],"picked":"Hologram+1","floor":22},{"not_picked":["Barrage+1","Leap+1"],"picked":"Loop+1","floor":24},{"not_picked":["Auto Shields+1","Go for the Eyes"],"picked":"Coolheaded+1","floor":25},{"not_picked":["Turbo+1","Steam+1"],"picked":"White Noise+1","floor":29},{"not_picked":["Barrage+1","Double Energy+1"],"picked":"Glacier+1","floor":30}],"player_experience":220139,"relics_obtained":[{"floor":6,"key":"Toxic Egg 2"},{"floor":9,"key":"Mummified Hand"},{"floor":26,"key":"Whetstone"}],"event_choices":[{"event_name":"Living Wall","player_choice":"Grow","floor":3,"damage_taken":0},{"event_name":"Golden Idol","player_choice":"Ignored","floor":4,"damage_taken":0},{"event_name":"Dead Adventurer","player_choice":"Searched \u00270\u0027 times","floor":13,"damage_taken":0},{"event_name":"The Library","player_choice":"Heal","floor":19,"damage_taken":0},{"event_name":"Ghosts","player_choice":"Ignored","floor":20,"damage_taken":0},{"event_name":"Addict","player_choice":"Obtained Relic","floor":28,"damage_taken":0},{"event_name":"Drug Dealer","player_choice":"Inject Mutagens","floor":31,"damage_taken":0}],"is_beta":false,"boss_relics":[{"not_picked":["FrozenCore","Eternal Feather"],"picked":"Nuclear Battery"}],"items_purged_floors":[14],"is_endless":false,"potions_floor_spawned":[1,2,8,10,18,22,25],"killed_by":"Collector","ascension_level":10}