{"gold_per_floor":[115,115,125,125,170,186,200,220,220,220,250,313,313,331,331,408,408,388,388,388,401,415,415,415,415,415,235,254,272,287,287],"floor_reached":31,"playtime":1557,"items_purged":["Strike_B"],"score":435,"play_id":"b66b724c-b8c8-4ebc-a508-fa6566462aa6","local_time":"20181001121816","is_ascension_mode":true,"campfire_choices":[{"data":"Ball Lightning","floor":10,"key":"SMITH"},{"data":"Creative AI","floor":13,"key":"SMITH"},{"data":"Zap","floor":15,"key":"SMITH"},{"data":"Buffer","floor":23,"key":"SMITH"},{"data":"Loop","floor":25,"key":"SMITH"}],"neow_cost":"NONE","seed_source_timestamp":1446640734181333,"circlet_count":0,"master_deck":["Strike_B","Defend_B","Defend_B","Defend_B","Defend_B","Zap+1","Dualcast","AscendersBane","Ball Lightning+1","Creative AI+1","Go for the Eyes","Rip and Tear","Glacier","Conserve Battery","Buffer+1","Cold Snap","Steam","Echo Form","Conserve Battery","Fusion","Blizzard","Loop+1","Capacitor","Coolheaded"],"relics":["Cracked Core","Orichalcum","Strawberry","Bottled Flame","Odd Mushroom","PreservedInsect","Nuclear Battery","Nloth\u0027s Gift","Mummified Hand"],"potions_floor_usage":[7,12,12,30],"damage_taken":[{"damage":3,"enemies":"Jaw Worm","floor":1,"turns":3},{"damage":0,"enemies":"Cultist","floor":3,"turns":3},{"damage":0,"enemies":"2 Louse","floor":6,"turns":2},{"damage":0,"enemies":"Gremlin Gang","floor":7,"turns":1},{"damage":3,"enemies":"3 Louse","floor":8,"turns":3},{"damage":13,"enemies":"The Mushroom Lair","floor":11,"turns":4},{"damage":18,"enemies":"Lagavulin Event","floor":12,"turns":6},{"damage":0,"enemies":"Blue Slaver","floor":14,"turns":3},{"damage":13,"enemies":"Hexaghost","floor":16,"turns":12},{"damage":6,"enemies":"2 Thieves","floor":18,"turns":4},{"damage":25,"enemies":"Chosen","floor":21,"turns":8},{"damage":15,"enemies":"Shelled Parasite and Fungi","floor":22,"turns":9},{"damage":2,"enemies":"Centurion and Healer","floor":28,"turns":9},{"damage":2,"enemies":"Snecko","floor":29,"turns":6},{"damage":3,"enemies":"Snake Plant","floor":30,"turns":4},{"damage":21,"enemies":"Cultist and Chosen","floor":31,"turns":3}],"seed_played":"-2515833587729511357","potions_obtained":[{"floor":3,"key":"Swift Potion"},{"floor":6,"key":"AttackPotion"},{"floor":7,"key":"Regen Potion"},{"floor":14,"key":"FearPotion"},{"floor":16,"key":"SpeedPotion"},{"floor":18,"key":"EssenceOfSteel"}],"is_trial":false,"path_per_floor":["M","?","M","?","T","M","M","M","T","R","?","?","R","M","R","B",null,"M","?","?","M","M","R","?","R","T","$","M","M","M"],"character_chosen":"DEFECT","items_purchased":["Capacitor","Coolheaded"],"campfire_rested":0,"item_purchase_floors":[27,27],"current_hp_per_floor":[61,61,61,61,68,68,68,65,65,65,52,46,46,46,46,33,67,61,61,61,36,21,21,21,21,21,21,19,17,14,0],"gold":287,"neow_bonus":"RANDOM_COMMON_RELIC","is_prod":false,"is_daily":false,"chose_seed":false,"campfire_upgraded":5,"win_rate":0,"timestamp":1538410696,"path_taken":["M","?","M","?","?","M","M","?","T","R","?","?","R","M","R","BOSS","M","?","?","M","M","R","?","R","T","$","M","M","M","?"],"build_version":"2018-09-27","purchased_purges":1,"victory":false,"max_hp_per_floor":[71,71,71,71,78,78,78,78,78,78,78,78,78,78,78,78,78,78,78,78,78,78,78,78,78,78,78,78,78,78,78],"card_choices":[{"not_picked":["Cold Snap","Beam Cell"],"picked":"Ball Lightning","floor":1},{"not_picked":["Double Energy","Sunder"],"picked":"Rip and Tear","floor":3},{"not_picked":["Conserve Battery","Heatsinks"],"picked":"Glacier","floor":6},{"not_picked":["Turbo","Rip and Tear"],"picked":"Conserve Battery","floor":7},{"not_picked":["Ball Lightning","Barrage"],"picked":"Buffer","floor":8},{"not_picked":["Sweeping Beam","Stack"],"picked":"Cold Snap","floor":11},{"not_picked":["Leap","Ball Lightning"],"picked":"Steam","floor":12},{"not_picked":["Barrage","Redo","Aggregate"],"picked":"SKIP","floor":14},{"not_picked":["Seek","Buffer"],"picked":"Echo Form","floor":16},{"not_picked":["Beam Cell","Rip and Tear"],"picked":"Conserve Battery","floor":18},{"not_picked":["Undo","Go for the Eyes"],"picked":"Blizzard","floor":21},{"not_picked":["Aggregate","Ball Lightning"],"picked":"Loop","floor":22},{"not_picked":["Beam Cell","Skim","Reinforced Body"],"picked":"SKIP","floor":28},{"not_picked":["Hello World","Reprogram","Ball Lightning"],"picked":"SKIP","floor":29},{"not_picked":["Compile Driver","Go for the Eyes","Turbo"],"picked":"SKIP","floor":30}],"player_experience":293826,"relics_obtained":[{"floor":5,"key":"Strawberry"},{"floor":9,"key":"Bottled Flame"},{"floor":11,"key":"Odd Mushroom"},{"floor":12,"key":"PreservedInsect"},{"floor":26,"key":"Mummified Hand"}],"event_choices":[{"event_name":"Match and Keep!","player_choice":"2 cards matched","floor":2,"damage_taken":0},{"event_name":"Bonfire Elementals","player_choice":"BASIC","floor":4,"damage_taken":0},{"event_name":"Mushrooms","player_choice":"Fought Mushrooms","floor":11,"damage_taken":0},{"event_name":"Dead Adventurer","player_choice":"Searched \u00271\u0027 times","floor":12,"damage_taken":0},{"event_name":"FaceTrader","player_choice":"Trade","floor":19,"damage_taken":0},{"event_name":"Transmorgrifier","player_choice":"Transform","floor":20,"damage_taken":0},{"event_name":"N\u0027loth","player_choice":"Traded a NlothsMask","floor":24,"damage_taken":0}],"is_beta":false,"boss_relics":[{"not_picked":["Astrolabe","Lizard Tail"],"picked":"Nuclear Battery"}],"items_purged_floors":[27],"is_endless":false,"potions_floor_spawned":[3,6,7,11,14,16,18,22],"killed_by":"Cultist and Chosen","ascension_level":18}