{"gold_per_floor":[109,109,121,137,35,366,366,379,379,379,379,399,410,262,262,359,359,379,66,83,83,83,83,103,133,133,133,146,146,159,159,159,254,254,265,118,118,131,149,176,188,188,213,213,223,223,223,254,254,254,254,254,76,111,111],"floor_reached":56,"playtime":2181,"items_purged":["Strike_G","Strike_G","Strike_G"],"score":1307,"play_id":"919e6bc1-6888-433a-816a-75920a42c305","local_time":"20181114221000","is_ascension_mode":false,"campfire_choices":[{"data":"Bouncing Flask","floor":7.0,"key":"SMITH"},{"data":"Noxious Fumes","floor":10.0,"key":"SMITH"},{"data":"Noxious Fumes","floor":15.0,"key":"SMITH"},{"floor":23.0,"key":"RECALL"},{"data":"Burst","floor":27.0,"key":"SMITH"},{"data":"Wraith Form v2","floor":32.0,"key":"SMITH"},{"data":"Bouncing Flask","floor":42,"key":"SMITH"},{"data":"Footwork","floor":44,"key":"SMITH"},{"data":"Footwork","floor":46,"key":"SMITH"},{"data":"Neutralize","floor":49,"key":"SMITH"},{"data":"Dodge and Roll","floor":52,"key":"SMITH"}],"neow_cost":"NONE","seed_source_timestamp":0,"circlet_count":0,"master_deck":["Defend_G","Defend_G","Defend_G","Defend_G","Defend_G","Survivor","Neutralize+1","Bouncing Flask+1","Footwork+1","Escape Plan","Noxious Fumes+1","Deflect","Burst+1","Footwork+1","Wraith Form v2+1","Crippling Poison","Blur","PiercingWail","Noxious Fumes+1","Corpse Explosion","Acrobatics","Dash","Adrenaline","Dodge and Roll+1","Dagger Spray+1","Well Laid Plans","Bouncing Flask+1","Adrenaline","Caltrops","PiercingWail"],"special_seed":0,"relics":["Ring of the Snake","Snake Skull","Old Coin","Mercury Hourglass","Cursed Key","Calipers","Sozu","Smiling Mask","PreservedInsect","Bag of Preparation","Juzu Bracelet"],"potions_floor_usage":[41,55],"damage_taken":[{"damage":3.0,"enemies":"Jaw Worm","floor":1.0,"turns":8.0},{"damage":0.0,"enemies":"Cultist","floor":3.0,"turns":3.0},{"damage":0.0,"enemies":"Small Slimes","floor":4.0,"turns":4.0},{"damage":4.0,"enemies":"Lagavulin","floor":6.0,"turns":6.0},{"damage":9.0,"enemies":"3 Louse","floor":8.0,"turns":3.0},{"damage":10.0,"enemies":"Exordium Thugs","floor":12.0,"turns":4.0},{"damage":0.0,"enemies":"Red Slaver","floor":13.0,"turns":4.0},{"damage":0.0,"enemies":"Hexaghost","floor":16.0,"turns":7.0},{"damage":0.0,"enemies":"Spheric Guardian","floor":18.0,"turns":2.0},{"damage":1.0,"enemies":"Shell Parasite","floor":20.0,"turns":6.0},{"damage":8.0,"enemies":"Centurion and Healer","floor":24.0,"turns":5.0},{"damage":1.0,"enemies":"Book of Stabbing","floor":25.0,"turns":7.0},{"damage":10.0,"enemies":"Snake Plant","floor":28.0,"turns":5.0},{"damage":0.0,"enemies":"Snecko","floor":30.0,"turns":5.0},{"damage":20.0,"enemies":"Collector","floor":33.0,"turns":5.0},{"damage":2,"enemies":"3 Darklings","floor":35,"turns":4},{"damage":4,"enemies":"Orb Walker","floor":38,"turns":3},{"damage":0,"enemies":"Maw","floor":39,"turns":8},{"damage":4,"enemies":"Giant Head","floor":40,"turns":9},{"damage":0,"enemies":"Transient","floor":41,"turns":5},{"damage":0,"enemies":"3 Darklings","floor":45,"turns":3},{"damage":1,"enemies":"Reptomancer","floor":48,"turns":5},{"damage":7,"enemies":"Awakened One","floor":50,"turns":13},{"damage":26,"enemies":"Shield and Spear","floor":54,"turns":4},{"damage":41,"enemies":"The Heart","floor":55,"turns":9}],"seed_played":"535438498951117729","potions_obtained":[{"floor":1.0,"key":"PowerPotion"},{"floor":3.0,"key":"EntropicBrew"},{"floor":6.0,"key":"GamblersBrew"},{"floor":12.0,"key":"EssenceOfSteel"},{"floor":25.0,"key":"Regen Potion"}],"is_trial":false,"path_per_floor":["M","?","M","M","$","E","R","M","T","R","?","M","M","$","R","B",null,"M","$","M","?","$","R","M","E","T","R","M","?","M","T","R","B",null,"M","$","?","M","M","E","M","R","T","R","M","R","?","E","R","B",null,"R","$","E","B",null],"character_chosen":"THE_SILENT","items_purchased":["Noxious Fumes","Deflect","Noxious Fumes","Calipers","Dodge and Roll","Caltrops","PiercingWail"],"campfire_rested":0,"item_purchase_floors":[5,5,14,19,36,53,53],"current_hp_per_floor":[67,67,67,67,67,63,63,54,54,54,54,44,44,44,44,44,70,70,70,69,70,70,70,62,61,61,61,51,51,51,51,51,46,70,68,68,68,64,64,60,60,60,60,60,60,60,60,59,59,52,70,70,70,44,3],"gold":111,"neow_bonus":"RANDOM_COMMON_RELIC","is_prod":false,"is_daily":false,"chose_seed":false,"campfire_upgraded":10,"win_rate":0,"timestamp":1542201000,"path_taken":["M","?","M","M","?","E","R","M","T","R","?","?","M","$","R","BOSS","M","$","M","?","?","R","M","E","T","R","?","?","?","?","R","BOSS","M","$","?","M","M","E","M","R","T","R","M","R","?","E","R","BOSS","R","$","E","BOSS"],"build_version":"2018-11-08","purchased_purges":3,"victory":true,"max_hp_per_floor":[70,70,70,70,70,70,70,70,70,70,70,70,70,70,70,70,70,70,70,70,70,70,70,70,70,70,70,70,70,70,70,70,70,70,70,70,70,70,70,70,70,70,70,70,70,70,70,70,70,70,70,70,70,70,70],"card_choices":[{"not_picked":["Caltrops","Infinite Blades"],"picked":"Bouncing Flask","floor":1.0},{"not_picked":["Masterful Stab","Quick Slash"],"picked":"Footwork","floor":3.0},{"not_picked":["Dagger Throw","Setup"],"picked":"Escape Plan","floor":4.0},{"not_picked":["Choke","Acrobatics"],"picked":"Burst","floor":6.0},{"not_picked":["Poisoned Stab","Setup"],"picked":"Footwork","floor":8.0},{"not_picked":["Blade Dance","Dagger Throw"],"picked":"Blur","floor":12.0},{"not_picked":["Bane","Setup"],"picked":"PiercingWail","floor":13.0},{"not_picked":["Grand Finale","Bullet Time"],"picked":"Corpse Explosion","floor":16.0},{"not_picked":["Outmaneuver+1","Noxious Fumes"],"picked":"Acrobatics","floor":18.0},{"not_picked":["Dagger Throw","Quick Slash+1","Prepared"],"picked":"SKIP","floor":20.0},{"not_picked":["Slice+1","Poisoned Stab","Outmaneuver+1"],"picked":"SKIP","floor":24.0},{"not_picked":["Finisher","Quick Slash","Underhanded Strike"],"picked":"SKIP","floor":25.0},{"not_picked":["Skewer","Blade Dance","Prepared"],"picked":"SKIP","floor":28.0},{"not_picked":["Storm of Steel","Flechettes","Poisoned Stab+1"],"picked":"SKIP","floor":30.0},{"not_picked":["Venomology","Storm of Steel"],"picked":"Adrenaline","floor":33.0},{"not_picked":["PiercingWail","Quick Slash","Prepared"],"picked":"SKIP","floor":35},{"not_picked":["Quick Slash+1","Cloak And Dagger"],"picked":"Dagger Spray+1","floor":38},{"not_picked":["Masterful Stab","Accuracy+1","Poisoned Stab"],"picked":"SKIP","floor":39},{"not_picked":["Choke","Blur"],"picked":"Well Laid Plans","floor":40},{"not_picked":["Noxious Fumes","Bane+1"],"picked":"Bouncing Flask","floor":41},{"not_picked":["All Out Attack+1","Dagger Spray+1","Quick Slash+1"],"picked":"SKIP","floor":45},{"not_picked":["Outmaneuver+1","Acrobatics+1"],"picked":"Adrenaline","floor":48},{"not_picked":["Flechettes","Infinite Blades","PiercingWail"],"picked":"SKIP","floor":54}],"player_experience":728676,"relics_obtained":[{"floor":6.0,"key":"Old Coin"},{"floor":9.0,"key":"Mercury Hourglass"},{"floor":40,"key":"Smiling Mask"},{"floor":43,"key":"PreservedInsect"},{"floor":48,"key":"Bag of Preparation"},{"floor":54,"key":"Juzu Bracelet"}],"event_choices":[{"cards_removed":["Strike_G"],"damage_healed":0.0,"max_hp_gain":0.0,"max_hp_loss":0.0,"gold_gain":0.0,"event_name":"Purifier","player_choice":"Purged","floor":2.0,"gold_loss":0.0,"damage_taken":0.0},{"damage_healed":0.0,"max_hp_gain":0.0,"max_hp_loss":0.0,"gold_gain":0.0,"event_name":"Match and Keep!","player_choice":"2 cards matched","floor":11.0,"gold_loss":0.0,"damage_taken":0.0,"cards_obtained":["Wraith Form v2","Crippling Poison"]},{"damage_healed":1.0,"max_hp_gain":0.0,"max_hp_loss":0.0,"gold_gain":0.0,"event_name":"Wheel of Change","player_choice":"Full Heal","floor":21.0,"gold_loss":0.0,"damage_taken":0.0},{"cards_removed":["Doubt"],"damage_healed":0.0,"max_hp_gain":0.0,"max_hp_loss":0.0,"gold_gain":0.0,"event_name":"NoteForYourself","player_choice":"Took Card","floor":29.0,"gold_loss":0.0,"damage_taken":0.0,"cards_obtained":["Dash"]},{"cards_removed":["Strike_G"],"damage_healed":0,"gold_gain":0,"player_choice":"Removed Attack","damage_taken":0,"max_hp_gain":0,"max_hp_loss":0,"event_name":"Falling","floor":37,"gold_loss":0},{"cards_removed":["Injury"],"damage_healed":0,"gold_gain":0,"player_choice":"Purged","damage_taken":0,"max_hp_gain":0,"max_hp_loss":0,"event_name":"Purifier","floor":47,"gold_loss":0}],"is_beta":false,"boss_relics":[{"not_picked":["Lizard Tail","Calling Bell"],"picked":"Cursed Key"},{"not_picked":["Orrery","Black Star"],"picked":"Sozu"}],"items_purged_floors":[14,36,53],"is_endless":false,"potions_floor_spawned":[1,3,6,12,16,20,24,25,35,38,39,48,54],"ascension_level":0}