{"path_per_floor":["M","M","M","?","?","R","E","T","T","E","$","R","M","M","R","B",null,"M","M","M","?","$","R","E","$","T","R","E","R","E","?","R","B",null,"M","M","?","$","?","R","M","E","T","R","?","E","$","M","R","B"],"character_chosen":"DEFECT","items_purchased":["Vajra","Bronze Scales","White Noise","Scrape"],"gold_per_floor":[109,125,143,143,143,143,174,248,248,279,101,101,115,134,134,235,235,205,205,205,205,0,0,0,0,0,0,0,0,0,0,0,0,0,0,0,0,0,0,0,0,0,0,0,0,0,0,0,0,0],"floor_reached":51,"campfire_rested":2,"playtime":3395,"item_purchase_floors":[11,22,22,22],"current_hp_per_floor":[67,66,59,59,44,44,34,34,34,20,20,42,39,33,33,63,72,75,75,75,75,75,75,55,55,55,55,30,52,55,55,55,28,63,66,67,67,67,85,85,66,61,61,61,61,61,61,60,60,49],"items_purged":["Strike_B"],"gold":0,"score":1104,"play_id":"45dd2edb-c7f8-4679-b31c-625bae8ed950","local_time":"20180531160639","is_prod":false,"is_daily":false,"chose_seed":false,"is_ascension_mode":true,"campfire_upgraded":8,"win_rate":0,"timestamp":1527775599,"campfire_choices":[{"data":"Dualcast","floor":6,"key":"SMITH"},{"floor":12,"key":"REST"},{"data":"Coolheaded","floor":15,"key":"SMITH"},{"data":"Hologram","floor":23,"key":"SMITH"},{"data":"Echo Form","floor":27,"key":"SMITH"},{"floor":29,"key":"REST"},{"data":"Creative AI","floor":32,"key":"SMITH"},{"data":"Hologram","floor":40,"key":"SMITH"},{"data":"Chill","floor":44,"key":"SMITH"},{"data":"Coolheaded","floor":49,"key":"SMITH"}],"path_taken":["M","M","M","?","?","R","E","?","T","E","$","R","M","M","R","BOSS","M","M","M","?","$","R","E","?","T","R","E","R","E","?","R","BOSS","M","M","?","$","?","R","?","E","T","R","?","E","?","M","R","BOSS"],"build_version":"2018-05-30v2","seed_source_timestamp":64670134770531,"purchased_purges":1,"victory":true,"master_deck":["Strike_B+1","Strike_B+1","Strike_B+1","Defend_B+1","Defend_B+1","Defend_B+1","Defend_B+1","Zap+1","Dualcast+1","Gash","Defragment+1","Cold Snap","Gash","Echo Form+1","Coolheaded+1","Leap","Genetic Algorithm","Hologram+1","White Noise","Scrape","Coolheaded+1","Creative AI+1","Rebound","All For One","Gash+1","Glacier","Hologram+1","Steam Power","Redo","Go for the Eyes+1","Stack+1","Chill+1","Hologram+1","Turbo+1"],"max_hp_per_floor":[75,75,75,75,75,75,75,75,75,75,75,75,75,75,75,75,75,75,75,75,75,75,75,75,75,75,75,75,75,75,75,75,75,75,75,75,75,75,85,85,85,85,85,85,85,85,85,85,85,85],"relics":["Cracked Core","Bag of Preparation","The Courier","Pantograph","Art of War","Vajra","Ectoplasm","Bronze Scales","Question Card","Pen Nib","Dodecahedron","DataDisk","Orrery","Red Mask","Boot","Blue Candle","Ornamental Fan"],"card_choices":[{"not_picked":["Turbo","Stack"],"picked":"Gash","floor":1},{"not_picked":["Leap","Stack"],"picked":"Defragment","floor":2},{"not_picked":["Doom and Gloom","Double Energy"],"picked":"Cold Snap","floor":3},{"not_picked":["Stack","Turbo"],"picked":"Gash","floor":7},{"not_picked":["Amplify","Aggregate"],"picked":"Echo Form","floor":10},{"not_picked":["Streamline","Recycle"],"picked":"Self Repair","floor":13},{"not_picked":["Ball Lightning","Leap"],"picked":"Coolheaded","floor":14},{"not_picked":["Meteor Strike","Hyperbeam"],"picked":"Buffer","floor":16},{"not_picked":["Darkness+1","Conserve Battery"],"picked":"Leap","floor":18},{"not_picked":["Consume","Rebound+1"],"picked":"Genetic Algorithm","floor":19},{"not_picked":["Melter","Go for the Eyes+1"],"picked":"Hologram","floor":20},{"not_picked":["Reinforced Body","Cold Snap"],"picked":"Coolheaded","floor":24},{"not_picked":["Sweeping Beam","Beam Cell","Streamline"],"picked":"Creative AI","floor":28},{"not_picked":["Streamline","Creative AI","Barrage"],"picked":"Rebound","floor":30},{"not_picked":["Electrodynamics","Meteor Strike","Seek"],"picked":"All For One","floor":33},{"not_picked":["Streamline","Stack","White Noise"],"picked":"Gash+1","floor":34},{"not_picked":["White Noise","Barrage","Go for the Eyes"],"picked":"Glacier","floor":34},{"not_picked":["Cold Snap","Rebound","Static Discharge+1"],"picked":"Hologram","floor":34},{"not_picked":["Compile Driver","Steam","Go for the Eyes"],"picked":"Steam Power","floor":34},{"not_picked":["Undo","Streamline","Cold Snap"],"picked":"Redo","floor":34},{"not_picked":["Rainbow","Tempest+1","Darkness","Streamline+1"],"picked":"SKIP","floor":35},{"not_picked":["Barrage+1","Beam Cell","Streamline"],"picked":"Go for the Eyes+1","floor":36},{"not_picked":["Chill","Static Discharge","Ball Lightning+1"],"picked":"Stack+1","floor":41},{"not_picked":["Streamline+1","Rainbow","Genetic Algorithm"],"picked":"Chill","floor":42},{"not_picked":["Chill","Gash","Force Field"],"picked":"Hologram+1","floor":46},{"not_picked":["Steam+1","Cold Snap+1","Sweeping Beam"],"picked":"Turbo+1","floor":48}],"player_experience":590465,"potions_floor_usage":[10,18,24,28,41,50,50,50],"damage_taken":[{"damage":1,"enemies":"2 Louse","floor":1,"turns":2},{"damage":1,"enemies":"Cultist","floor":2,"turns":3},{"damage":7,"enemies":"Jaw Worm","floor":3,"turns":4},{"damage":10,"enemies":"3 Sentries","floor":7,"turns":6},{"damage":23,"enemies":"Gremlin Nob","floor":10,"turns":4},{"damage":3,"enemies":"2 Fungi Beasts","floor":13,"turns":2},{"damage":13,"enemies":"Exordium Thugs","floor":14,"turns":3},{"damage":2,"enemies":"The Guardian","floor":16,"turns":8},{"damage":3,"enemies":"2 Thieves","floor":18,"turns":4},{"damage":0,"enemies":"Shell Parasite","floor":19,"turns":5},{"damage":0,"enemies":"Centurion and Healer","floor":20,"turns":8},{"damage":34,"enemies":"Book of Stabbing","floor":24,"turns":5},{"damage":32,"enemies":"Slavers","floor":28,"turns":6},{"damage":11,"enemies":"Gremlin Leader","floor":30,"turns":9},{"damage":54,"enemies":"Collector","floor":33,"turns":12},{"damage":11,"enemies":"3 Shapes","floor":35,"turns":10},{"damage":6,"enemies":"Flame Bruiser 1 Orb","floor":36,"turns":5},{"damage":26,"enemies":"3 Darklings","floor":41,"turns":4},{"damage":19,"enemies":"Nemesis","floor":42,"turns":7},{"damage":0,"enemies":"Giant Head","floor":46,"turns":7},{"damage":1,"enemies":"Spire Growth","floor":48,"turns":4},{"damage":36,"enemies":"Donu and Deca","floor":50,"turns":11}],"relics_obtained":[{"floor":7,"key":"Bag of Preparation"},{"floor":8,"key":"The Courier"},{"floor":9,"key":"Pantograph"},{"floor":10,"key":"Art of War"},{"floor":24,"key":"Question Card"},{"floor":26,"key":"Pen Nib"},{"floor":28,"key":"Dodecahedron"},{"floor":30,"key":"DataDisk"},{"floor":42,"key":"Boot"},{"floor":43,"key":"Blue Candle"},{"floor":46,"key":"Ornamental Fan"}],"event_choices":[{"event_name":"Upgrade Shrine","player_choice":"Upgraded","floor":4,"damage_taken":0},{"event_name":"Shining Light","player_choice":"Entered Light","floor":5,"damage_taken":0},{"event_name":"Vampires","player_choice":"Ignored","floor":21,"damage_taken":0},{"event_name":"Back to Basics","player_choice":"Simplicity","floor":31,"damage_taken":0},{"event_name":"Tomb of Lord Red Mask","player_choice":"Paid","floor":37,"damage_taken":0},{"event_name":"Bonfire Elementals","player_choice":"RARE","floor":39,"damage_taken":0}],"boss_relics":[{"not_picked":["Runic Pyramid","Snecko Eye"],"picked":"Ectoplasm"},{"not_picked":["White Beast Statue","Calling Bell"],"picked":"Orrery"}],"items_purged_floors":[11],"potions_floor_spawned":[7,13,19,20,30,33,35,42,48],"seed_played":"7004044439221199429","ascension_level":9,"potions_obtained":[{"floor":7,"key":"Regen Potion"},{"floor":13,"key":"Fire Potion"},{"floor":19,"key":"Explosive Potion"},{"floor":20,"key":"Poison Potion"},{"floor":30,"key":"EssenceOfSteel"},{"floor":33,"key":"SkillPotion"},{"floor":35,"key":"Ancient Potion"},{"floor":42,"key":"Block Potion"}],"is_trial":false}