{"gold_per_floor":[112,122,142,142,142,142,157,157,157,157,157],"floor_reached":11,"playtime":254,"items_purged":[],"score":126,"play_id":"461155de-08ec-4717-ab94-0644b83fdb24","local_time":"20190222003031","is_ascension_mode":true,"campfire_choices":[{"data":"Zap","floor":6,"key":"SMITH"},{"data":"Sunder","floor":8,"key":"SMITH"},{"data":"Consume","floor":10,"key":"SMITH"}],"neow_cost":"NONE","seed_source_timestamp":1348746283568500,"circlet_count":0,"master_deck":["AscendersBane","Strike_B","Strike_B","Strike_B","Defend_B","Defend_B","Defend_B","Defend_B","Zap+1","Dualcast","Static Discharge","Cold Snap","Consume+1","Sunder+1"],"relics":["Cracked Core","Bottled Tornado"],"potions_floor_usage":[11],"damage_taken":[{"damage":0,"enemies":"Cultist","floor":1,"turns":3},{"damage":1,"enemies":"Small Slimes","floor":2,"turns":4},{"damage":10,"enemies":"Jaw Worm","floor":3,"turns":2},{"damage":55,"enemies":"Exordium Thugs","floor":7,"turns":7},{"damage":4,"enemies":"3 Louse","floor":11,"turns":1}],"seed_played":"-6179129224985037545","potions_obtained":[{"floor":1,"key":"SteroidPotion"},{"floor":7,"key":"SpeedPotion"}],"is_trial":false,"path_per_floor":["M","M","M","?","?","R","M","R","T","R","M"],"character_chosen":"DEFECT","items_purchased":[],"campfire_rested":0,"item_purchase_floors":[],"current_hp_per_floor":[71,70,60,65,58,58,3,3,3,3,0],"gold":157,"neow_bonus":"TEN_PERCENT_HP_BONUS","is_prod":false,"is_daily":false,"chose_seed":false,"campfire_upgraded":3,"win_rate":0,"timestamp":1550824231,"path_taken":["M","M","M","?","?","R","M","R","T","R","M"],"build_version":"2019-01-23","purchased_purges":0,"victory":false,"max_hp_per_floor":[78,78,78,83,83,83,83,83,83,83,83],"card_choices":[{"not_picked":["Beam Cell","Rebound"],"picked":"Static Discharge","floor":1},{"not_picked":["Steam","Rebound"],"picked":"Cold Snap","floor":2},{"not_picked":["Hologram","Redo"],"picked":"Consume","floor":3},{"not_picked":["Stack","Sweeping Beam"],"picked":"Sunder","floor":7}],"player_experience":756967,"relics_obtained":[{"floor":9,"key":"Bottled Tornado"}],"event_choices":[{"damage_healed":0,"gold_gain":0,"player_choice":"Donut","damage_taken":0,"max_hp_gain":5,"max_hp_loss":0,"event_name":"Big Fish","floor":4,"gold_loss":0},{"cards_removed":["Strike_B"],"damage_healed":0,"gold_gain":0,"player_choice":"Card Removal","damage_taken":7,"max_hp_gain":0,"max_hp_loss":0,"event_name":"Golden Wing","floor":5,"gold_loss":0}],"is_beta":false,"boss_relics":[],"items_purged_floors":[],"is_endless":false,"potions_floor_spawned":[1,7],"killed_by":"3 Louse","ascension_level":20}