{"gold_per_floor":[118,118,68,91,111,154,154,154],"floor_reached":8,"playtime":298,"items_purged":[],"score":64,"play_id":"cab1e611-d21e-492b-8744-08486797adb9","local_time":"20190204221113","is_ascension_mode":true,"campfire_choices":[{"data":"Neutralize","floor":7.0,"key":"SMITH"}],"neow_cost":"NONE","seed_source_timestamp":0,"circlet_count":0,"master_deck":["Defend_G","Defend_G","Defend_G","Defend_G","Defend_G","Strike_G","Strike_G","Strike_G","Strike_G","Survivor","Neutralize+1","Infinite Blades","PiercingWail","Cloak And Dagger"],"special_seed":0,"relics":["Philosopher\u0027s Stone","Golden Idol","Juzu Bracelet"],"potions_floor_usage":[8],"damage_taken":[{"damage":0.0,"enemies":"Jaw Worm","floor":1.0,"turns":5.0},{"damage":0.0,"enemies":"2 Louse","floor":4.0,"turns":3.0},{"damage":1.0,"enemies":"Cultist","floor":5.0,"turns":4.0},{"damage":12.0,"enemies":"Lagavulin","floor":6.0,"turns":10.0},{"damage":26,"enemies":"Gremlin Nob","floor":8,"turns":4}],"seed_played":"-8792823875155226434","potions_obtained":[{"floor":1.0,"key":"Weak Potion"},{"floor":6.0,"key":"SneckoOil"}],"is_trial":false,"path_per_floor":["M","?","?","M","M","E","R","E"],"character_chosen":"THE_SILENT","items_purchased":[],"campfire_rested":0,"item_purchase_floors":[],"current_hp_per_floor":[70,53,53,53,52,40,40,14],"gold":154,"neow_bonus":"BOSS_RELIC","is_prod":false,"is_daily":false,"chose_seed":false,"campfire_upgraded":1,"win_rate":0,"timestamp":1549307473,"path_taken":["M","?","?","M","?","E","R","E"],"build_version":"2019-01-23","purchased_purges":0,"victory":false,"max_hp_per_floor":[70,70,70,70,70,70,70,70],"card_choices":[{"not_picked":["Prepared","Deadly Poison"],"picked":"Infinite Blades","floor":1.0},{"not_picked":["Dodge and Roll","Flying Knee"],"picked":"PiercingWail","floor":4.0},{"not_picked":["Outmaneuver","Predator"],"picked":"Cloak And Dagger","floor":5.0},{"not_picked":["Poisoned Stab","All Out Attack","Storm of Steel"],"picked":"SKIP","floor":6.0}],"player_experience":249658,"relics_obtained":[{"floor":6.0,"key":"Juzu Bracelet"}],"event_choices":[{"damage_healed":0.0,"max_hp_gain":0.0,"max_hp_loss":0.0,"gold_gain":0.0,"event_name":"Golden Idol","player_choice":"Take Damage","floor":2.0,"gold_loss":0.0,"damage_taken":17.0,"relics_obtained":["Golden Idol"]},{"cards_removed":["Strike_G"],"damage_healed":0.0,"max_hp_gain":0.0,"max_hp_loss":0.0,"gold_gain":0.0,"event_name":"The Cleric","player_choice":"Card Removal","floor":3.0,"gold_loss":50.0,"damage_taken":0.0}],"is_beta":false,"boss_relics":[],"items_purged_floors":[],"is_endless":false,"potions_floor_spawned":[1,6],"killed_by":"Gremlin Nob","ascension_level":3}