{"gold_per_floor":[109,121,196,206,166,166,22,36,36,47,75,75,104,117,117,221,221,233,8,8,23,43,43,73,73,99,129,144,163,192,207,207,310,310,322,333,350,69,81,81,114,114,114,149,149,161,195,211,211,211,211,211,3,29,29],"floor_reached":55,"playtime":3519,"items_purged":[],"score":987,"play_id":"f74710bb-e335-4d0c-9a07-a30d1f5f7d7d","local_time":"20190116020226","is_ascension_mode":true,"campfire_choices":[{"data":"Backflip","floor":6,"key":"SMITH"},{"data":"A Thousand Cuts","floor":12,"key":"SMITH"},{"data":"Blade Dance","floor":15,"key":"SMITH"},{"data":"Accuracy","floor":23,"key":"SMITH"},{"floor":25,"key":"RECALL"},{"data":"Accuracy","floor":32,"key":"SMITH"},{"data":"A Thousand Cuts","floor":40,"key":"SMITH"},{"data":"Storm of Steel","floor":42,"key":"SMITH"},{"data":"After Image","floor":49,"key":"SMITH"},{"data":"Infinite Blades","floor":52,"key":"SMITH"}],"neow_cost":"NONE","seed_source_timestamp":463950021723200,"circlet_count":0,"master_deck":["Defend_G","Defend_G","Defend_G","Defend_G+1","Defend_G","Strike_G","Strike_G","Strike_G","Strike_G","Strike_G","Survivor","Neutralize","Backflip+1","Predator","Endless Agony","A Thousand Cuts+1","Blade Dance+1","PiercingWail","Dash","Dodge and Roll","Storm of Steel+1","PiercingWail+1","Accuracy+1","Blade Dance","Cloak And Dagger","Backflip+1","Accuracy+1","Predator+1","Blade Dance","Terror","A Thousand Cuts+1","Cloak And Dagger+1","Blade Dance+1","Infinite Blades+1","PiercingWail","Well Laid Plans","After Image+1","Dagger Spray","Choke","Noxious Fumes+1","PiercingWail","Malaise","Footwork","Distraction+1"],"relics":["Ring of the Snake","Anchor","Oddly Smooth Stone","Mercury Hourglass","Mango","Blood Vial","Coffee Dripper","Bird Faced Urn","Bronze Scales","Sundial","Snake Skull","WristBlade","Medical Kit","War Paint","Ancient Tea Set","Dream Catcher","Lantern"],"potions_floor_usage":[11,11,16,21,22,27,29,37,37,37,37,37,44,54,55],"damage_taken":[{"damage":0,"enemies":"2 Louse","floor":1,"turns":2},{"damage":0,"enemies":"Jaw Worm","floor":2,"turns":5},{"damage":0,"enemies":"Cultist","floor":4,"turns":3},{"damage":2,"enemies":"Exordium Thugs","floor":8,"turns":4},{"damage":0,"enemies":"Gremlin Gang","floor":10,"turns":4},{"damage":24,"enemies":"Gremlin Nob","floor":11,"turns":4},{"damage":1,"enemies":"Lagavulin","floor":13,"turns":7},{"damage":0,"enemies":"Looter","floor":14,"turns":3},{"damage":21,"enemies":"Hexaghost","floor":16,"turns":11},{"damage":0,"enemies":"3 Byrds","floor":18,"turns":3},{"damage":6,"enemies":"2 Thieves","floor":21,"turns":3},{"damage":0,"enemies":"Snake Plant","floor":22,"turns":3},{"damage":0,"enemies":"Book of Stabbing","floor":24,"turns":5},{"damage":5,"enemies":"Slavers","floor":27,"turns":4},{"damage":9,"enemies":"Snecko","floor":28,"turns":4},{"damage":12,"enemies":"Shelled Parasite and Fungi","floor":29,"turns":4},{"damage":7,"enemies":"Book of Stabbing","floor":30,"turns":5},{"damage":0,"enemies":"3 Cultists","floor":31,"turns":4},{"damage":55,"enemies":"Automaton","floor":33,"turns":9},{"damage":1,"enemies":"3 Shapes","floor":35,"turns":3},{"damage":12,"enemies":"3 Darklings","floor":36,"turns":3},{"damage":0,"enemies":"Transient","floor":37,"turns":5},{"damage":22,"enemies":"Writhing Mass","floor":39,"turns":6},{"damage":8,"enemies":"Reptomancer","floor":41,"turns":6},{"damage":37,"enemies":"Giant Head","floor":44,"turns":7},{"damage":5,"enemies":"3 Darklings","floor":46,"turns":3},{"damage":27,"enemies":"Reptomancer","floor":47,"turns":5},{"damage":1,"enemies":"Jaw Worm Horde","floor":48,"turns":4},{"damage":45,"enemies":"Time Eater","floor":50,"turns":9},{"damage":61,"enemies":"Shield and Spear","floor":54,"turns":5},{"damage":42,"enemies":"The Heart","floor":55,"turns":3}],"seed_played":"-6967021722903076603","potions_obtained":[{"floor":5,"key":"Energy Potion"},{"floor":5,"key":"SkillPotion"},{"floor":5,"key":"Strength Potion"},{"floor":11,"key":"AttackPotion"},{"floor":18,"key":"Poison Potion"},{"floor":21,"key":"Energy Potion"},{"floor":28,"key":"Dexterity Potion"},{"floor":29,"key":"Fruit Juice"},{"floor":33,"key":"EntropicBrew"},{"floor":37,"key":"AttackPotion"},{"floor":48,"key":"Block Potion"}],"is_trial":false,"path_per_floor":["M","M","?","M","?","R","$","M","T","M","E","R","E","M","R","B",null,"M","$","?","M","M","R","E","R","T","E","M","M","E","M","R","B",null,"M","M","M","$","M","R","E","R","T","E","?","M","E","M","R","B",null,"R","$","E","B"],"character_chosen":"THE_SILENT","items_purchased":["Oddly Smooth Stone","Accuracy","Blade Dance","Cloak And Dagger","PowerPotion","Infinite Blades","Medical Kit","Malaise","Footwork"],"campfire_rested":0,"item_purchase_floors":[7,19,19,19,19,38,38,53,53],"current_hp_per_floor":[70,70,59,59,59,59,59,57,57,57,47,47,46,48,48,29,84,84,84,76,72,74,74,76,76,76,79,75,76,77,85,85,38,89,88,77,85,85,75,75,77,77,77,52,52,57,38,43,43,16,89,89,89,34,0],"gold":29,"neow_bonus":"RANDOM_COMMON_RELIC","is_prod":false,"is_daily":false,"chose_seed":false,"campfire_upgraded":9,"win_rate":0,"timestamp":1547632946,"path_taken":["M","M","?","M","?","R","$","M","T","M","E","R","E","?","R","BOSS","M","$","?","M","M","R","E","R","T","E","M","M","E","M","R","BOSS","M","M","?","$","M","R","E","R","T","E","?","M","E","M","R","BOSS","R","$","E","BOSS"],"build_version":"2019-01-10","purchased_purges":0,"victory":false,"max_hp_per_floor":[70,70,70,70,70,70,70,70,70,70,84,84,84,84,84,84,84,84,84,84,84,84,84,84,84,84,84,84,89,89,89,89,89,89,89,89,89,89,89,89,89,89,89,89,89,89,89,89,89,89,89,89,89,89,89],"card_choices":[{"not_picked":["Dodge and Roll","Heel Hook"],"picked":"Backflip","floor":1},{"not_picked":["Deflect","Acrobatics"],"picked":"Predator","floor":2},{"not_picked":["Dagger Throw","Deadly Poison"],"picked":"Endless Agony","floor":4},{"not_picked":["Expertise","Dagger Spray"],"picked":"A Thousand Cuts","floor":8},{"not_picked":["Terror","Backflip"],"picked":"Blade Dance","floor":10},{"not_picked":["Flechettes","Calculated Gamble"],"picked":"PiercingWail","floor":11},{"not_picked":["Bouncing Flask","Expertise"],"picked":"Dash","floor":13},{"not_picked":["Slice","Escape Plan"],"picked":"Dodge and Roll","floor":14},{"not_picked":["Doppelganger","Grand Finale"],"picked":"Storm of Steel","floor":16},{"not_picked":["Finisher","Cloak And Dagger+1"],"picked":"PiercingWail+1","floor":18},{"not_picked":["All Out Attack","Choke+1"],"picked":"Backflip+1","floor":21},{"not_picked":["Dodge and Roll+1","Flechettes"],"picked":"Accuracy","floor":22},{"not_picked":["Riddle With Holes","Catalyst+1"],"picked":"Predator+1","floor":24},{"not_picked":["Setup","Quick Slash"],"picked":"Blade Dance","floor":27},{"not_picked":["Escape Plan","Backstab","Acrobatics"],"picked":"SKIP","floor":28},{"not_picked":["Dagger Spray","Dash","Poisoned Stab"],"picked":"SKIP","floor":29},{"not_picked":["Tactician","Quick Slash"],"picked":"Terror","floor":30},{"not_picked":["Dagger Throw","Dagger Spray","Quick Slash"],"picked":"SKIP","floor":31},{"not_picked":["Phantasmal Killer","Doppelganger"],"picked":"A Thousand Cuts","floor":33},{"not_picked":["Deadly Poison","All Out Attack","Bane+1"],"picked":"SKIP","floor":35},{"not_picked":["Prepared","Burst"],"picked":"Cloak And Dagger","floor":36},{"not_picked":["Outmaneuver+1","Slice"],"picked":"Blade Dance+1","floor":37},{"not_picked":["Slice+1","Deadly Poison","Outmaneuver+1"],"picked":"SKIP","floor":39},{"not_picked":["Blade Dance+1","Concentrate"],"picked":"PiercingWail","floor":41},{"not_picked":["Underhanded Strike","Expertise"],"picked":"Well Laid Plans","floor":44},{"not_picked":["Outmaneuver+1","Distraction","Expertise+1"],"picked":"SKIP","floor":46},{"not_picked":["Dash","Caltrops"],"picked":"Noxious Fumes+1","floor":47},{"not_picked":["Outmaneuver+1","Slice+1"],"picked":"PiercingWail","floor":48},{"not_picked":["Corpse Explosion","Outmaneuver+1"],"picked":"Distraction+1","floor":54}],"player_experience":489942,"relics_obtained":[{"floor":9,"key":"Mercury Hourglass"},{"floor":11,"key":"Mango"},{"floor":13,"key":"Blood Vial"},{"floor":24,"key":"Bird Faced Urn"},{"floor":26,"key":"Bronze Scales"},{"floor":27,"key":"Sundial"},{"floor":30,"key":"Snake Skull"},{"floor":41,"key":"War Paint"},{"floor":44,"key":"Ancient Tea Set"},{"floor":47,"key":"Dream Catcher"},{"floor":54,"key":"Lantern"}],"event_choices":[{"damage_healed":0,"gold_gain":75,"player_choice":"Gather Gold","damage_taken":11,"max_hp_gain":0,"max_hp_loss":0,"event_name":"World of Goop","floor":3,"gold_loss":0},{"damage_healed":0,"gold_gain":0,"player_choice":"Bought 3 Potions","damage_taken":0,"max_hp_gain":0,"max_hp_loss":0,"event_name":"The Woman in Blue","floor":5,"gold_loss":0},{"damage_healed":0,"gold_gain":0,"player_choice":"","damage_taken":8,"max_hp_gain":0,"max_hp_loss":0,"event_name":"Knowing Skull","floor":20,"potions_obtained":[],"gold_loss":0,"cards_obtained":[]},{"damage_healed":0,"gold_gain":0,"player_choice":"3 cards matched","damage_taken":0,"max_hp_gain":0,"max_hp_loss":0,"event_name":"Match and Keep!","floor":45,"gold_loss":0,"cards_obtained":["After Image","Dagger Spray","Choke"]}],"is_beta":false,"boss_relics":[{"not_picked":["Ectoplasm","Snecko Eye"],"picked":"Coffee Dripper"},{"not_picked":["Orrery","Pandora\u0027s Box"],"picked":"WristBlade"}],"items_purged_floors":[],"is_endless":false,"potions_floor_spawned":[8,11,18,21,28,29,33,35,37,48],"killed_by":"The Heart","ascension_level":2}