{"gold_per_floor":[117,117,392,3,17,50,50,90,114,114,138,138,138,151,151,276,276,289,289,313,238,158,158,158],"floor_reached":24,"playtime":1142,"items_purged":["Regret"],"score":247,"play_id":"8c974e0b-9668-4c2b-ba00-afbc5b1734ef","local_time":"20190128211553","is_ascension_mode":true,"campfire_choices":[{"floor":10,"key":"REST"},{"floor":12,"key":"RECALL"},{"data":"Power Through","floor":15,"key":"SMITH"},{"floor":23,"key":"REST"}],"neow_cost":"CURSE","seed_source_timestamp":1719896378840003,"circlet_count":0,"master_deck":["Strike_R","Strike_R","Strike_R","Strike_R","Strike_R","Defend_R","Defend_R","Defend_R","Defend_R","Bash","Power Through+1","True Grit+1","Havoc+1","Second Wind+1","Shrug It Off+1","Disarm+1","Armaments+1","Feed","Clothesline+1","RitualDagger","Warcry+1","Perfected Strike","Iron Wave"],"relics":["Burning Blood","Golden Idol","Toxic Egg 2","Juzu Bracelet","WingedGreaves","Philosopher\u0027s Stone"],"potions_floor_usage":[6,16,24],"damage_taken":[{"damage":11,"enemies":"Cultist","floor":1,"turns":4},{"damage":0,"enemies":"2 Louse","floor":5,"turns":4},{"damage":26,"enemies":"Gremlin Nob","floor":6,"turns":4},{"damage":48,"enemies":"Lagavulin","floor":8,"turns":10},{"damage":3,"enemies":"Small Slimes","floor":11,"turns":4},{"damage":6,"enemies":"Exordium Wildlife","floor":14,"turns":5},{"damage":53,"enemies":"The Guardian","floor":16,"turns":24},{"damage":52,"enemies":"Spheric Guardian","floor":18,"turns":9},{"damage":10,"enemies":"Shell Parasite","floor":20,"turns":9},{"damage":74,"enemies":"Gremlin Leader","floor":24,"turns":4}],"seed_played":"-3940360019930344987","potions_obtained":[{"floor":1,"key":"SteroidPotion"},{"floor":11,"key":"Ancient Potion"},{"floor":16,"key":"PowerPotion"},{"floor":20,"key":"Ancient Potion"}],"is_trial":false,"path_per_floor":["M","?","?","$","M","E","?","E","T","R","M","R","?","M","R","B",null,"M","?","M","?","$","R","E"],"character_chosen":"IRONCLAD","items_purchased":["Toxic Egg 2","True Grit+1","Perfected Strike","Iron Wave"],"campfire_rested":2,"item_purchase_floors":[4,4,22,22],"current_hp_per_floor":[91,67,67,67,73,53,53,11,11,39,42,42,74,74,74,27,96,53,47,43,43,43,72,0],"gold":158,"neow_bonus":"TWENTY_PERCENT_HP_BONUS","is_prod":false,"is_daily":false,"chose_seed":false,"campfire_upgraded":1,"win_rate":0,"timestamp":1548728153,"path_taken":["M","?","?","$","M","E","?","E","T","R","M","R","?","M","R","BOSS","M","?","M","?","$","R","E"],"build_version":"2019-01-23","purchased_purges":1,"victory":false,"max_hp_per_floor":[96,96,96,96,96,96,96,96,96,96,96,96,96,96,96,96,96,99,99,99,99,99,99,99],"card_choices":[{"not_picked":["Perfected Strike","Fire Breathing"],"picked":"Power Through","floor":1},{"not_picked":["Rampage","Combust"],"picked":"Havoc+1","floor":5},{"not_picked":["Disarm+1","Armaments+1"],"picked":"Second Wind+1","floor":6},{"not_picked":["Headbutt","Anger"],"picked":"Shrug It Off+1","floor":8},{"not_picked":["Reckless Charge","Sword Boomerang"],"picked":"Disarm+1","floor":11},{"not_picked":["Barricade","Metallicize"],"picked":"Armaments+1","floor":14},{"not_picked":["Immolate","Brutality"],"picked":"Feed","floor":16},{"not_picked":["Warcry+1","Carnage"],"picked":"Clothesline+1","floor":18},{"not_picked":["Reckless Charge","Searing Blow"],"picked":"Warcry+1","floor":20}],"player_experience":114617,"relics_obtained":[{"floor":6,"key":"Juzu Bracelet"},{"floor":8,"key":"WingedGreaves"}],"event_choices":[{"damage_healed":0,"gold_gain":0,"player_choice":"Take Damage","damage_taken":24,"relics_obtained":["Golden Idol"],"max_hp_gain":0,"max_hp_loss":0,"event_name":"Golden Idol","floor":2,"gold_loss":0},{"damage_healed":0,"gold_gain":275,"player_choice":"Desecrate","damage_taken":0,"max_hp_gain":0,"max_hp_loss":0,"event_name":"Golden Shrine","floor":3,"gold_loss":0,"cards_obtained":["Regret"]},{"damage_healed":0,"gold_gain":0,"player_choice":"Fled","damage_taken":0,"max_hp_gain":0,"max_hp_loss":0,"event_name":"Scrap Ooze","floor":7,"gold_loss":0},{"damage_healed":32,"gold_gain":0,"player_choice":"Banana","damage_taken":0,"max_hp_gain":0,"max_hp_loss":0,"event_name":"Big Fish","floor":13,"gold_loss":0},{"damage_healed":0,"gold_gain":0,"player_choice":"Joined the Cult","damage_taken":6,"max_hp_gain":0,"max_hp_loss":0,"event_name":"Nest","floor":19,"gold_loss":0,"cards_obtained":["RitualDagger"]},{"cards_removed":["Clumsy"],"damage_healed":0,"gold_gain":0,"player_choice":"Gave Gold","damage_taken":0,"max_hp_gain":0,"max_hp_loss":0,"event_name":"Beggar","floor":21,"gold_loss":75}],"is_beta":false,"boss_relics":[{"not_picked":["Pandora\u0027s Box","Orrery"],"picked":"Philosopher\u0027s Stone"}],"items_purged_floors":[4],"is_endless":false,"potions_floor_spawned":[1,11,16,20],"killed_by":"Gremlin Leader","ascension_level":2}