{"gold_per_floor":[116,116,116,135,145,177,177,203,273,294,294,313,327,355,355,450,450,470,470,490,590,602,661,688,688],"floor_reached":25,"playtime":1209,"items_purged":[],"score":255,"play_id":"84aa898c-e797-42ae-9763-25162fa80f86","local_time":"20190223124937","is_ascension_mode":true,"campfire_choices":[{"data":"Bouncing Flask","floor":7,"key":"SMITH"},{"data":"Crippling Poison","floor":15,"key":"SMITH"}],"neow_cost":"NONE","seed_source_timestamp":754788811088518,"circlet_count":0,"master_deck":["Defend_G","Defend_G","Defend_G","Defend_G","Defend_G","Strike_G","Strike_G","Strike_G","Strike_G","Strike_G","Survivor","Neutralize","Dagger Throw","PiercingWail","Bouncing Flask+1","Dagger Spray","Poisoned Stab","PiercingWail","Crippling Poison+1","Deadly Poison","Corpse Explosion","Regret","Sucker Punch+1","Catalyst","Backstab"],"relics":["Ring of the Snake","NeowsBlessing","Turnip","CultistMask","Omamori","Meat on the Bone","Odd Mushroom","Pen Nib","Lantern","Calling Bell","Ornamental Fan","Potion Belt","Ginger","Tiny Chest","Red Mask"],"potions_floor_usage":[6,19,23,23],"damage_taken":[{"damage":0,"enemies":"Small Slimes","floor":1,"turns":1},{"damage":0,"enemies":"2 Louse","floor":4,"turns":1},{"damage":0,"enemies":"Cultist","floor":5,"turns":1},{"damage":30,"enemies":"3 Sentries","floor":6,"turns":14},{"damage":3,"enemies":"Lagavulin","floor":8,"turns":7},{"damage":5,"enemies":"The Mushroom Lair","floor":10,"turns":4},{"damage":0,"enemies":"2 Fungi Beasts","floor":12,"turns":4},{"damage":0,"enemies":"Looter","floor":13,"turns":3},{"damage":12,"enemies":"Gremlin Nob","floor":14,"turns":3},{"damage":44,"enemies":"Slime Boss","floor":16,"turns":11},{"damage":17,"enemies":"2 Thieves","floor":18,"turns":3},{"damage":0,"enemies":"3 Byrds","floor":19,"turns":2},{"damage":10,"enemies":"Snecko","floor":20,"turns":5},{"damage":21,"enemies":"Centurion and Healer","floor":22,"turns":5},{"damage":37,"enemies":"Book of Stabbing","floor":23,"turns":7},{"damage":7,"enemies":"Masked Bandits","floor":24,"turns":3},{"damage":22,"enemies":"Slavers","floor":25,"turns":2}],"seed_played":"1545693685380196368","potions_obtained":[{"floor":1,"key":"PowerPotion"},{"floor":5,"key":"Fruit Juice"},{"floor":8,"key":"Ancient Potion"},{"floor":14,"key":"SmokeBomb"},{"floor":22,"key":"Poison Potion"}],"is_trial":false,"path_per_floor":["M","?","?","M","M","E","R","E","T","?","?","M","M","E","R","B",null,"M","M","M","?","M","E","?","E"],"character_chosen":"THE_SILENT","items_purchased":[],"campfire_rested":0,"item_purchase_floors":[],"current_hp_per_floor":[70,58,58,58,58,33,33,30,30,37,37,49,49,49,49,17,75,58,58,48,48,39,14,19,0],"gold":688,"neow_bonus":"THREE_ENEMY_KILL","is_prod":false,"is_daily":false,"chose_seed":false,"campfire_upgraded":2,"win_rate":0,"timestamp":1550944177,"path_taken":["M","?","?","M","?","E","R","E","T","?","?","?","M","E","R","BOSS","M","M","M","?","?","E","?","E"],"build_version":"2019-01-23","purchased_purges":0,"victory":false,"max_hp_per_floor":[70,70,70,70,70,75,75,75,75,75,75,75,75,75,75,75,75,75,75,75,75,75,75,75,75],"card_choices":[{"not_picked":["Endless Agony","Reflex"],"picked":"Dagger Throw","floor":1},{"not_picked":["Finisher","Expertise"],"picked":"PiercingWail","floor":4},{"not_picked":["PiercingWail","Dagger Throw","Sucker Punch"],"picked":"SKIP","floor":5},{"not_picked":["Quick Slash","Poisoned Stab"],"picked":"Bouncing Flask","floor":6},{"not_picked":["Slice","Backflip"],"picked":"Dagger Spray","floor":8},{"not_picked":["Skewer","Quick Slash"],"picked":"Poisoned Stab","floor":10},{"not_picked":["Accuracy","Malaise"],"picked":"PiercingWail","floor":12},{"not_picked":["Deflect","Blade Dance"],"picked":"Crippling Poison","floor":13},{"not_picked":["Flying Knee","Malaise"],"picked":"Deadly Poison","floor":14},{"not_picked":["Die Die Die","Tools of the Trade"],"picked":"Corpse Explosion","floor":16},{"not_picked":["Cloak And Dagger+1","Flying Knee"],"picked":"Sucker Punch+1","floor":18},{"not_picked":["Sucker Punch","Cloak And Dagger+1","Masterful Stab"],"picked":"SKIP","floor":20},{"not_picked":["Deadly Poison","PiercingWail","Slice"],"picked":"SKIP","floor":22},{"not_picked":["Dagger Spray","Outmaneuver"],"picked":"Catalyst","floor":23},{"not_picked":["Underhanded Strike","Grand Finale"],"picked":"Backstab","floor":24}],"player_experience":222686,"relics_obtained":[{"floor":6,"key":"Omamori"},{"floor":8,"key":"Meat on the Bone"},{"floor":10,"key":"Odd Mushroom"},{"floor":11,"key":"Pen Nib"},{"floor":14,"key":"Lantern"},{"floor":17,"key":"Ornamental Fan"},{"floor":17,"key":"Potion Belt"},{"floor":17,"key":"Ginger"},{"floor":23,"key":"Tiny Chest"},{"floor":24,"key":"Red Mask"}],"event_choices":[{"damage_healed":0,"gold_gain":0,"player_choice":"Success","damage_taken":12,"relics_obtained":["Turnip"],"max_hp_gain":0,"max_hp_loss":0,"event_name":"Scrap Ooze","floor":2,"gold_loss":0},{"damage_healed":0,"gold_gain":0,"player_choice":"Trade","damage_taken":0,"relics_obtained":["CultistMask"],"max_hp_gain":0,"max_hp_loss":0,"event_name":"FaceTrader","floor":3,"gold_loss":0},{"damage_healed":0,"gold_gain":0,"player_choice":"Fought Mushrooms","damage_taken":0,"max_hp_gain":0,"max_hp_loss":0,"event_name":"Mushrooms","floor":10,"gold_loss":0},{"damage_healed":0,"gold_gain":0,"player_choice":"Relic","damage_taken":0,"max_hp_gain":0,"max_hp_loss":0,"event_name":"Wheel of Change","floor":11,"gold_loss":0},{"damage_healed":0,"gold_gain":100,"player_choice":"Pray","damage_taken":0,"max_hp_gain":0,"max_hp_loss":0,"event_name":"Golden Shrine","floor":21,"gold_loss":0},{"damage_healed":0,"gold_gain":0,"player_choice":"Fought Bandits","damage_taken":0,"max_hp_gain":0,"max_hp_loss":0,"event_name":"Masked Bandits","floor":24,"gold_loss":0}],"is_beta":false,"boss_relics":[{"not_picked":["Tiny House","Runic Pyramid"],"picked":"Calling Bell"}],"items_purged_floors":[],"is_endless":false,"potions_floor_spawned":[1,5,8,14,16,19,22],"killed_by":"Slavers","ascension_level":1}