{"gold_per_floor":[118,131,56,72,72,111,111,286,335,354,9,9,9,9,9,140,140,154,173,186,61,76,76],"floor_reached":23,"playtime":2693,"items_purged":["Strike_G","Doubt","Strike_G"],"score":220,"play_id":"39cbcdc2-09cd-45f9-bbb3-051f00ff507f","local_time":"20190306163344","is_ascension_mode":true,"campfire_choices":[{"data":"Outmaneuver","floor":7,"key":"SMITH"},{"data":"Acrobatics","floor":12,"key":"SMITH"},{"floor":15,"key":"REST"}],"neow_cost":"NONE","seed_source_timestamp":1807873769104641,"circlet_count":0,"master_deck":["Defend_G","Defend_G","Defend_G","Defend_G","Strike_G","Survivor","Neutralize+1","Outmaneuver+1","Dash","Acrobatics+1","Predator","Phantasmal Killer","Deflect"],"relics":["Ring of the Snake","Golden Idol","Bronze Scales","Happy Flower","Bottled Lightning","Dead Branch","Empty Cage"],"potions_floor_usage":[6,16,22,22,23],"damage_taken":[{"damage":0,"enemies":"2 Louse","floor":1,"turns":3},{"damage":0,"enemies":"Small Slimes","floor":2,"turns":5},{"damage":2,"enemies":"Jaw Worm","floor":4,"turns":7},{"damage":27,"enemies":"3 Sentries","floor":6,"turns":15},{"damage":0,"enemies":"2 Fungi Beasts","floor":10,"turns":4},{"damage":27,"enemies":"The Guardian","floor":16,"turns":12},{"damage":2,"enemies":"3 Byrds","floor":18,"turns":2},{"damage":11,"enemies":"Chosen","floor":19,"turns":5},{"damage":19,"enemies":"Shelled Parasite and Fungi","floor":20,"turns":8},{"damage":14,"enemies":"Centurion and Healer","floor":22,"turns":13},{"damage":22,"enemies":"Slavers","floor":23,"turns":3}],"seed_played":"743199554711932041","potions_obtained":[{"floor":4,"key":"EssenceOfSteel"},{"floor":10,"key":"SkillPotion"},{"floor":16,"key":"FearPotion"},{"floor":19,"key":"GhostInAJar"},{"floor":20,"key":"EssenceOfSteel"},{"floor":22,"key":"AttackPotion"}],"is_trial":false,"path_per_floor":["M","M","$","M","?","E","R","?","T","M","$","R","?","?","R","B",null,"M","M","M","$","M","E"],"character_chosen":"THE_SILENT","items_purchased":["Bottled Lightning"],"campfire_rested":1,"item_purchase_floors":[11],"current_hp_per_floor":[70,70,70,68,51,24,24,24,24,24,24,24,17,10,31,4,70,68,57,38,38,24,2],"gold":76,"neow_bonus":"UPGRADE_CARD","is_prod":false,"is_daily":false,"chose_seed":false,"campfire_upgraded":2,"win_rate":0,"timestamp":1551918824,"path_taken":["M","M","$","M","?","E","R","?","T","M","?","R","?","?","R","BOSS","M","M","M","$","M","E"],"build_version":"2019-01-23","purchased_purges":3,"victory":false,"max_hp_per_floor":[70,70,70,70,70,70,70,70,70,70,70,70,70,70,70,70,70,70,70,70,70,70,70],"card_choices":[{"not_picked":["Dagger Throw","Acrobatics"],"picked":"Outmaneuver","floor":1},{"not_picked":["Outmaneuver","Setup","Caltrops"],"picked":"SKIP","floor":2},{"not_picked":["Bane","Crippling Poison"],"picked":"Dash","floor":4},{"not_picked":["Setup","Crippling Poison"],"picked":"Acrobatics","floor":6},{"not_picked":["Dash","Poisoned Stab"],"picked":"Predator","floor":10},{"not_picked":["Corpse Explosion","Storm of Steel"],"picked":"Phantasmal Killer","floor":16},{"not_picked":["Dagger Throw","Catalyst+1","Bane"],"picked":"SKIP","floor":18},{"not_picked":["Blade Dance","Underhanded Strike+1","Deflect"],"picked":"SKIP","floor":19},{"not_picked":["Blade Dance","Underhanded Strike+1","Deflect"],"picked":"SKIP","floor":19},{"not_picked":["Underhanded Strike","Accuracy+1","Concentrate+1"],"picked":"SKIP","floor":20},{"not_picked":["Bouncing Flask","Setup"],"picked":"Deflect","floor":22}],"player_experience":211537,"relics_obtained":[{"floor":6,"key":"Bronze Scales"},{"floor":9,"key":"Happy Flower"}],"event_choices":[{"damage_healed":0,"gold_gain":0,"player_choice":"Take Damage","damage_taken":17,"relics_obtained":["Golden Idol"],"max_hp_gain":0,"max_hp_loss":0,"event_name":"Golden Idol","floor":5,"gold_loss":0},{"damage_healed":0,"gold_gain":175,"player_choice":"AGREE","damage_taken":0,"max_hp_gain":0,"max_hp_loss":0,"event_name":"Liars Game","floor":8,"gold_loss":0,"cards_obtained":["Doubt"]},{"cards_removed":["Strike_G"],"damage_healed":0,"gold_gain":0,"player_choice":"Card Removal","damage_taken":7,"max_hp_gain":0,"max_hp_loss":0,"event_name":"Golden Wing","floor":13,"gold_loss":0},{"damage_healed":0,"gold_gain":0,"player_choice":"Success","damage_taken":7,"relics_obtained":["Dead Branch"],"max_hp_gain":0,"max_hp_loss":0,"event_name":"Scrap Ooze","floor":14,"gold_loss":0}],"is_beta":false,"boss_relics":[{"not_picked":["Ring of the Serpent","Pandora\u0027s Box"],"picked":"Empty Cage"}],"items_purged_floors":[3,11,21],"is_endless":false,"potions_floor_spawned":[4,10,16,19,20,22],"killed_by":"Slavers","ascension_level":3}