{"path_per_floor":["M","M","M","?","M","R","M","$","T","M","M","?","R","M","R","B",null,"M","?","?","M"],"character_chosen":"THE_SILENT","items_purchased":["Accuracy"],"gold_per_floor":[119,132,150,150,120,120,135,96,169,184,198,158,158,171,171,267,267,284,284,284,298,298],"floor_reached":22,"campfire_rested":3,"playtime":1314,"current_hp_per_floor":[35,35,34,34,33,54,44,44,44,28,23,23,44,41,62,7,70,46,46,46,28,0],"items_purged":[],"gold":298,"score":180,"play_id":"8af4c1b7-911e-4fbd-8a5e-00a0c7041785","local_time":"20180426205339","is_prod":false,"is_daily":false,"chose_seed":false,"is_ascension_mode":false,"campfire_upgraded":0,"timestamp":1524740019,"path_taken":["M","?","M","?","M","R","M","$","T","M","?","?","R","M","R","BOSS","M","?","?","M","?"],"build_version":"2018-04-19","seed_source_timestamp":166436362804331,"purchased_purges":0,"victory":false,"master_deck":["Defend_G","Defend_G","Defend_G","Defend_G","Defend_G","Strike_G","Strike_G","Strike_G","Strike_G","Strike_G","Survivor","Neutralize","Cloak And Dagger","Accuracy","Concentrate","Underhanded Strike","Accuracy","Accuracy","Flying Knee","Dagger Spray","Infinite Blades","Night Terror","Prepared","Tools of the Trade","Neutralize","Deflect+1"],"max_hp_per_floor":[70,70,70,70,70,70,70,70,70,70,70,70,70,70,70,70,70,70,70,70,70,70],"relics":["Ring of the Snake","Gambling Chip","Bottled Flame","White Beast Statue"],"card_choices":[{"not_picked":["Poisoned Stab","Dash"],"picked":"Cloak And Dagger","floor":1},{"not_picked":["Bane","Poisoned Stab"],"picked":"Accuracy","floor":2},{"not_picked":["Bane","Crippling Poison"],"picked":"Concentrate","floor":3},{"not_picked":["Deadly Poison","Poisoned Stab"],"picked":"Underhanded Strike","floor":5},{"not_picked":["Dagger Spray","Sucker Punch"],"picked":"Accuracy","floor":7},{"not_picked":["Accuracy","Acrobatics"],"picked":"Flying Knee","floor":10},{"not_picked":["Quick Slash","Expertise"],"picked":"Dagger Spray","floor":11},{"not_picked":["Tools of the Trade","Slice"],"picked":"Infinite Blades","floor":14},{"not_picked":["Glass Knife","Envenom"],"picked":"Night Terror","floor":16},{"not_picked":["Bane","Flechettes"],"picked":"Prepared","floor":18},{"not_picked":["Dagger Throw","Underhanded Strike"],"picked":"Deflect","floor":21}],"player_experience":138107,"potions_floor_usage":[10,14,14,16,18,22],"damage_taken":[{"damage":0,"enemies":"Cultist","floor":1,"turns":4},{"damage":0,"enemies":"2 Louse","floor":2,"turns":3},{"damage":1,"enemies":"Small Slimes","floor":3,"turns":4},{"damage":1,"enemies":"Exordium Thugs","floor":5,"turns":5},{"damage":10,"enemies":"Large Slime","floor":7,"turns":10},{"damage":16,"enemies":"Exordium Wildlife","floor":10,"turns":4},{"damage":5,"enemies":"2 Fungi Beasts","floor":11,"turns":4},{"damage":3,"enemies":"Red Slaver","floor":14,"turns":3},{"damage":70,"enemies":"The Guardian","floor":16,"turns":13},{"damage":39,"enemies":"3 Byrds","floor":18,"turns":7},{"damage":18,"enemies":"Shell Parasite","floor":21,"turns":7},{"damage":39,"enemies":"Cultist and Chosen","floor":22,"turns":5}],"event_choices":[{"event_name":"Wheel of Change","player_choice":"Curse","floor":4,"damage_taken":0},{"event_name":"World of Goop","player_choice":"Left","floor":12,"damage_taken":0},{"event_name":"Wheel of Change","player_choice":"Card Removal","floor":19,"damage_taken":0},{"event_name":"Match and Keep!","player_choice":"2 cards matched","floor":20,"damage_taken":0}],"boss_relics":[{"not_picked":["Snecko Eye","Velvet Choker"],"picked":"White Beast Statue"}],"potions_floor_spawned":[5,10,11,14,16,18,21],"seed_played":"5404865787088974658","killed_by":"Cultist and Chosen","ascension_level":0,"is_trial":false}