{"gold_per_floor":[119,294,305,322,20,45,64,91,164,164,164,191,7,7],"floor_reached":14,"playtime":663,"items_purged":["Doubt"],"score":135,"play_id":"88632980-bfbd-4e6a-90a0-567d539c9fc8","local_time":"20181014034158","is_ascension_mode":true,"campfire_choices":[{"floor":10,"key":"REST"}],"neow_cost":"","seed_source_timestamp":260576009286790,"circlet_count":0,"master_deck":["Strike_B","Strike_B","Strike_B","Strike_B","Defend_B","Defend_B","Defend_B","Defend_B","Zap","Dualcast","Cold Snap","Gash","Capacitor","Scrape","Coolheaded","Melter","Static Discharge","All For One","Leap","White Noise","Decay","Ball Lightning","All For One","Conserve Battery"],"relics":["Cracked Core","Bottled Lightning","StoneCalendar","Mummified Hand","Lantern"],"potions_floor_usage":[],"damage_taken":[{"damage":2,"enemies":"Jaw Worm","floor":1,"turns":4},{"damage":7,"enemies":"2 Louse","floor":3,"turns":4},{"damage":6,"enemies":"Cultist","floor":4,"turns":3},{"damage":24,"enemies":"Lagavulin","floor":6,"turns":6},{"damage":13,"enemies":"Blue Slaver","floor":7,"turns":4},{"damage":19,"enemies":"3 Sentries","floor":8,"turns":9},{"damage":24,"enemies":"Gremlin Nob","floor":12,"turns":4},{"damage":15,"enemies":"Lagavulin","floor":14,"turns":2}],"seed_played":"-1762568836828533078","potions_obtained":[{"floor":1,"key":"LiquidBronze"},{"floor":6,"key":"Dexterity Potion"},{"floor":7,"key":"Dexterity Potion"}],"is_trial":false,"path_per_floor":["M","?","M","M","$","E","M","E","T","R","?","E","$"],"character_chosen":"DEFECT","items_purchased":["Scrape","Coolheaded","Melter","Static Discharge","All For One","Conserve Battery"],"campfire_rested":1,"item_purchase_floors":[5,5,5,5,13,13],"current_hp_per_floor":[73,73,66,60,60,36,23,4,4,26,26,2,2,0],"gold":7,"neow_bonus":"","is_prod":false,"is_daily":false,"chose_seed":false,"campfire_upgraded":0,"win_rate":0,"timestamp":1539513718,"path_taken":["M","?","M","?","$","E","M","E","T","R","?","E","$","E"],"build_version":"2018-10-11","purchased_purges":1,"victory":false,"max_hp_per_floor":[75,75,75,75,75,75,75,75,75,75,75,75,75,75],"card_choices":[{"not_picked":["Beam Cell","Conserve Battery"],"picked":"Cold Snap","floor":1},{"not_picked":["Steam","Barrage"],"picked":"Gash","floor":3},{"not_picked":["BootSequence","Turbo"],"picked":"Capacitor","floor":4},{"not_picked":["Cold Snap","Rip and Tear"],"picked":"All For One","floor":6},{"not_picked":["Undo","Stack"],"picked":"Leap","floor":7},{"not_picked":["Cold Snap","Redo"],"picked":"White Noise","floor":8},{"not_picked":["BootSequence","Melter"],"picked":"Ball Lightning","floor":12}],"player_experience":252174,"relics_obtained":[{"floor":6,"key":"Bottled Lightning"},{"floor":8,"key":"StoneCalendar"},{"floor":9,"key":"Mummified Hand"},{"floor":12,"key":"Lantern"}],"event_choices":[{"event_name":"Liars Game","player_choice":"agreed","floor":2,"damage_taken":0},{"event_name":"Wheel of Change","player_choice":"Curse","floor":11,"damage_taken":0}],"is_beta":false,"boss_relics":[],"items_purged_floors":[5],"is_endless":false,"potions_floor_spawned":[1,6,7,12],"killed_by":"Lagavulin","ascension_level":5}