{"gold_per_floor":[111,36,47,104,49,83,83,108,108,137,137,162,162,36,36,113,113,128,142,2,2,19,51,51,51,78,111,111,111,26,46,46,46],"floor_reached":33,"playtime":2739,"items_purged":[],"score":614,"play_id":"181c31e0-2915-4911-99f9-d2fe59541f76","local_time":"20190216025334","is_ascension_mode":true,"campfire_choices":[{"floor":7,"key":"REST"},{"floor":11,"key":"REST"},{"floor":15,"key":"REST"},{"floor":25,"key":"REST"},{"floor":29,"key":"REST"},{"floor":32,"key":"REST"}],"neow_cost":"NONE","seed_source_timestamp":119964734329295,"circlet_count":0,"master_deck":["AscendersBane","Strike_B+1","Strike_B+1","Strike_B+1","Defend_B+1","Defend_B+1","Defend_B+1","Defend_B+1","Zap","Dualcast","Hyperbeam+1","Beam Cell","Ball Lightning+1","Seek","Cold Snap","Static Discharge+1","Swift Strike+1","Leap","Electrodynamics+1","Cold Snap+1","Capacitor+1","Heatsinks+1","Self Repair+1"],"relics":["Cracked Core","Frozen Egg 2","DataDisk","Matryoshka","Ice Cream","Molten Egg 2","Snecko Eye","Turnip","Potion Belt","Whetstone","Question Card","Boot"],"potions_floor_usage":[6,8,16,23,31,33],"damage_taken":[{"damage":2,"enemies":"Jaw Worm","floor":1,"turns":3},{"damage":3,"enemies":"2 Louse","floor":3,"turns":2},{"damage":45,"enemies":"3 Sentries","floor":6,"turns":8},{"damage":15,"enemies":"Lagavulin","floor":8,"turns":7},{"damage":8,"enemies":"Gremlin Nob","floor":10,"turns":3},{"damage":20,"enemies":"3 Sentries","floor":12,"turns":8},{"damage":33,"enemies":"The Guardian","floor":16,"turns":9},{"damage":0,"enemies":"3 Byrds","floor":18,"turns":1},{"damage":9,"enemies":"Chosen","floor":19,"turns":3},{"damage":25,"enemies":"Centurion and Healer","floor":22,"turns":3},{"damage":18,"enemies":"Book of Stabbing","floor":23,"turns":4},{"damage":10,"enemies":"Gremlin Leader","floor":27,"turns":5},{"damage":25,"enemies":"Snake Plant","floor":31,"turns":4},{"damage":45,"enemies":"Champ","floor":33,"turns":9}],"seed_played":"-9100330903857887247","potions_obtained":[{"floor":1,"key":"Block Potion"},{"floor":6,"key":"Weak Potion"},{"floor":19,"key":"Strength Potion"},{"floor":27,"key":"PowerPotion"}],"is_trial":false,"path_per_floor":["M","?","M","?","$","E","R","E","T","E","R","E","?","$","R","B",null,"M","M","$","?","M","E","$","R","T","E","?","R","?","M","R","B"],"character_chosen":"DEFECT","items_purchased":["PowerPotion","Swift Strike+1","Leap","Capacitor+1","Fire Potion"],"campfire_rested":6,"item_purchase_floors":[5,14,14,20,20],"current_hp_per_floor":[62,62,59,59,59,14,35,20,20,12,33,13,13,13,34,1,54,54,45,45,45,20,2,2,23,23,13,13,34,34,19,40,0],"gold":46,"neow_bonus":"ONE_RANDOM_RARE_CARD","is_prod":false,"is_daily":false,"chose_seed":false,"campfire_upgraded":0,"win_rate":0,"timestamp":1550282014,"path_taken":["M","?","M","?","$","E","R","E","T","E","R","E","?","$","R","BOSS","M","M","$","?","M","E","$","R","T","E","?","R","?","M","R","BOSS"],"build_version":"2019-02-06","purchased_purges":0,"victory":false,"max_hp_per_floor":[71,71,71,71,71,71,71,71,71,71,71,71,71,71,71,71,71,71,71,71,71,71,71,71,71,71,71,71,71,71,71,71,71],"card_choices":[{"not_picked":["Fusion","Chaos"],"picked":"Beam Cell","floor":1},{"not_picked":["Leap","Redo","Static Discharge"],"picked":"SKIP","floor":3},{"not_picked":["Conserve Battery","Heatsinks"],"picked":"Ball Lightning","floor":6},{"not_picked":["Cold Snap","Streamline"],"picked":"Seek","floor":8},{"not_picked":["Hologram","Beam Cell"],"picked":"Cold Snap","floor":10},{"not_picked":["Coolheaded","Streamline"],"picked":"Static Discharge+1","floor":12},{"not_picked":["Meteor Strike+1","Buffer+1"],"picked":"Electrodynamics+1","floor":16},{"not_picked":["Redo","Ball Lightning+1"],"picked":"Cold Snap+1","floor":18},{"not_picked":["Sweeping Beam+1","Melter+1","Streamline+1"],"picked":"SKIP","floor":19},{"not_picked":["Lockon+1","Conserve Battery","Coolheaded"],"picked":"SKIP","floor":22},{"not_picked":["Chaos","Go for the Eyes+1"],"picked":"Heatsinks+1","floor":23},{"not_picked":["Rip and Tear+1","Barrage+1"],"picked":"Self Repair+1","floor":27},{"not_picked":["Beam Cell+1","Fusion","Steam+1","Ball Lightning+1"],"picked":"SKIP","floor":31}],"player_experience":1210520,"relics_obtained":[{"floor":6,"key":"Frozen Egg 2"},{"floor":8,"key":"DataDisk"},{"floor":9,"key":"Matryoshka"},{"floor":10,"key":"Ice Cream"},{"floor":12,"key":"Molten Egg 2"},{"floor":23,"key":"Turnip"},{"floor":26,"key":"Potion Belt"},{"floor":26,"key":"Whetstone"},{"floor":27,"key":"Question Card"}],"event_choices":[{"cards_removed":["Strike_B"],"damage_healed":0,"gold_gain":0,"player_choice":"Card Removal","damage_taken":0,"max_hp_gain":0,"max_hp_loss":0,"event_name":"The Cleric","floor":2,"gold_loss":75},{"damage_healed":0,"gold_gain":57,"player_choice":"Gained Gold","damage_taken":0,"max_hp_gain":0,"max_hp_loss":0,"event_name":"Golden Wing","floor":4,"gold_loss":0},{"damage_healed":0,"gold_gain":0,"player_choice":"Searched \u00270\u0027 times","damage_taken":0,"max_hp_gain":0,"max_hp_loss":0,"event_name":"Dead Adventurer","floor":13,"gold_loss":0},{"damage_healed":0,"gold_gain":0,"player_choice":"Simplicity","damage_taken":0,"max_hp_gain":0,"max_hp_loss":0,"event_name":"Back to Basics","floor":21,"gold_loss":0,"cards_upgraded":["Strike_B","Strike_B","Strike_B","Defend_B","Defend_B","Defend_B","Defend_B"]},{"damage_healed":0,"gold_gain":0,"player_choice":"Ignored","damage_taken":0,"max_hp_gain":0,"max_hp_loss":0,"event_name":"Cursed Tome","floor":28,"gold_loss":0},{"damage_healed":0,"gold_gain":0,"player_choice":"Obtained Relic","damage_taken":0,"relics_obtained":["Boot"],"max_hp_gain":0,"max_hp_loss":0,"event_name":"Addict","floor":30,"gold_loss":85}],"is_beta":true,"boss_relics":[{"not_picked":["Lizard Tail","Runic Dome"],"picked":"Snecko Eye"}],"items_purged_floors":[],"is_endless":false,"potions_floor_spawned":[1,6,19,22,27],"killed_by":"Champ","ascension_level":20}