{"gold_per_floor":[116,116,133,151,166,194,194,213,213,230,241,275,35,35,35,35],"floor_reached":16,"playtime":723,"items_purged":[],"score":120,"play_id":"fde4fed8-2f78-44be-a9e2-bdf67da527fa","local_time":"20190303215948","is_ascension_mode":true,"campfire_choices":[{"floor":7,"key":"REST"},{"data":"Armaments","floor":15,"key":"SMITH"}],"neow_cost":"PERCENT_DAMAGE","seed_source_timestamp":13499209732985,"circlet_count":0,"master_deck":["Strike_R","Strike_R","Strike_R","Strike_R","Strike_R","Defend_R","Defend_R","Defend_R","Bash","Limit Break","Cleave","Shockwave","Thunderclap","Pommel Strike","Carnage","Armaments+1","Perfected Strike","Flex","Dark Embrace"],"relics":["Burning Blood","Anchor","Ice Cream","Kunai","Question Card"],"potions_floor_usage":[6,12,16],"damage_taken":[{"damage":16,"enemies":"2 Louse","floor":1,"turns":3},{"damage":8,"enemies":"Cultist","floor":3,"turns":5},{"damage":10,"enemies":"Jaw Worm","floor":4,"turns":4},{"damage":8,"enemies":"Lots of Slimes","floor":5,"turns":2},{"damage":34,"enemies":"Lagavulin","floor":6,"turns":7},{"damage":7,"enemies":"Looter","floor":8,"turns":3},{"damage":1,"enemies":"Red Slaver","floor":10,"turns":4},{"damage":0,"enemies":"3 Louse","floor":11,"turns":2},{"damage":16,"enemies":"3 Sentries","floor":12,"turns":4},{"damage":35,"enemies":"Hexaghost","floor":16,"turns":9}],"seed_played":"9007536133012803814","potions_obtained":[{"floor":3,"key":"Weak Potion"},{"floor":10,"key":"PowerPotion"},{"floor":11,"key":"Energy Potion"}],"is_trial":false,"path_per_floor":["M","?","M","M","M","E","R","M","T","M","M","E","$","?","R","B"],"character_chosen":"IRONCLAD","items_purchased":["Question Card"],"campfire_rested":1,"item_purchase_floors":[13],"current_hp_per_floor":[46,46,44,40,38,10,34,33,33,38,44,34,34,34,34,0],"gold":35,"neow_bonus":"THREE_RARE_CARDS","is_prod":false,"is_daily":false,"chose_seed":false,"campfire_upgraded":1,"win_rate":0,"timestamp":1551617988,"path_taken":["M","?","M","M","M","E","R","M","T","M","M","E","?","?","R","BOSS"],"build_version":"2019-01-23","purchased_purges":0,"victory":false,"max_hp_per_floor":[80,80,80,80,80,80,80,80,80,80,80,80,80,80,80,80],"card_choices":[{"not_picked":["Feed","Fiend Fire"],"picked":"Limit Break","floor":0},{"not_picked":["Iron Wave","Power Through"],"picked":"Cleave","floor":1},{"not_picked":["Flex","Heavy Blade"],"picked":"Shockwave","floor":3},{"not_picked":["Disarm","Warcry"],"picked":"Thunderclap","floor":4},{"not_picked":["Armaments","Heavy Blade"],"picked":"Pommel Strike","floor":5},{"not_picked":["Anger","Ghostly Armor"],"picked":"Carnage","floor":6},{"not_picked":["Warcry","Heavy Blade"],"picked":"Armaments","floor":8},{"not_picked":["Cleave","Metallicize"],"picked":"Perfected Strike","floor":10},{"not_picked":["Evolve","Heavy Blade"],"picked":"Flex","floor":11},{"not_picked":["Blood for Blood","Sword Boomerang"],"picked":"Dark Embrace","floor":12}],"player_experience":38075,"relics_obtained":[{"floor":6,"key":"Anchor"},{"floor":9,"key":"Ice Cream"},{"floor":12,"key":"Kunai"}],"event_choices":[{"damage_healed":0,"gold_gain":0,"player_choice":"Bought 0 Potions","damage_taken":0,"max_hp_gain":0,"max_hp_loss":0,"event_name":"The Woman in Blue","floor":2,"gold_loss":0},{"cards_removed":["Defend_R"],"damage_healed":0,"gold_gain":0,"player_choice":"Purged","damage_taken":0,"max_hp_gain":0,"max_hp_loss":0,"event_name":"Purifier","floor":14,"gold_loss":0}],"is_beta":false,"boss_relics":[],"items_purged_floors":[],"is_endless":false,"potions_floor_spawned":[3,10,11],"killed_by":"Hexaghost","ascension_level":1}