{"gold_per_floor":[113,126,136,149,149,149,179,198,272,290,290,316,333,347,347,422,422,441,441,452,467,467,531,111,144,208,246,258,3,18,32,32,108,108,121,138,138,138,138,138,173,173,173,207,25,43,74,91,91,91],"floor_reached":50,"playtime":3650,"items_purged":["Writhe","Strike_G"],"score":1247,"play_id":"541b510b-fa0a-458b-a678-26ac9657f4c0","local_time":"20190219173405","is_ascension_mode":true,"campfire_choices":[{"data":"Neutralize","floor":6.0,"key":"SMITH"},{"data":"Die Die Die","floor":11.0,"key":"SMITH"},{"data":"Cloak And Dagger","floor":15.0,"key":"SMITH"},{"data":"Prepared","floor":32.0,"key":"SMITH"},{"data":"Panacea","floor":40.0,"key":"SMITH"},{"floor":49.0,"key":"RECALL"}],"neow_cost":"NONE","seed_source_timestamp":151239815440930,"circlet_count":0,"master_deck":["AscendersBane","Defend_G","Defend_G","Defend_G","Defend_G","Defend_G","Strike_G","Strike_G+1","Strike_G+1","Survivor","Neutralize+1","Deadly Poison","Footwork","Dash","Deflect","Choke","Die Die Die+1","Blur","Crippling Poison","Cloak And Dagger+1","Glass Knife","Expertise","Eviscerate","Prepared+1","Concentrate","Glass Knife","Tactician","Slice","Glass Knife","Concentrate","Backflip","Die Die Die","Deadly Poison+1","Heel Hook+1","Dark Shackles","Violence","Panacea+1","Night Terror","Acrobatics","PiercingWail","Endless Agony","Finisher","Dodge and Roll"],"special_seed":0,"relics":["Ring of the Snake","Tingsha","Dead Branch","Singing Bowl","Whetstone","Runic Pyramid","PreservedInsect","Tiny Chest","Membership Card","Lantern","MawBank","Vajra","Torii","Gremlin Horn","Sozu","Boot","Kunai","Regal Pillow","Tough Bandages","Thread and Needle"],"potions_floor_usage":[],"damage_taken":[{"damage":4.0,"enemies":"2 Louse","floor":1.0,"turns":3.0},{"damage":4.0,"enemies":"Small Slimes","floor":2.0,"turns":4.0},{"damage":0.0,"enemies":"Jaw Worm","floor":3.0,"turns":5.0},{"damage":6.0,"enemies":"Blue Slaver","floor":4.0,"turns":5.0},{"damage":2.0,"enemies":"Gremlin Nob","floor":7.0,"turns":5.0},{"damage":0.0,"enemies":"Large Slime","floor":8.0,"turns":9.0},{"damage":9.0,"enemies":"Exordium Thugs","floor":10.0,"turns":5.0},{"damage":14.0,"enemies":"Lagavulin","floor":12.0,"turns":7.0},{"damage":4.0,"enemies":"Red Slaver","floor":13.0,"turns":4.0},{"damage":0.0,"enemies":"Exordium Wildlife","floor":14.0,"turns":3.0},{"damage":14.0,"enemies":"Slime Boss","floor":16.0,"turns":9.0},{"damage":9.0,"enemies":"3 Byrds","floor":18.0,"turns":5.0},{"damage":10.0,"enemies":"Shell Parasite","floor":20.0,"turns":6.0},{"damage":0.0,"enemies":"Cultist and Chosen","floor":21.0,"turns":6.0},{"damage":8.0,"enemies":"Gremlin Leader","floor":23.0,"turns":4.0},{"damage":32.0,"enemies":"Book of Stabbing","floor":25.0,"turns":5.0},{"damage":0.0,"enemies":"Gremlin Leader","floor":27.0,"turns":5.0},{"damage":8.0,"enemies":"Snake Plant","floor":30.0,"turns":4.0},{"damage":1.0,"enemies":"Shelled Parasite and Fungi","floor":31.0,"turns":2.0},{"damage":4.0,"enemies":"Collector","floor":33.0,"turns":11.0},{"damage":0.0,"enemies":"Orb Walker","floor":35.0,"turns":2.0},{"damage":0.0,"enemies":"3 Darklings","floor":36.0,"turns":2.0},{"damage":1.0,"enemies":"Nemesis","floor":41.0,"turns":5.0},{"damage":0.0,"enemies":"Giant Head","floor":44.0,"turns":7.0},{"damage":0.0,"enemies":"Jaw Worm Horde","floor":46.0,"turns":4.0},{"damage":0.0,"enemies":"Nemesis","floor":47.0,"turns":4.0},{"damage":8.0,"enemies":"4 Shapes","floor":48.0,"turns":3.0},{"damage":48,"enemies":"Time Eater","floor":50,"turns":10}],"seed_played":"4480964010407866155","potions_obtained":[{"floor":1.0,"key":"GhostInAJar"},{"floor":4.0,"key":"FearPotion"},{"floor":10.0,"key":"Fruit Juice"},{"floor":12.0,"key":"Regen Potion"},{"floor":13.0,"key":"AttackPotion"},{"floor":23.0,"key":"Swift Potion"},{"floor":25.0,"key":"GhostInAJar"},{"floor":33.0,"key":"PowerPotion"}],"is_trial":false,"path_per_floor":["M","M","M","M","?","R","E","M","T","M","R","E","M","M","R","B",null,"M","?","M","M","?","E","$","E","T","E","?","$","M","M","R","B",null,"M","M","?","?","T","R","E","?","T","E","$","M","E","M","R","B"],"character_chosen":"THE_SILENT","items_purchased":["Membership Card","Lantern","Glass Knife","Tactician","Concentrate","Gremlin Horn","Regen Potion","Tough Bandages","PiercingWail"],"campfire_rested":0,"item_purchase_floors":[24,24,24,24,29,29,29,45,45],"current_hp_per_floor":[61,57,57,51,40,40,38,38,38,34,34,20,16,16,16,17,62,53,53,43,43,43,37,37,5,5,5,21,21,13,14,14,25,67,67,67,57,57,57,57,56,56,56,56,56,56,56,48,48,0],"gold":91,"neow_bonus":"TEN_PERCENT_HP_BONUS","is_prod":false,"is_daily":false,"chose_seed":false,"campfire_upgraded":5,"win_rate":0,"timestamp":1550615645,"path_taken":["M","M","M","M","?","R","E","M","T","M","R","E","M","M","R","BOSS","M","?","M","M","?","E","$","E","T","E","?","?","?","M","R","BOSS","M","M","?","?","?","R","E","?","T","E","$","?","E","M","R","BOSS"],"build_version":"2019-01-23","purchased_purges":2,"victory":false,"max_hp_per_floor":[72,72,72,72,72,72,72,72,72,77,77,77,77,77,77,77,77,77,77,77,77,77,79,79,79,79,79,79,79,79,81,81,81,81,81,81,81,81,81,81,81,81,81,81,81,81,81,81,81,81],"card_choices":[{"not_picked":["Finisher","Prepared"],"picked":"Deadly Poison","floor":1.0},{"not_picked":["Cloak And Dagger","Deflect"],"picked":"Footwork","floor":2.0},{"not_picked":["Choke","Dagger Throw"],"picked":"Dash","floor":3.0},{"not_picked":["Tactician","Outmaneuver"],"picked":"Deflect","floor":4.0},{"not_picked":["Reflex","Bane"],"picked":"Choke","floor":7.0},{"not_picked":["Expertise","Prepared"],"picked":"Die Die Die","floor":8.0},{"not_picked":["Deadly Poison","Prepared"],"picked":"Well Laid Plans","floor":10.0},{"not_picked":["Masterful Stab","Backflip"],"picked":"Blur","floor":12.0},{"not_picked":["Eviscerate","Dagger Spray"],"picked":"Crippling Poison","floor":13.0},{"not_picked":["Predator","Deadly Poison"],"picked":"Cloak And Dagger","floor":14.0},{"not_picked":["Wraith Form v2","Tools of the Trade"],"picked":"Glass Knife","floor":16.0},{"not_picked":["Dagger Throw","Acrobatics"],"picked":"Flechettes","floor":18.0},{"not_picked":["Sucker Punch","Slice"],"picked":"Prepared","floor":20.0},{"not_picked":["Acrobatics","Dash"],"picked":"Concentrate","floor":21.0},{"not_picked":["Envenom","Catalyst","Skewer"],"picked":"Singing Bowl","floor":23.0},{"not_picked":["Deadly Poison","Setup"],"picked":"Slice","floor":25.0},{"not_picked":["Deadly Poison+1","Slice"],"picked":"Glass Knife","floor":27.0},{"not_picked":["Poisoned Stab","Blade Dance"],"picked":"Backflip","floor":30.0},{"not_picked":["Backflip","Finisher","Bane"],"picked":"Singing Bowl","floor":31.0},{"not_picked":["Night Terror","Tools of the Trade"],"picked":"Die Die Die","floor":33.0},{"not_picked":["Underhanded Strike","Acrobatics+1"],"picked":"Deadly Poison+1","floor":35.0},{"not_picked":["Bane","Caltrops"],"picked":"Heel Hook+1","floor":36.0},{"not_picked":["Finesse","Madness"],"picked":"Dark Shackles","floor":37.0},{"not_picked":["Enlightenment","Mayhem"],"picked":"Violence","floor":37.0},{"not_picked":["Metamorphosis","Trip"],"picked":"Panacea","floor":37.0},{"not_picked":["Deadly Poison","Sucker Punch"],"picked":"Night Terror","floor":41.0},{"not_picked":["Outmaneuver","Setup"],"picked":"Acrobatics","floor":44.0},{"not_picked":["Masterful Stab","Crippling Poison"],"picked":"Endless Agony","floor":46.0},{"not_picked":["Underhanded Strike","Quick Slash"],"picked":"Finisher","floor":47.0},{"not_picked":["Terror","Dagger Spray+1"],"picked":"Dodge and Roll","floor":48.0}],"player_experience":498651,"relics_obtained":[{"floor":7.0,"key":"Dead Branch"},{"floor":9.0,"key":"Singing Bowl"},{"floor":12.0,"key":"Whetstone"},{"floor":23.0,"key":"Tiny Chest"},{"floor":25.0,"key":"MawBank"},{"floor":26.0,"key":"Vajra"},{"floor":27.0,"key":"Torii"},{"floor":39.0,"key":"Boot"},{"floor":41.0,"key":"Kunai"},{"floor":44.0,"key":"Regal Pillow"},{"floor":47.0,"key":"Thread and Needle"}],"event_choices":[{"damage_healed":0.0,"max_hp_gain":0.0,"max_hp_loss":0.0,"gold_gain":0.0,"event_name":"Scrap Ooze","player_choice":"Success","floor":5.0,"gold_loss":0.0,"damage_taken":11.0,"relics_obtained":["Tingsha"]},{"damage_healed":0.0,"max_hp_gain":0.0,"max_hp_loss":0.0,"gold_gain":0.0,"cards_transformed":["Strike_G","Well Laid Plans"],"event_name":"Drug Dealer","player_choice":"Became Test Subject","floor":19.0,"gold_loss":0.0,"damage_taken":0.0,"cards_obtained":["Expertise","Eviscerate"]},{"damage_healed":0.0,"max_hp_gain":0.0,"max_hp_loss":0.0,"gold_gain":0.0,"event_name":"The Mausoleum","player_choice":"Opened","floor":22.0,"gold_loss":0.0,"damage_taken":0.0,"relics_obtained":["PreservedInsect"],"cards_obtained":["Writhe"]},{"damage_healed":16.0,"max_hp_gain":0.0,"max_hp_loss":0.0,"gold_gain":0.0,"event_name":"The Library","player_choice":"Heal","floor":28.0,"gold_loss":0.0,"damage_taken":0.0},{"damage_healed":0.0,"max_hp_gain":0.0,"max_hp_loss":0.0,"gold_gain":0.0,"event_name":"SensoryStone","player_choice":"Memory 3","floor":37.0,"gold_loss":0.0,"damage_taken":10.0},{"cards_removed":["Flechettes"],"damage_healed":0.0,"max_hp_gain":0.0,"max_hp_loss":0.0,"gold_gain":0.0,"event_name":"Falling","player_choice":"Removed Attack","floor":38.0,"gold_loss":0.0,"damage_taken":0.0},{"damage_healed":0.0,"max_hp_gain":0.0,"max_hp_loss":0.0,"gold_gain":0.0,"event_name":"Tomb of Lord Red Mask","player_choice":"Ignored","floor":42.0,"gold_loss":0.0,"damage_taken":0.0}],"is_beta":false,"boss_relics":[{"not_picked":["White Beast Statue","Astrolabe"],"picked":"Runic Pyramid"},{"not_picked":["Snecko Eye","Pandora\u0027s Box"],"picked":"Sozu"}],"items_purged_floors":[24,29],"is_endless":false,"potions_floor_spawned":[1,4,10,12,13,23,25,30,33,41,46,47,48],"killed_by":"Time Eater","ascension_level":16}