{"gold_per_floor":[118,118,268,285,285,28,61,61,61,80,5,5,20,54,54,131,131,149,168,168,118,136,136,171,87,87,2,2,36,51,0,0,78,78,95,95,95,95,108,164,175,202,279,299,350,22,36,36,36,36,36],"floor_reached":52,"playtime":4347,"items_purged":["Strike_G","Defend_G"],"score":2162,"play_id":"0e89d0a2-5033-4eb3-a947-4c684a7bd8d3","local_time":"20181018191920","is_ascension_mode":true,"campfire_choices":[{"data":"Skewer","floor":12.0,"key":"SMITH"},{"data":"Riddle With Holes","floor":15.0,"key":"SMITH"},{"data":"Cloak And Dagger","floor":23.0,"key":"SMITH"},{"data":"1","floor":32.0,"key":"LIFT"},{"floor":49.0,"key":"REST"}],"neow_cost":"TEN_PERCENT_HP_LOSS","seed_source_timestamp":141138767388345,"circlet_count":0,"master_deck":["Defend_G","Defend_G","Defend_G","Defend_G","Strike_G","Strike_G","Strike_G","Strike_G","Survivor+1","Neutralize","AscendersBane","Poisoned Stab","Doubt","All Out Attack","Skewer+1","Cloak And Dagger+1","Riddle With Holes+1","PiercingWail","Cloak And Dagger","Flying Knee","Ghostly","Ghostly+1","Ghostly","Ghostly","Ghostly","Dagger Spray","Blade Dance","Riddle With Holes","Regret","Pain","Well Laid Plans","After Image","Calculated Gamble+1","Writhe","Acrobatics+1","Malaise","Dagger Throw+1","Doubt","Terror+1","Dodge and Roll+1"],"special_seed":0,"relics":["Ring of the Snake","Du-Vu Doll","StoneCalendar","Happy Flower","Blue Candle","Bag of Preparation","The Specimen","Vajra","Cursed Key","PreservedInsect","Girya","Mercury Hourglass","Snake Skull","White Beast Statue","Tiny Chest","Centennial Puzzle","Frozen Egg 2","Thread and Needle","PrismaticShard"],"potions_floor_usage":[51],"damage_taken":[{"damage":5.0,"enemies":"Small Slimes","floor":1.0,"turns":3.0},{"damage":7.0,"enemies":"Jaw Worm","floor":4.0,"turns":3.0},{"damage":26.0,"enemies":"Lagavulin","floor":7.0,"turns":7.0},{"damage":1.0,"enemies":"2 Louse","floor":10.0,"turns":2.0},{"damage":0.0,"enemies":"Blue Slaver","floor":13.0,"turns":2.0},{"damage":1.0,"enemies":"3 Sentries","floor":14.0,"turns":4.0},{"damage":20.0,"enemies":"The Guardian","floor":16.0,"turns":10.0},{"damage":8.0,"enemies":"3 Byrds","floor":18.0,"turns":4.0},{"damage":1.0,"enemies":"Chosen","floor":19.0,"turns":3.0},{"damage":1.0,"enemies":"Snake Plant","floor":22.0,"turns":4.0},{"damage":11.0,"enemies":"Slavers","floor":24.0,"turns":7.0},{"damage":2.0,"enemies":"Gremlin Leader","floor":29.0,"turns":1.0},{"damage":3.0,"enemies":"Shelled Parasite and Fungi","floor":30.0,"turns":4.0},{"damage":4.0,"enemies":"Champ","floor":33.0,"turns":9.0},{"damage":1.0,"enemies":"Orb Walker","floor":35.0,"turns":1.0},{"damage":1.0,"enemies":"3 Darklings","floor":39.0,"turns":2.0},{"damage":4.0,"enemies":"2 Orb Walkers","floor":40.0,"turns":3.0},{"damage":4.0,"enemies":"Transient","floor":41.0,"turns":6.0},{"damage":4.0,"enemies":"Giant Head","floor":42.0,"turns":4.0},{"damage":3.0,"enemies":"Maw","floor":44.0,"turns":7.0},{"damage":6.0,"enemies":"Mysterious Sphere","floor":45.0,"turns":4.0},{"damage":5.0,"enemies":"4 Shapes","floor":47.0,"turns":5.0},{"damage":9.0,"enemies":"Donu and Deca","floor":50.0,"turns":9.0},{"damage":3,"enemies":"Time Eater","floor":51,"turns":7}],"seed_played":"-7905710767833451146","potions_obtained":[{"floor":4.0,"key":"FearPotion"},{"floor":10.0,"key":"Block Potion"},{"floor":14.0,"key":"Ancient Potion"},{"floor":16.0,"key":"Fire Potion"},{"floor":18.0,"key":"SteroidPotion"},{"floor":33.0,"key":"SteroidPotion"},{"floor":35.0,"key":"LiquidBronze"},{"floor":39.0,"key":"Block Potion"},{"floor":41.0,"key":"GhostInAJar"},{"floor":42.0,"key":"SkillPotion"},{"floor":44.0,"key":"PowerPotion"},{"floor":45.0,"key":"EssenceOfSteel"}],"is_trial":false,"path_per_floor":["M","?","?","M","?","$","E","T","T","M","$","R","M","E","R","B",null,"M","M","?","?","M","R","E","$","T","$","T","E","M","?","R","B",null,"M","$","?","?","M","E","M","E","T","M","?","$","M","$","R","B","B"],"character_chosen":"THE_SILENT","items_purchased":["Skewer","Happy Flower","Riddle With Holes","GhostInAJar","PrismaticShard"],"campfire_rested":1,"item_purchase_floors":[6,6,25,27,46],"current_hp_per_floor":[54,59,59,52,52,52,26,26,26,25,25,25,25,24,24,4,50,42,41,32,32,31,31,20,20,20,20,20,18,15,15,15,11,27,26,26,26,32,31,27,23,19,19,16,10,10,5,5,14,5,2],"gold":36,"neow_bonus":"ONE_RARE_RELIC","is_prod":false,"is_daily":false,"chose_seed":false,"campfire_upgraded":3,"win_rate":0,"timestamp":1539857960,"path_taken":["M","?","?","?","?","?","E","?","T","M","$","R","M","E","R","BOSS","M","M","?","?","M","R","E","$","T","$","?","E","M","?","R","BOSS","M","$","?","?","M","E","M","E","T","M","?","$","M","?","R","BOSS","BOSS"],"build_version":"2018-10-11","purchased_purges":2,"victory":true,"max_hp_per_floor":[60,65,65,65,65,65,65,65,65,65,65,65,65,65,65,65,65,65,65,32,32,32,32,32,32,32,32,32,32,32,32,32,32,32,32,32,32,32,32,32,32,32,32,32,32,32,32,32,32,32,32],"card_choices":[{"not_picked":["Backflip","Acrobatics"],"picked":"Poisoned Stab","floor":1.0},{"not_picked":["Infinite Blades","Distraction"],"picked":"All Out Attack","floor":4.0},{"not_picked":["Grand Finale","Deadly Poison","Noxious Fumes"],"picked":"SKIP","floor":7.0},{"not_picked":["Dodge and Roll","Underhanded Strike"],"picked":"Cloak And Dagger","floor":10.0},{"not_picked":["Acrobatics","Quick Slash"],"picked":"Riddle With Holes","floor":13.0},{"not_picked":["Poisoned Stab","Dodge and Roll"],"picked":"PiercingWail","floor":14.0},{"not_picked":["Slice","Deflect"],"picked":"Cloak And Dagger","floor":18.0},{"not_picked":["Predator","Skewer"],"picked":"Flying Knee","floor":19.0},{"not_picked":["Finisher","Underhanded Strike+1"],"picked":"Dagger Spray","floor":22.0},{"not_picked":["Footwork","Corpse Explosion"],"picked":"Blade Dance","floor":24.0},{"not_picked":["Blur","Underhanded Strike"],"picked":"Well Laid Plans","floor":29.0},{"not_picked":["Blade Dance","Prepared","Acrobatics"],"picked":"SKIP","floor":30.0},{"not_picked":["Adrenaline","Night Terror"],"picked":"After Image","floor":33.0},{"not_picked":["Blade Dance","Flying Knee"],"picked":"Calculated Gamble+1","floor":35.0},{"not_picked":["Expertise","Bane"],"picked":"Acrobatics+1","floor":39.0},{"not_picked":["Deadly Poison","Predator+1"],"picked":"Malaise","floor":40.0},{"not_picked":["Poisoned Stab","Reflex"],"picked":"Dagger Throw+1","floor":41.0},{"not_picked":["Dash","Quick Slash","Outmaneuver"],"picked":"SKIP","floor":42.0},{"not_picked":["Well Laid Plans+1","Dagger Throw"],"picked":"Terror+1","floor":44.0},{"not_picked":["Footwork+1","Quick Slash"],"picked":"Dodge and Roll+1","floor":45.0},{"not_picked":["Backflip","Quick Slash","Quick Slash"],"picked":"SKIP","floor":47.0}],"player_experience":710324,"relics_obtained":[{"floor":7.0,"key":"Blue Candle"},{"floor":8.0,"key":"Bag of Preparation"},{"floor":9.0,"key":"The Specimen"},{"floor":14.0,"key":"Vajra"},{"floor":24.0,"key":"PreservedInsect"},{"floor":26.0,"key":"Girya"},{"floor":28.0,"key":"Mercury Hourglass"},{"floor":29.0,"key":"Snake Skull"},{"floor":40.0,"key":"Tiny Chest"},{"floor":42.0,"key":"Centennial Puzzle"},{"floor":43.0,"key":"Frozen Egg 2"},{"floor":45.0,"key":"Thread and Needle"}],"event_choices":[{"event_name":"Big Fish","player_choice":"Donut","floor":2.0,"damage_taken":0.0},{"event_name":"Liars Game","player_choice":"agreed","floor":3.0,"damage_taken":0.0},{"event_name":"WeMeetAgain","player_choice":"Potion","floor":5.0,"damage_taken":0.0},{"event_name":"Ghosts","player_choice":"Became a Ghost","floor":20.0,"damage_taken":0.0},{"event_name":"Designer","player_choice":"Upgrade 2 Random Cards","floor":21.0,"damage_taken":0.0},{"event_name":"Masked Bandits","player_choice":"Paid Fearfully","floor":31.0,"damage_taken":0.0},{"event_name":"SensoryStone","player_choice":"Memory 1","floor":37.0,"damage_taken":0.0},{"event_name":"Winding Halls","player_choice":"Writhe","floor":38.0,"damage_taken":0.0},{"event_name":"Mysterious Sphere","player_choice":"Fight","floor":45.0,"damage_taken":0.0}],"is_beta":false,"boss_relics":[{"not_picked":["Lizard Tail","Coffee Dripper"],"picked":"Cursed Key"},{"not_picked":["Orrery","Runic Pyramid"],"picked":"White Beast Statue"}],"items_purged_floors":[11,46],"is_endless":false,"potions_floor_spawned":[4,10,14,16,18,19,24,33,35,39,40,41,42,44,45,47],"ascension_level":20}