{"gold_per_floor":[210,285,460,420,435,463,463,483,535,535,535,555,555,582,582,684,684,704,720,735,747,94,94],"floor_reached":23,"playtime":1198,"items_purged":[],"score":221,"play_id":"45a50daf-8183-4a3d-a3e0-530ac4cc2751","local_time":"20180929044416","is_ascension_mode":true,"campfire_choices":[{"data":"Anger","floor":7,"key":"SMITH"},{"data":"Bash","floor":10,"key":"SMITH"},{"data":"Offering","floor":15,"key":"SMITH"}],"neow_cost":"NONE","seed_source_timestamp":477931913380206,"circlet_count":0,"master_deck":["Strike_R","Strike_R+1","Strike_R","Strike_R","Strike_R","Defend_R","Defend_R+1","Defend_R+1","Defend_R","Bash+1","Iron Wave","Anger+1","Clothesline","Headbutt+1","Offering+1","Flex","Limit Break","Clash","Bloodletting","Flame Barrier","Intimidate","Inflame"],"relics":["Burning Blood","War Paint","Happy Flower","Art of War","Black Star","ClockworkSouvenir","Ancient Tea Set","Potion Belt"],"potions_floor_usage":[6,6,12,16,20,23,23,23],"damage_taken":[{"damage":7,"enemies":"Jaw Worm","floor":1,"turns":3},{"damage":2,"enemies":"2 Louse","floor":5,"turns":4},{"damage":19,"enemies":"Gremlin Nob","floor":6,"turns":5},{"damage":0,"enemies":"Small Slimes","floor":8,"turns":4},{"damage":5,"enemies":"Blue Slaver","floor":12,"turns":2},{"damage":14,"enemies":"Lagavulin","floor":14,"turns":3},{"damage":11,"enemies":"Slime Boss","floor":16,"turns":7},{"damage":27,"enemies":"Shell Parasite","floor":18,"turns":3},{"damage":13,"enemies":"Chosen","floor":19,"turns":4},{"damage":18,"enemies":"Shelled Parasite and Fungi","floor":20,"turns":2},{"damage":39,"enemies":"Snake Plant","floor":21,"turns":4},{"damage":20,"enemies":"Slavers","floor":23,"turns":1}],"seed_played":"8692437600553228175","potions_obtained":[{"floor":4,"key":"SkillPotion"},{"floor":4,"key":"Poison Potion"},{"floor":4,"key":"Block Potion"},{"floor":6,"key":"FearPotion"},{"floor":8,"key":"EssenceOfSteel"},{"floor":12,"key":"Explosive Potion"},{"floor":18,"key":"AttackPotion"}],"is_trial":false,"path_per_floor":["M","?","?","?","M","E","R","M","T","R","?","M","?","E","R","B",null,"M","M","M","M","$"],"character_chosen":"IRONCLAD","items_purchased":["ClockworkSouvenir","Ancient Tea Set","Potion Belt","Inflame","Regen Potion"],"campfire_rested":0,"item_purchase_floors":[22,22,22,22,22],"current_hp_per_floor":[79,68,68,68,72,59,59,65,65,65,49,51,51,43,43,38,80,59,52,40,7,7,0],"gold":94,"neow_bonus":"HUNDRED_GOLD","is_prod":false,"is_daily":false,"chose_seed":false,"campfire_upgraded":3,"win_rate":0,"timestamp":1538221456,"path_taken":["M","?","?","?","M","E","R","?","T","R","?","?","?","E","R","BOSS","M","M","M","?","$","E"],"build_version":"2018-09-27","purchased_purges":0,"victory":false,"max_hp_per_floor":[80,80,80,80,80,80,80,80,80,80,80,80,80,80,80,80,80,80,80,80,80,80,80],"card_choices":[{"not_picked":["Sword Boomerang","Second Wind"],"picked":"Iron Wave","floor":1},{"not_picked":["Flex","Evolve"],"picked":"Anger","floor":5},{"not_picked":["Cleave","Sever Soul"],"picked":"Clothesline","floor":6},{"not_picked":["Iron Wave","Whirlwind"],"picked":"Headbutt","floor":8},{"not_picked":["Reckless Charge","Wild Strike"],"picked":"Offering","floor":12},{"not_picked":["Clothesline","Clash"],"picked":"Flex","floor":14},{"not_picked":["Barricade","Feed"],"picked":"Limit Break","floor":16},{"not_picked":["Shrug It Off","Clothesline"],"picked":"Clash","floor":18},{"not_picked":["Body Slam","Sword Boomerang"],"picked":"Bloodletting","floor":19},{"not_picked":["Headbutt","Feel No Pain"],"picked":"Flame Barrier","floor":20},{"not_picked":["Body Slam+1","Clothesline"],"picked":"Intimidate","floor":21}],"player_experience":193126,"relics_obtained":[{"floor":6,"key":"War Paint"},{"floor":9,"key":"Happy Flower"},{"floor":14,"key":"Art of War"}],"event_choices":[{"event_name":"World of Goop","player_choice":"Gather Gold","floor":2,"damage_taken":0},{"event_name":"Liars Game","player_choice":"agreed","floor":3,"damage_taken":0},{"event_name":"The Woman in Blue","player_choice":"Bought 3 Potions","floor":4,"damage_taken":0},{"event_name":"Shining Light","player_choice":"Entered Light","floor":11,"damage_taken":0},{"event_name":"Fountain of Cleansing","player_choice":"Removed Curse","floor":13,"damage_taken":0}],"is_beta":false,"boss_relics":[{"not_picked":["Runic Pyramid","Eternal Feather"],"picked":"Black Star"}],"items_purged_floors":[],"is_endless":false,"potions_floor_spawned":[6,8,12,18],"killed_by":"Slavers","ascension_level":2}