{"gold_per_floor":[18,18,31,31,47,80,99,134,188,188],"floor_reached":10,"playtime":758,"items_purged":[],"score":117,"play_id":"c2eddcfc-cd4a-48d3-ab1e-cf1313de0f8d","local_time":"20190227161143","is_ascension_mode":true,"campfire_choices":[],"neow_cost":"NO_GOLD","seed_source_timestamp":339103873788531,"circlet_count":0,"master_deck":["AscendersBane","Strike_R","Strike_R","Strike_R","Strike_R","Defend_R","Defend_R","Defend_R","Bash","Inflame","Hemokinesis","Pommel Strike","Armaments","Iron Wave","Shrug It Off","Metallicize","Shrug It Off"],"relics":["Burning Blood","CultistMask","Bottled Flame","Ornamental Fan","Juzu Bracelet"],"potions_floor_usage":[],"damage_taken":[{"damage":6,"enemies":"Small Slimes","floor":1,"turns":4},{"damage":1,"enemies":"Cultist","floor":3,"turns":4},{"damage":6,"enemies":"2 Louse","floor":5,"turns":4},{"damage":28,"enemies":"Lagavulin","floor":6,"turns":5},{"damage":12,"enemies":"Red Slaver","floor":7,"turns":6},{"damage":31,"enemies":"3 Sentries","floor":8,"turns":10},{"damage":44,"enemies":"Gremlin Nob","floor":10,"turns":5}],"seed_played":"-1987384958144620831","potions_obtained":[{"floor":1,"key":"SpeedPotion"},{"floor":6,"key":"FearPotion"}],"is_trial":false,"path_per_floor":["M","?","M","?","M","E","M","E","T","E"],"character_chosen":"IRONCLAD","items_purchased":[],"campfire_rested":0,"item_purchase_floors":[],"current_hp_per_floor":[72,72,77,77,77,55,49,24,24,0],"gold":188,"neow_bonus":"TRANSFORM_TWO_CARDS","is_prod":false,"is_daily":false,"chose_seed":false,"campfire_upgraded":0,"win_rate":0,"timestamp":1551273103,"path_taken":["M","?","M","?","?","E","M","E","T","E"],"build_version":"2019-01-23","purchased_purges":0,"victory":false,"max_hp_per_floor":[80,80,80,80,80,80,80,80,80,80],"card_choices":[{"not_picked":["Perfected Strike","Uppercut"],"picked":"Pommel Strike","floor":1},{"not_picked":["Intimidate","Headbutt"],"picked":"Armaments","floor":3},{"not_picked":["Armaments","Perfected Strike"],"picked":"Iron Wave","floor":5},{"not_picked":["Dropkick","Reaper"],"picked":"Shrug It Off","floor":6},{"not_picked":["Perfected Strike","Thunderclap"],"picked":"Metallicize","floor":7},{"not_picked":["Rage","Bloodletting"],"picked":"Shrug It Off","floor":8}],"player_experience":355905,"relics_obtained":[{"floor":6,"key":"Bottled Flame"},{"floor":8,"key":"Ornamental Fan"},{"floor":9,"key":"Juzu Bracelet"}],"event_choices":[{"damage_healed":0,"gold_gain":0,"player_choice":"Leave","damage_taken":0,"max_hp_gain":0,"max_hp_loss":0,"event_name":"The Cleric","floor":2,"gold_loss":0},{"damage_healed":0,"gold_gain":0,"player_choice":"Trade","damage_taken":0,"relics_obtained":["CultistMask"],"max_hp_gain":0,"max_hp_loss":0,"event_name":"FaceTrader","floor":4,"gold_loss":0}],"is_beta":false,"boss_relics":[],"items_purged_floors":[],"is_endless":false,"potions_floor_spawned":[1,6],"killed_by":"Gremlin Nob","ascension_level":10}