{"gold_per_floor":[118,20,35,46,46,46,79,79,130,130,130,162,178,207,207,310,310,328,328,125,143,143,143,171,183,183,183,202,202,202,7,7,7],"floor_reached":33,"playtime":1482,"items_purged":[],"score":515,"play_id":"4e452002-5508-46c0-8a64-2a16f7f475bd","local_time":"20181107194423","is_ascension_mode":true,"campfire_choices":[{"data":"Zap","floor":6,"key":"SMITH"},{"data":"Ball Lightning","floor":11,"key":"SMITH"},{"data":"Blizzard","floor":15,"key":"SMITH"},{"data":"Defragment","floor":23,"key":"SMITH"},{"data":"Fission","floor":27,"key":"SMITH"},{"data":"Bite","floor":29,"key":"SMITH"},{"data":"Bite","floor":32,"key":"SMITH"}],"neow_cost":"NONE","seed_source_timestamp":261350410103650,"circlet_count":0,"master_deck":["AscendersBane","Defend_B","Defend_B","Defend_B","Defend_B","Zap+1","Dualcast","Beam Cell","Hologram+1","Beam Cell+1","Cold Snap","Ball Lightning+1","Blizzard+1","Go for the Eyes","Cold Snap","Fission+1","Skim+1","Bite+1","Bite+1","Bite","Bite","Bite","Defragment+1","Blizzard","Hologram","White Noise","Consume+1","BootSequence+1","Zap","Gash+1"],"relics":["Cracked Core","NeowsBlessing","PreservedInsect","Oddly Smooth Stone","Omamori","Whetstone","Sozu","Incense Burner","Molten Egg 2","ClockworkSouvenir"],"potions_floor_usage":[24,25],"damage_taken":[{"damage":0,"enemies":"Cultist","floor":1,"turns":1},{"damage":0,"enemies":"2 Louse","floor":3,"turns":1},{"damage":0,"enemies":"Jaw Worm","floor":4,"turns":1},{"damage":18,"enemies":"Lagavulin","floor":7,"turns":7},{"damage":4,"enemies":"3 Sentries","floor":12,"turns":4},{"damage":8,"enemies":"Exordium Wildlife","floor":13,"turns":3},{"damage":0,"enemies":"Gremlin Nob","floor":14,"turns":2},{"damage":33,"enemies":"The Guardian","floor":16,"turns":12},{"damage":22,"enemies":"2 Thieves","floor":18,"turns":3},{"damage":0,"enemies":"3 Byrds","floor":21,"turns":5},{"damage":25,"enemies":"Slavers","floor":24,"turns":4},{"damage":20,"enemies":"Centurion and Healer","floor":25,"turns":6},{"damage":12,"enemies":"Sentry and Sphere","floor":28,"turns":5},{"damage":58,"enemies":"Champ","floor":33,"turns":10}],"seed_played":"-9088084475171396652","potions_obtained":[{"floor":3,"key":"SmokeBomb"},{"floor":4,"key":"Weak Potion"},{"floor":14,"key":"AttackPotion"}],"is_trial":false,"path_per_floor":["M","$","M","M","?","R","E","?","T","$","R","E","M","E","R","B",null,"M","?","$","M","?","R","E","M","T","R","M","R","?","$","R","B"],"character_chosen":"DEFECT","items_purchased":["Hologram","Beam Cell","Defragment","Blizzard","Hologram","ClockworkSouvenir"],"campfire_rested":0,"item_purchase_floors":[2,2,20,20,20,31],"current_hp_per_floor":[68,68,68,68,68,68,50,50,50,50,50,46,38,38,38,5,58,36,36,36,46,46,46,33,21,21,21,23,23,23,23,23,0],"gold":7,"neow_bonus":"THREE_ENEMY_KILL","is_prod":false,"is_daily":false,"chose_seed":false,"campfire_upgraded":7,"win_rate":0,"timestamp":1541648663,"path_taken":["M","$","?","M","?","R","E","?","T","?","R","E","?","E","R","BOSS","M","?","$","M","?","R","E","?","T","R","M","R","?","?","R","BOSS"],"build_version":"2018-11-01","purchased_purges":0,"victory":false,"max_hp_per_floor":[75,75,75,75,75,75,75,75,75,75,75,75,75,75,75,75,75,75,52,52,52,52,52,52,52,52,52,52,52,52,52,52,52],"card_choices":[{"not_picked":["Compile Driver","Redo"],"picked":"Beam Cell","floor":1},{"not_picked":["Compile Driver","Beam Cell","Stack"],"picked":"SKIP","floor":3},{"not_picked":["Blizzard","Beam Cell"],"picked":"Cold Snap","floor":4},{"not_picked":["Stack","Amplify"],"picked":"Ball Lightning","floor":7},{"not_picked":["Steam Power","Heatsinks"],"picked":"Blizzard","floor":12},{"not_picked":["BootSequence","Conserve Battery"],"picked":"Go for the Eyes","floor":13},{"not_picked":["Redo","Compile Driver"],"picked":"Cold Snap","floor":14},{"not_picked":["Core Surge","All For One"],"picked":"Fission","floor":16},{"not_picked":["BootSequence","Barrage"],"picked":"Skim+1","floor":18},{"not_picked":["Rebound","Chaos","Auto Shields"],"picked":"SKIP","floor":21},{"not_picked":["Stack","Compile Driver"],"picked":"White Noise","floor":24},{"not_picked":["Recycle","Fusion"],"picked":"Consume+1","floor":25},{"not_picked":["Heatsinks","Beam Cell+1"],"picked":"BootSequence+1","floor":28}],"player_experience":361641,"relics_obtained":[{"floor":7,"key":"PreservedInsect"},{"floor":9,"key":"Oddly Smooth Stone"},{"floor":12,"key":"Omamori"},{"floor":14,"key":"Whetstone"},{"floor":24,"key":"Incense Burner"},{"floor":26,"key":"Molten Egg 2"}],"event_choices":[{"damage_healed":0,"gold_gain":0,"player_choice":"Ignored","damage_taken":0,"max_hp_gain":0,"max_hp_loss":0,"event_name":"Liars Game","floor":5,"gold_loss":0},{"damage_healed":0,"gold_gain":0,"player_choice":"Grow","damage_taken":0,"max_hp_gain":0,"max_hp_loss":0,"event_name":"Living Wall","floor":8,"gold_loss":0,"cards_upgraded":["Hologram"]},{"damage_healed":0,"gold_gain":0,"player_choice":"Became a vampire","damage_taken":0,"max_hp_gain":0,"max_hp_loss":23,"event_name":"Vampires","floor":19,"gold_loss":0,"cards_obtained":["Bite","Bite","Bite","Bite","Bite"]},{"damage_healed":0,"gold_gain":0,"player_choice":"Bought 0 Potions","damage_taken":0,"max_hp_gain":0,"max_hp_loss":0,"event_name":"The Woman in Blue","floor":22,"gold_loss":0},{"damage_healed":0,"gold_gain":0,"player_choice":"2 cards matched","damage_taken":0,"max_hp_gain":0,"max_hp_loss":0,"event_name":"Match and Keep!","floor":30,"gold_loss":0,"cards_obtained":["Zap","Gash"]}],"is_beta":false,"boss_relics":[{"not_picked":["Astrolabe","Philosopher\u0027s Stone"],"picked":"Sozu"}],"items_purged_floors":[],"is_endless":false,"potions_floor_spawned":[3,4,14,18,25,28],"killed_by":"Champ","ascension_level":12}