{"path_per_floor":["M","M","M","M","M","?","R","E","T","?","R","$","R","M","R","B",null,"M","$","?","M","?","R","?","R","T","R","M","?","M","M","R","B",null,"M","T","$","M","$","R","?","M","T","M","M","?","R","M","R","B"],"character_chosen":"IRONCLAD","items_purchased":["Apotheosis","Oddly Smooth Stone","Metallicize","Heavy Blade","Headbutt"],"gold_per_floor":[113,124,143,156,169,169,169,199,271,271,271,62,62,82,82,187,187,207,51,51,71,71,71,71,71,94,94,104,104,122,134,134,231,231,241,241,76,87,63,63,63,80,104,124,142,142,142,161,161,161],"floor_reached":51,"campfire_rested":3,"playtime":3028,"current_hp_per_floor":[76,77,77,80,80,80,80,84,84,65,65,65,65,71,71,68,94,94,94,75,74,74,74,74,74,74,74,56,56,42,40,84,12,99,87,87,87,76,76,76,76,57,57,36,10,10,54,61,99,42],"items_purged":["Fire Breathing"],"gold":161,"score":524,"play_id":"5b49ff0e-5cc2-4d95-a078-4a91181f37c8","is_prod":false,"is_daily":false,"is_ascension_mode":false,"campfire_upgraded":8,"path_taken":["M","M","M","?","M","?","R","E","T","?","R","?","R","M","R","BOSS","M","$","?","?","?","R","?","R","T","R","M","?","M","M","R","BOSS","M","?","$","M","$","R","?","M","T","M","M","?","R","M","R","BOSS"],"build_version":"2018-02-08-PROD1","purchased_purges":3,"victory":true,"master_deck":["Strike_R+1","Defend_R","Defend_R","Defend_R","Defend_R","Bash+1","Flex+1","Battle Trance+1","Dark Embrace+1","Sword Boomerang+1","Whirlwind+1","Seeing Red+1","Apotheosis+1","Pummel","Offering+1","Offering","Demon Form+1","Rampage+1","Berserk+1","Flex+1","Metallicize+1","Heavy Blade","Headbutt","Rupture+1","Inflame+1","Offering"],"max_hp_per_floor":[80,80,80,80,80,80,80,94,94,94,94,94,94,94,94,94,94,94,94,99,99,99,99,99,99,99,99,99,99,99,99,99,99,99,99,99,99,99,99,99,99,99,99,99,99,99,99,99,99,99],"relics":["Burning Blood","Mango","Darkstone Periapt","Runic Cube","Oddly Smooth Stone","Regal Pillow","Juzu Bracelet","Astrolabe","Bird Faced Urn","Ancient Tea Set"],"card_choices":[{"not_picked":["Disarm","Clothesline"],"picked":"Flex"},{"not_picked":["Body Slam","Wild Strike"],"picked":"Battle Trance"},{"not_picked":["Anger","Evolve"],"picked":"Dark Embrace"},{"not_picked":["Iron Wave","Clash"],"picked":"Sword Boomerang"},{"not_picked":["Headbutt","True Grit"],"picked":"Whirlwind"},{"not_picked":["Juggernaut","Havoc"],"picked":"Seeing Red"},{"not_picked":["Headbutt","Power Through"],"picked":"Pummel"},{"not_picked":["Demon Form","Impervious"],"picked":"Offering"},{"not_picked":["Clash","Twin Strike"],"picked":"Offering"},{"not_picked":["Offering","Brutality"],"picked":"Demon Form"},{"not_picked":["Uppercut","Burning Pact"],"picked":"Flex"},{"not_picked":["Pommel Strike","Second Wind"],"picked":"Rupture"},{"not_picked":["Clothesline","Dual Wield"],"picked":"Inflame"},{"not_picked":["True Grit","Havoc"],"picked":"Offering"}],"player_experience":173922,"potions_floor_usage":[18,33,33,50],"damage_taken":[{"damage":10.0,"enemies":"Blue Slaver","floor":1.0,"turns":6.0},{"damage":5.0,"enemies":"Small Slimes","floor":2.0,"turns":4.0},{"damage":6.0,"enemies":"Cultist","floor":3.0,"turns":3.0},{"damage":3.0,"enemies":"2 Fungi Beasts","floor":4.0,"turns":4.0},{"damage":0.0,"enemies":"Large Slime","floor":5.0,"turns":4.0},{"damage":16.0,"enemies":"3 Sentries","floor":8.0,"turns":4.0},{"damage":0.0,"enemies":"3 Louse","floor":14.0,"turns":2.0},{"damage":9.0,"enemies":"Slime Boss","floor":16.0,"turns":6.0},{"damage":4,"enemies":"Shell Parasite","floor":18,"turns":2},{"damage":7,"enemies":"3 Byrds","floor":21,"turns":3},{"damage":24,"enemies":"Centurion and Healer","floor":28,"turns":2},{"damage":20,"enemies":"Snake Plant","floor":30,"turns":2},{"damage":8,"enemies":"Chosen and Byrds","floor":31,"turns":2},{"damage":78,"enemies":"Champ","floor":33,"turns":10},{"damage":18,"enemies":"Orb Walker","floor":35,"turns":2},{"damage":19,"enemies":"3 Darklings","floor":38,"turns":2},{"damage":33,"enemies":"Maw","floor":42,"turns":5},{"damage":33,"enemies":"Sphere and 2 Shapes","floor":44,"turns":3},{"damage":44,"enemies":"4 Shapes","floor":45,"turns":3},{"damage":9,"enemies":"Maw","floor":48,"turns":3},{"damage":73,"enemies":"Donu and Deca","floor":50,"turns":5}],"event_choices":[{"event_name":"Upgrade Shrine","player_choice":"Upgraded","floor":6.0,"damage_taken":0.0},{"event_name":"Shining Light","player_choice":"Entered Light","floor":10.0,"damage_taken":0.0},{"event_name":"Forgotten Altar","player_choice":"Shed Blood","floor":20,"damage_taken":0},{"event_name":"Beggar","player_choice":"Ignored","floor":22,"damage_taken":0},{"event_name":"Purifier","player_choice":"One Purge","floor":24,"damage_taken":0},{"event_name":"The Mausoleum","player_choice":"Yes","floor":29,"damage_taken":0},{"event_name":"Accursed Blacksmith","player_choice":"Forge","floor":41,"damage_taken":0},{"event_name":"Mysterious Sphere","player_choice":"Ignore","floor":46,"damage_taken":0}],"boss_relics":[{"not_picked":["Sozu","Runic Pyramid"],"picked":"Runic Cube"},{"not_picked":["Velvet Choker","Snecko Eye"],"picked":"Astrolabe"}],"potions_floor_spawned":[2,8,28,30,31,35,44,48],"seed_played":"-355346364692936699","ascension_level":0,"is_trial":false}