{"gold_per_floor":[115,115,115,132,21,56,56,72,72,72,72,130,130,142,142,217,217,235,31,43,43,62,62,80,80],"floor_reached":25,"playtime":676,"items_purged":["Strike_R"],"score":472,"play_id":"e8db9d84-ba83-4ea7-9bf6-01356d40e469","local_time":"20181107002246","is_ascension_mode":true,"campfire_choices":[{"floor":7,"key":"REST"},{"data":"Uppercut","floor":15,"key":"SMITH"},{"data":"Shrug It Off","floor":23,"key":"SMITH"}],"neow_cost":"NONE","seed_source_timestamp":450132986180670,"circlet_count":0,"master_deck":["AscendersBane","Strike_R","Strike_R+1","Strike_R","Defend_R","Defend_R+1","Defend_R","Defend_R","Bash","Pommel Strike","Uppercut+1","Shrug It Off+1","Uppercut","Immolate","Offering","Inflame","Flame Barrier"],"relics":["Burning Blood","NeowsBlessing","FossilizedHelix","Omamori","Magic Flower","Tiny Chest","Bottled Lightning","Runic Pyramid"],"potions_floor_usage":[12,14,20,20,25],"damage_taken":[{"damage":0,"enemies":"2 Louse","floor":1,"turns":1},{"damage":0,"enemies":"Jaw Worm","floor":4,"turns":1},{"damage":0,"enemies":"3 Sentries","floor":6,"turns":1},{"damage":0,"enemies":"Cultist","floor":8,"turns":3},{"damage":18,"enemies":"Gremlin Nob","floor":12,"turns":5},{"damage":8,"enemies":"Lots of Slimes","floor":14,"turns":8},{"damage":24,"enemies":"Slime Boss","floor":16,"turns":9},{"damage":8,"enemies":"Chosen","floor":18,"turns":5},{"damage":0,"enemies":"2 Thieves","floor":20,"turns":3},{"damage":4,"enemies":"Chosen and Byrds","floor":22,"turns":5},{"damage":6,"enemies":"Centurion and Healer","floor":24,"turns":5},{"damage":89,"enemies":"Book of Stabbing","floor":25,"turns":6}],"seed_played":"-2302438532053161324","potions_obtained":[{"floor":4,"key":"Ancient Potion"},{"floor":12,"key":"PowerPotion"},{"floor":16,"key":"PowerPotion"},{"floor":18,"key":"SneckoOil"},{"floor":24,"key":"SpeedPotion"}],"is_trial":false,"path_per_floor":["M","?","?","M","$","E","R","M","T","?","?","E","T","M","R","B",null,"M","$","M","$","M","R","M","E"],"character_chosen":"IRONCLAD","items_purchased":["Uppercut","Shrug It Off","Inflame","Flame Barrier"],"campfire_rested":1,"item_purchase_floors":[5,5,19,19],"current_hp_per_floor":[74,56,33,39,39,45,67,73,73,73,66,57,57,58,58,43,67,68,68,75,75,75,75,75,0],"gold":80,"neow_bonus":"THREE_ENEMY_KILL","is_prod":false,"is_daily":false,"chose_seed":false,"campfire_upgraded":2,"win_rate":0,"timestamp":1541578966,"path_taken":["M","?","?","M","?","E","R","?","T","?","?","E","?","?","R","BOSS","M","$","?","?","M","R","M","E"],"build_version":"2018-11-01","purchased_purges":1,"victory":false,"max_hp_per_floor":[75,75,75,75,75,75,75,75,75,75,75,75,75,75,75,75,75,75,75,75,75,75,75,75,75],"card_choices":[{"not_picked":["Clash","Headbutt","Twin Strike"],"picked":"SKIP","floor":1},{"not_picked":["Wild Strike","Sword Boomerang"],"picked":"Pommel Strike","floor":4},{"not_picked":["Combust","Sword Boomerang","Havoc"],"picked":"SKIP","floor":6},{"not_picked":["Body Slam","Pommel Strike","Clash"],"picked":"SKIP","floor":8},{"not_picked":["Combust","Wild Strike"],"picked":"Uppercut","floor":12},{"not_picked":["Wild Strike","True Grit"],"picked":"Immolate","floor":14},{"not_picked":["Reaper","Feed"],"picked":"Offering","floor":16},{"not_picked":["Combust","Iron Wave+1","Havoc"],"picked":"SKIP","floor":18},{"not_picked":["Power Through","Perfected Strike","Headbutt+1"],"picked":"SKIP","floor":20},{"not_picked":["Cleave","Heavy Blade","Infernal Blade"],"picked":"SKIP","floor":22},{"not_picked":["Wild Strike+1","Cleave","Heavy Blade"],"picked":"SKIP","floor":24}],"player_experience":621435,"relics_obtained":[{"floor":6,"key":"Omamori"},{"floor":9,"key":"Magic Flower"},{"floor":12,"key":"Tiny Chest"},{"floor":13,"key":"Bottled Lightning"}],"event_choices":[{"damage_healed":0,"gold_gain":0,"player_choice":"Success","damage_taken":18,"relics_obtained":["FossilizedHelix"],"max_hp_gain":0,"max_hp_loss":0,"event_name":"Scrap Ooze","floor":2,"gold_loss":0},{"damage_healed":0,"gold_gain":0,"player_choice":"Entered Light","damage_taken":23,"max_hp_gain":0,"max_hp_loss":0,"event_name":"Shining Light","floor":3,"gold_loss":0,"cards_upgraded":["Defend_R","Strike_R"]},{"damage_healed":0,"gold_gain":0,"player_choice":"Leave","damage_taken":0,"max_hp_gain":0,"max_hp_loss":0,"event_name":"The Cleric","floor":10,"gold_loss":0},{"cards_removed":["Strike_R"],"damage_healed":0,"gold_gain":0,"player_choice":"Card Removal","damage_taken":7,"max_hp_gain":0,"max_hp_loss":0,"event_name":"Golden Wing","floor":11,"gold_loss":0}],"is_beta":false,"boss_relics":[{"not_picked":["Tiny House","Black Star"],"picked":"Runic Pyramid"}],"items_purged_floors":[19],"is_endless":false,"potions_floor_spawned":[4,12,16,18,24],"killed_by":"Book of Stabbing","ascension_level":20}