{"gold_per_floor":[141,157,175,175,34,34,59,35,35,112,112,125,142,160,160,259,259,245,53,79,92,109,109],"floor_reached":23,"playtime":1008,"items_purged":["Normality"],"score":193,"play_id":"feae9690-0ee5-48b4-bdd5-57e5d281a583","local_time":"20190119121516","is_ascension_mode":false,"campfire_choices":[{"floor":6,"key":"RECALL"},{"data":"Spot Weakness","floor":11,"key":"SMITH"},{"data":"Perfected Strike","floor":15,"key":"SMITH"}],"neow_cost":"NONE","seed_source_timestamp":909984859376481,"circlet_count":0,"master_deck":["Strike_R","Strike_R","Strike_R","Strike_R","Strike_R","Defend_R","Defend_R","Defend_R","Defend_R","Bash","Perfected Strike+1","Heavy Blade","Blood for Blood","Spot Weakness+1","Rupture","Metallicize","Shrug It Off","Flame Barrier","Reckless Charge","Shrug It Off","Brutality","Regret","Writhe","Pummel+1","Spot Weakness","Heavy Blade","Heavy Blade","Sword Boomerang"],"relics":["Burning Blood","Tiny Chest","Shuriken","Pantograph","Calling Bell","Anchor","Letter Opener","Mango","Regal Pillow"],"potions_floor_usage":[16,23,23,23],"damage_taken":[{"damage":1,"enemies":"Cultist","floor":1,"turns":4},{"damage":6,"enemies":"Jaw Worm","floor":2,"turns":3},{"damage":6,"enemies":"2 Louse","floor":3,"turns":2},{"damage":34,"enemies":"3 Sentries","floor":7,"turns":8},{"damage":7,"enemies":"Looter","floor":12,"turns":3},{"damage":7,"enemies":"3 Louse","floor":13,"turns":3},{"damage":7,"enemies":"Blue Slaver","floor":14,"turns":3},{"damage":30,"enemies":"Hexaghost","floor":16,"turns":9},{"damage":24,"enemies":"2 Thieves","floor":18,"turns":4},{"damage":23,"enemies":"Shell Parasite","floor":21,"turns":5},{"damage":45,"enemies":"3 Cultists","floor":22,"turns":6},{"damage":23,"enemies":"Slavers","floor":23,"turns":3}],"seed_played":"7957387196241967010","potions_obtained":[{"floor":1,"key":"Explosive Potion"},{"floor":7,"key":"SteroidPotion"},{"floor":14,"key":"SkillPotion"},{"floor":16,"key":"Explosive Potion"},{"floor":21,"key":"SkillPotion"}],"is_trial":false,"path_per_floor":["M","M","M","?","$","R","E","$","T","T","R","M","M","M","R","B",null,"M","$","T","M","M","E"],"character_chosen":"IRONCLAD","items_purchased":["Spot Weakness","Rupture","Shrug It Off","Spot Weakness","Heavy Blade"],"campfire_rested":0,"item_purchase_floors":[5,5,8,19,19],"current_hp_per_floor":[80,80,80,72,72,72,44,44,44,44,44,43,42,41,41,42,94,76,76,76,59,20,0],"gold":109,"neow_bonus":"RANDOM_COMMON_RELIC","is_prod":false,"is_daily":false,"chose_seed":false,"campfire_upgraded":2,"win_rate":0,"timestamp":1547918116,"path_taken":["M","?","M","?","$","R","E","?","T","?","R","M","?","M","R","BOSS","M","$","?","?","M","E"],"build_version":"2019-01-17v2","purchased_purges":1,"victory":false,"max_hp_per_floor":[80,80,80,80,80,80,80,80,80,80,80,80,80,80,80,80,94,94,94,94,94,94,94],"card_choices":[{"not_picked":["Second Wind","Body Slam"],"picked":"Perfected Strike","floor":1},{"not_picked":["Shockwave","Shrug It Off"],"picked":"Heavy Blade","floor":2},{"not_picked":["Reckless Charge","Power Through"],"picked":"Blood for Blood","floor":3},{"not_picked":["Bludgeon","Warcry"],"picked":"Metallicize","floor":7},{"not_picked":["Thunderclap","Anger"],"picked":"Flame Barrier","floor":12},{"not_picked":["Body Slam","Feel No Pain"],"picked":"Reckless Charge","floor":13},{"not_picked":["Fire Breathing","Wild Strike"],"picked":"Shrug It Off","floor":14},{"not_picked":["Fiend Fire","Double Tap"],"picked":"Brutality","floor":16},{"not_picked":["Carnage","Heavy Blade"],"picked":"Pummel+1","floor":18},{"not_picked":["Searing Blow","Clash"],"picked":"Heavy Blade","floor":21},{"not_picked":["Warcry","Body Slam+1"],"picked":"Sword Boomerang","floor":22}],"player_experience":65584,"relics_obtained":[{"floor":7,"key":"Shuriken"},{"floor":10,"key":"Pantograph"},{"floor":17,"key":"Anchor"},{"floor":17,"key":"Letter Opener"},{"floor":17,"key":"Mango"},{"floor":20,"key":"Regal Pillow"}],"event_choices":[{"damage_healed":0,"gold_gain":0,"player_choice":"Damaged","damage_taken":8,"max_hp_gain":0,"max_hp_loss":0,"event_name":"Wheel of Change","floor":4,"gold_loss":0}],"is_beta":false,"boss_relics":[{"not_picked":["Tiny House","Empty Cage"],"picked":"Calling Bell"}],"items_purged_floors":[19],"is_endless":false,"potions_floor_spawned":[1,7,14,16,18,21],"killed_by":"Slavers","ascension_level":0}