{"gold_per_floor":[114,114,134,144,164,197,197,227,227,239,256,256,276,276],"floor_reached":14,"playtime":675,"items_purged":[],"score":125,"play_id":"dda7db00-5cea-4c82-89b3-564c6ded6596","local_time":"20180928015117","is_ascension_mode":true,"campfire_choices":[{"data":"Sunder","floor":7,"key":"SMITH"},{"data":"Defragment","floor":12,"key":"SMITH"}],"neow_cost":"TEN_PERCENT_HP_LOSS","seed_source_timestamp":381678584327876,"circlet_count":0,"master_deck":["Strike_B","Strike_B","Strike_B","Strike_B","Defend_B","Defend_B","Defend_B","Defend_B","Zap","Dualcast","Sunder+1","Ball Lightning","Cold Snap","Hello World","Conserve Battery","Multi-Cast","Defragment+1","Conserve Battery","Lockon"],"relics":["Cracked Core","Pocketwatch","NlothsMask","Bottled Flame","Gambling Chip"],"potions_floor_usage":[8,8,10],"damage_taken":[{"damage":12,"enemies":"Jaw Worm","floor":1,"turns":3},{"damage":0,"enemies":"Cultist","floor":3,"turns":2},{"damage":8,"enemies":"2 Louse","floor":4,"turns":2},{"damage":6,"enemies":"Looter","floor":5,"turns":2},{"damage":28,"enemies":"Gremlin Nob","floor":6,"turns":4},{"damage":13,"enemies":"Lagavulin","floor":8,"turns":5},{"damage":0,"enemies":"Blue Slaver","floor":10,"turns":3},{"damage":0,"enemies":"2 Fungi Beasts","floor":11,"turns":2},{"damage":0,"enemies":"Looter","floor":13,"turns":2}],"seed_played":"-6771115965437702980","potions_obtained":[{"floor":1,"key":"AttackPotion"},{"floor":3,"key":"Block Potion"},{"floor":6,"key":"AttackPotion"},{"floor":10,"key":"Poison Potion"},{"floor":13,"key":"Ancient Potion"}],"is_trial":false,"path_per_floor":["M","?","M","M","M","E","R","E","T","M","M","R","M"],"character_chosen":"DEFECT","items_purchased":[],"campfire_rested":0,"item_purchase_floors":[],"current_hp_per_floor":[56,56,56,48,42,14,14,1,1,1,1,1,1,0],"gold":276,"neow_bonus":"ONE_RARE_RELIC","is_prod":false,"is_daily":false,"chose_seed":false,"campfire_upgraded":2,"win_rate":0,"timestamp":1538124677,"path_taken":["M","?","M","M","M","E","R","E","T","M","M","R","M","?"],"build_version":"2018-09-27","purchased_purges":0,"victory":false,"max_hp_per_floor":[68,68,68,68,68,68,68,68,68,68,68,68,68,68],"card_choices":[{"not_picked":["Compile Driver","Double Energy"],"picked":"Sunder","floor":1},{"not_picked":["Self Repair","Steam"],"picked":"Ball Lightning","floor":3},{"not_picked":["Force Field","Sweeping Beam"],"picked":"Cold Snap","floor":4},{"not_picked":["Reinforced Body","Melter"],"picked":"Hello World","floor":5},{"not_picked":["Leap","Barrage"],"picked":"Conserve Battery","floor":6},{"not_picked":["Static Discharge","Recycle"],"picked":"Multi-Cast","floor":8},{"not_picked":["Redo","Turbo"],"picked":"Defragment","floor":10},{"not_picked":["Stack","Cold Snap"],"picked":"Conserve Battery","floor":11},{"not_picked":["Coolheaded","Redo"],"picked":"Lockon","floor":13}],"player_experience":178082,"relics_obtained":[{"floor":6,"key":"Bottled Flame"},{"floor":8,"key":"Gambling Chip"}],"event_choices":[{"event_name":"FaceTrader","player_choice":"Trade","floor":2,"damage_taken":0}],"is_beta":false,"boss_relics":[],"items_purged_floors":[],"is_endless":false,"potions_floor_spawned":[1,3,6,10,13],"ascension_level":4}