{"gold_per_floor":[110,35,35,46,221,221,249,268,268,279,296,266,266,283,283,380,380,398],"floor_reached":18,"playtime":1467,"items_purged":["Strike_G"],"score":164,"play_id":"c45999ff-d0e5-4324-8714-220d4f7a036f","local_time":"20180815150446","is_ascension_mode":false,"campfire_choices":[{"data":"Poisoned Stab","floor":6,"key":"SMITH"},{"floor":13,"key":"REST"},{"data":"Catalyst","floor":15,"key":"SMITH"}],"neow_cost":"","seed_source_timestamp":395930527305219,"circlet_count":0,"master_deck":["Defend_G","Defend_G","Defend_G","Defend_G","Strike_G","Strike_G","Strike_G","Strike_G","Survivor","Neutralize","Poisoned Stab+1","Doubt","Footwork","Catalyst+1","Dodge and Roll","Outmaneuver","Burst","Acrobatics+1"],"relics":["Ring of the Snake","Ninja Scroll","Strawberry","HoveringKite"],"potions_floor_usage":[16,16],"damage_taken":[{"damage":0,"enemies":"Cultist","floor":1,"turns":4},{"damage":2,"enemies":"Jaw Worm","floor":4,"turns":3},{"damage":47,"enemies":"3 Sentries","floor":7,"turns":15},{"damage":0,"enemies":"2 Louse","floor":8,"turns":2},{"damage":11,"enemies":"Exordium Wildlife","floor":10,"turns":7},{"damage":3,"enemies":"Looter","floor":11,"turns":3},{"damage":1,"enemies":"Red Slaver","floor":14,"turns":5},{"damage":12,"enemies":"The Guardian","floor":16,"turns":6},{"damage":12,"enemies":"Shell Parasite","floor":18,"turns":12}],"seed_played":"803008886303538439","potions_obtained":[{"floor":11,"key":"SteroidPotion"},{"floor":12,"key":"Poison Potion"},{"floor":12,"key":"SkillPotion"},{"floor":16,"key":"Strength Potion"},{"floor":18,"key":"SpeedPotion"}],"is_trial":false,"path_per_floor":["M","$","?","M","?","R","E","M","T","M","M","?","R","M","R","B",null],"character_chosen":"THE_SILENT","items_purchased":[],"campfire_rested":1,"item_purchase_floors":[],"current_hp_per_floor":[70,70,63,61,61,61,14,14,21,10,7,7,30,29,29,17,77,65],"gold":398,"neow_bonus":"","is_prod":false,"is_daily":false,"chose_seed":false,"campfire_upgraded":2,"win_rate":0.0,"timestamp":1534359886,"path_taken":["M","$","?","M","?","R","E","M","T","M","M","?","R","M","R","BOSS","M"],"build_version":"2018-08-09","purchased_purges":1,"victory":false,"max_hp_per_floor":[70,70,70,70,70,70,70,70,77,77,77,77,77,77,77,77,77,77],"card_choices":[{"not_picked":["Dagger Spray","Endless Agony"],"picked":"Poisoned Stab","floor":1},{"not_picked":["Predator","Dagger Throw","Slice"],"picked":"SKIP","floor":4},{"not_picked":["Infinite Blades","Sucker Punch"],"picked":"Footwork","floor":7},{"not_picked":["Prepared","Bane"],"picked":"Catalyst","floor":8},{"not_picked":["Calculated Gamble","Flechettes","Eviscerate"],"picked":"SKIP","floor":10},{"not_picked":["Choke","A Thousand Cuts"],"picked":"Dodge and Roll","floor":11},{"not_picked":["Backflip","Acrobatics"],"picked":"Outmaneuver","floor":14},{"not_picked":["Night Terror","Bullet Time"],"picked":"Burst","floor":16},{"not_picked":["Outmaneuver","Caltrops"],"picked":"Acrobatics+1","floor":18}],"player_experience":23901,"relics_obtained":[{"floor":7,"key":"Ninja Scroll"},{"floor":9,"key":"Strawberry"}],"event_choices":[{"event_name":"Golden Wing","player_choice":"Card Removal","floor":3,"damage_taken":0},{"event_name":"Liars Game","player_choice":"agreed","floor":5,"damage_taken":0},{"event_name":"The Woman in Blue","player_choice":"Bought 2 Potions","floor":12,"damage_taken":0}],"is_beta":false,"boss_relics":[{"not_picked":["Busted Crown","Calling Bell"],"picked":"HoveringKite"}],"items_purged_floors":[2],"is_endless":false,"potions_floor_spawned":[11,14,16,18],"killed_by":"Shell Parasite","ascension_level":0}