{"path_per_floor":["M","$","?","M","$","R","E","R","T","M","T","M","M","$","R","B",null,"M","M","?","?","?","R","E","R","T","R","M","M"],"character_chosen":"THE_SILENT","items_purchased":["Acrobatics","Footwork","Escape Plan"],"gold_per_floor":[119,119,119,131,29,29,59,59,59,79,79,89,106,0,0,101,101,116,136,136,136,136,136,165,165,165,165,182,194],"floor_reached":30,"campfire_rested":2,"playtime":1941,"current_hp_per_floor":[70,70,58,58,58,58,58,58,58,60,60,60,58,58,58,45,70,61,56,40,40,27,49,28,50,50,50,47,16],"items_purged":["Strike_G"],"gold":194,"score":314,"play_id":"31e48eba-b5e6-4bda-915e-bf22b5e92b06","is_prod":false,"is_daily":false,"is_ascension_mode":true,"campfire_upgraded":4,"path_taken":["M","$","?","?","$","R","E","R","T","M","?","M","?","$","R","BOSS","M","M","?","?","?","R","E","R","T","R","M","M","M"],"build_version":"2018-02-08-PROD1","purchased_purges":2,"victory":false,"master_deck":["Survivor","Neutralize+1","Dagger Throw","Dagger Spray+1","Acrobatics","Backstab","Dash","Noxious Fumes+1","Footwork","Escape Plan","Corpse Explosion+1","Predator","Acrobatics","Crippling Poison","Masterful Stab","Caltrops","Dagger Throw","Dagger Throw","Prepared","Dagger Spray","Dodge and Roll+1","Writhe","Die Die Die","Prepared+1"],"max_hp_per_floor":[70,70,70,70,70,70,70,70,70,70,70,70,70,70,70,70,70,70,70,70,70,75,75,75,75,75,75,75,75],"relics":["Ring of the Snake","NeowsBlessing","Ice Cream","Ornamental Fan","Blood Vial","Gambling Chip","Pandora\u0027s Box","Nilry\u0027s Codex","Kunai","Art of War","Dead Branch"],"card_choices":[{"not_picked":["Crippling Poison","Underhanded Strike"],"picked":"Dagger Throw"},{"not_picked":["Dodge and Roll","Accuracy"],"picked":"Dagger Spray"},{"not_picked":["Prepared","Sucker Punch"],"picked":"Backstab"},{"not_picked":["Choke","Dagger Spray"],"picked":"Dash"},{"not_picked":["Slice","Dagger Throw"],"picked":"Noxious Fumes"},{"not_picked":["Tactician","After Image"],"picked":"Corpse Explosion"},{"not_picked":["Bane","Heel Hook"],"picked":"Dodge and Roll"},{"not_picked":["Eviscerate","Bane"],"picked":"Die Die Die"},{"not_picked":["Slice","Heel Hook"],"picked":"Prepared"}],"player_experience":163319,"potions_floor_usage":[24,24,24],"damage_taken":[{"damage":0,"enemies":"Cultist","floor":1,"turns":1},{"damage":0,"enemies":"Blue Slaver","floor":4,"turns":1},{"damage":0,"enemies":"Lagavulin","floor":7,"turns":1},{"damage":0,"enemies":"Small Slimes","floor":10,"turns":1},{"damage":2,"enemies":"2 Fungi Beasts","floor":12,"turns":3},{"damage":4,"enemies":"Exordium Wildlife","floor":13,"turns":3},{"damage":15,"enemies":"The Guardian","floor":16,"turns":11},{"damage":9,"enemies":"Chosen","floor":18,"turns":4},{"damage":7,"enemies":"Spheric Guardian","floor":19,"turns":4},{"damage":32,"enemies":"Slavers","floor":24,"turns":4},{"damage":5,"enemies":"Centurion and Healer","floor":28,"turns":5},{"damage":33,"enemies":"Snake Plant","floor":29,"turns":4},{"damage":21,"enemies":"Sentry and Sphere","floor":30,"turns":5}],"event_choices":[{"event_name":"Scrap Ooze","player_choice":"success","floor":3,"damage_taken":12},{"event_name":"Cursed Tome","player_choice":"Obtained Book","floor":20,"damage_taken":0},{"event_name":"The Mausoleum","player_choice":"Yes","floor":21,"damage_taken":0},{"event_name":"Forgotten Altar","player_choice":"Shed Blood","floor":22,"damage_taken":0}],"boss_relics":[{"not_picked":["Eternal Feather","Philosopher\u0027s Stone"],"picked":"Pandora\u0027s Box"}],"potions_floor_spawned":[1,12,13,19,28],"seed_played":"-3578042682201877133","killed_by":"Sentry and Sphere","ascension_level":3,"is_trial":false}