{"path_per_floor":["M","M","$","M","M","R","?","R","T","E","M","M","M","E","R","B",null,"M","?","?","$","M","R","?","M","T","R","$","$","M","M","R"],"character_chosen":"THE_SILENT","items_purchased":["All Out Attack","Infinite Blades","Tough Bandages","Leg Sweep"],"gold_per_floor":[113,123,21,41,52,52,52,52,75,108,118,136,147,179,179,275,275,285,285,285,46,61,61,61,79,79,79,8,8,24,41,41,41],"floor_reached":33,"campfire_rested":1,"playtime":1019,"current_hp_per_floor":[67,67,67,67,62,62,62,62,62,46,39,41,43,33,33,26,76,47,33,33,33,33,33,33,6,6,45,45,45,45,36,36,0],"items_purged":[],"gold":41,"score":259,"play_id":"298a71a9-f123-4e90-acc0-827437084e7a","local_time":"20180413103707","is_prod":false,"is_daily":false,"chose_seed":false,"is_ascension_mode":false,"campfire_upgraded":5,"timestamp":1523583427,"path_taken":["M","M","$","?","M","R","?","R","T","E","M","M","?","E","R","BOSS","M","?","?","$","M","R","?","M","T","R","?","$","?","M","R","BOSS"],"build_version":"2018-04-12","seed_source_timestamp":1585242168815833,"purchased_purges":0,"victory":false,"master_deck":["Survivor","Neutralize","Acrobatics","Choke+1","All Out Attack","Infinite Blades","Blade Dance+1","Skewer+1","Dash","Die Die Die","Blade Dance+1","Dagger Spray","Eviscerate","PiercingWail","Slice","Outmaneuver","Deadly Poison","Masterful Stab","Prepared","All Out Attack","Backflip+1","Accuracy","Cloak And Dagger+1","Leg Sweep","Backflip","Calculated Gamble+1"],"max_hp_per_floor":[70,70,70,70,70,70,70,70,70,72,72,74,76,76,76,76,76,76,81,81,81,81,81,81,81,81,81,81,81,81,81,81,81],"relics":["Philosopher\u0027s Stone","Regal Pillow","Singing Bowl","Torii","Pandora\u0027s Box","Tough Bandages","Bottled Lightning"],"card_choices":[{"not_picked":["Expertise","Bane"],"picked":"Acrobatics","floor":1},{"not_picked":["Blade Dance","Quick Slash"],"picked":"Choke","floor":2},{"not_picked":["Catalyst","Bane"],"picked":"Blade Dance","floor":5},{"not_picked":["Dodge and Roll","Phantasmal Killer"],"picked":"Skewer","floor":11},{"not_picked":["Leg Sweep","Crippling Poison"],"picked":"Dash","floor":14},{"not_picked":["Tactician","Doppelganger"],"picked":"Die Die Die","floor":16},{"not_picked":["Outmaneuver","Terror"],"picked":"Backflip","floor":18},{"not_picked":["Bane","Quick Slash"],"picked":"Accuracy","floor":22},{"not_picked":["Prepared","Infinite Blades"],"picked":"Cloak And Dagger","floor":25},{"not_picked":["Finisher","Flying Knee"],"picked":"Backflip","floor":30},{"not_picked":["Sucker Punch","Endless Agony"],"picked":"Calculated Gamble","floor":31}],"player_experience":433815,"potions_floor_usage":[14,14,16,33,33],"damage_taken":[{"damage":3,"enemies":"Cultist","floor":1,"turns":4},{"damage":0,"enemies":"Jaw Worm","floor":2,"turns":5},{"damage":0,"enemies":"2 Louse","floor":4,"turns":2},{"damage":5,"enemies":"Red Slaver","floor":5,"turns":5},{"damage":18,"enemies":"Gremlin Nob","floor":10,"turns":3},{"damage":7,"enemies":"Looter","floor":11,"turns":3},{"damage":0,"enemies":"Blue Slaver","floor":12,"turns":2},{"damage":0,"enemies":"2 Fungi Beasts","floor":13,"turns":2},{"damage":10,"enemies":"3 Sentries","floor":14,"turns":5},{"damage":22,"enemies":"Slime Boss","floor":16,"turns":9},{"damage":29,"enemies":"Shell Parasite","floor":18,"turns":5},{"damage":0,"enemies":"3 Byrds","floor":22,"turns":3},{"damage":27,"enemies":"Snake Plant","floor":25,"turns":3},{"damage":0,"enemies":"Centurion and Healer","floor":30,"turns":4},{"damage":9,"enemies":"Chosen and Byrds","floor":31,"turns":4},{"damage":63,"enemies":"Automaton","floor":33,"turns":6}],"event_choices":[{"event_name":"The Lab","player_choice":"Got Potions","floor":7,"damage_taken":0},{"event_name":"Forgotten Altar","player_choice":"Shed Blood","floor":19,"damage_taken":0},{"event_name":"Drug Dealer","player_choice":"Ignored","floor":20,"damage_taken":0},{"event_name":"Cursed Tome","player_choice":"Ignored","floor":24,"damage_taken":0}],"boss_relics":[{"not_picked":["Calling Bell","Orrery"],"picked":"Pandora\u0027s Box"}],"potions_floor_spawned":[1,5,11,14,25,30],"seed_played":"2643557856483559744","killed_by":"Automaton","ascension_level":0,"is_trial":false}