{"gold_per_floor":[110,185,198,212,229,229,259,259,336,336,37,72,72,92,92,92],"floor_reached":16,"playtime":609,"items_purged":["Strike_B"],"score":215,"play_id":"de71a62e-4c8b-4574-8f3f-3fbb2529673f","local_time":"20190206005104","is_ascension_mode":true,"campfire_choices":[{"data":"Consume","floor":6,"key":"SMITH"},{"data":"White Noise","floor":10,"key":"SMITH"},{"floor":13,"key":"REST"},{"data":"Defragment","floor":15,"key":"SMITH"}],"neow_cost":"NONE","seed_source_timestamp":282524386374800,"circlet_count":0,"master_deck":["AscendersBane","Strike_B","Strike_B","Strike_B","Defend_B","Defend_B","Defend_B","Defend_B","Zap","Dualcast","Beam Cell","Leap","White Noise+1","Cold Snap","Consume+1","Conserve Battery","Defragment+1","Reprogram"],"relics":["Cracked Core","Bottled Flame","Tiny Chest","Strange Spoon","Boot"],"potions_floor_usage":[12,14,16],"damage_taken":[{"damage":5,"enemies":"Small Slimes","floor":1,"turns":4},{"damage":1,"enemies":"Cultist","floor":3,"turns":3},{"damage":3,"enemies":"2 Louse","floor":4,"turns":3},{"damage":9,"enemies":"Exordium Thugs","floor":5,"turns":3},{"damage":5,"enemies":"Lagavulin","floor":7,"turns":7},{"damage":28,"enemies":"Gremlin Nob","floor":12,"turns":4},{"damage":11,"enemies":"3 Louse","floor":14,"turns":4},{"damage":16,"enemies":"Slime Boss","floor":16,"turns":9}],"seed_played":"5765424609278516027","potions_obtained":[{"floor":4,"key":"Fire Potion"},{"floor":7,"key":"Energy Potion"},{"floor":12,"key":"PowerPotion"}],"is_trial":false,"path_per_floor":["M","?","M","M","M","R","E","?","T","R","$","E","R","M","R","B"],"character_chosen":"DEFECT","items_purchased":["Strange Spoon"],"campfire_rested":1,"item_purchase_floors":[11],"current_hp_per_floor":[59,48,47,44,35,35,30,30,30,30,30,2,23,12,12,0],"gold":92,"neow_bonus":"THREE_CARDS","is_prod":false,"is_daily":false,"chose_seed":false,"campfire_upgraded":3,"win_rate":0,"timestamp":1549443064,"path_taken":["M","?","M","M","M","R","E","?","T","R","$","E","R","M","R","BOSS"],"build_version":"2019-01-23","purchased_purges":1,"victory":false,"max_hp_per_floor":[71,71,71,71,71,71,71,71,71,71,71,71,71,71,71,71],"card_choices":[{"not_picked":["Gash","Reprogram"],"picked":"Beam Cell","floor":0},{"not_picked":["Steam","Skim"],"picked":"Leap","floor":1},{"not_picked":["Self Repair","Steam"],"picked":"White Noise","floor":3},{"not_picked":["Hologram","Coolheaded"],"picked":"Cold Snap","floor":4},{"not_picked":["Sweeping Beam","Force Field"],"picked":"Consume","floor":5},{"not_picked":["Recycle","Storm"],"picked":"Conserve Battery","floor":7},{"not_picked":["Loop","Darkness"],"picked":"Defragment","floor":12},{"not_picked":["Hyperbeam","Compile Driver"],"picked":"Reprogram","floor":14}],"player_experience":635964,"relics_obtained":[{"floor":7,"key":"Bottled Flame"},{"floor":9,"key":"Tiny Chest"},{"floor":12,"key":"Boot"}],"event_choices":[{"damage_healed":0,"gold_gain":75,"player_choice":"Gather Gold","damage_taken":11,"max_hp_gain":0,"max_hp_loss":0,"event_name":"World of Goop","floor":2,"gold_loss":0},{"damage_healed":0,"gold_gain":0,"player_choice":"Ignored","damage_taken":0,"max_hp_gain":0,"max_hp_loss":0,"event_name":"Liars Game","floor":8,"gold_loss":0}],"is_beta":false,"boss_relics":[],"items_purged_floors":[11],"is_endless":false,"potions_floor_spawned":[4,7,12],"killed_by":"Slime Boss","ascension_level":19}