{"path_per_floor":["M","M","$","M","M","R","M","R","T","?","$","?","E","M","R"],"character_chosen":"IRONCLAD","items_purchased":["Bloodletting","Hemokinesis","Strange Spoon"],"gold_per_floor":[117,137,55,71,86,86,100,100,172,347,42,42,67,84,84,84],"floor_reached":16,"campfire_rested":2,"playtime":539,"current_hp_per_floor":[80,78,78,70,50,50,39,63,63,69,69,69,38,25,50,0],"items_purged":["Doubt"],"gold":84,"score":117,"play_id":"9bcbeb75-62d8-4be3-a87c-75dee0e2fe39","local_time":"20180424023150","is_prod":false,"is_daily":false,"chose_seed":false,"is_ascension_mode":true,"campfire_upgraded":1,"timestamp":1524558710,"path_taken":["M","M","$","M","M","R","M","R","T","?","?","?","E","?","R","BOSS"],"build_version":"2018-04-19","seed_source_timestamp":1077848132230766,"purchased_purges":1,"victory":false,"master_deck":["Strike_R","Strike_R","Strike_R","Strike_R","Strike_R","Defend_R","Defend_R","Defend_R","Defend_R","Bash","Rupture","True Grit+1","True Grit","Bloodletting","Burning Pact+1","Sever Soul","Inflame","Hemokinesis","Fiend Fire"],"max_hp_per_floor":[80,80,80,80,80,80,80,80,80,86,86,86,86,86,86,86],"relics":["Burning Blood","Darkstone Periapt","Strange Spoon","Gambling Chip"],"card_choices":[{"not_picked":["Shockwave","Sword Boomerang"],"picked":"Rupture","floor":0},{"not_picked":["Feel No Pain","Clothesline"],"picked":"True Grit","floor":1},{"not_picked":["Sword Boomerang","Cleave"],"picked":"True Grit","floor":2},{"not_picked":["Blood for Blood","Clash"],"picked":"Burning Pact","floor":4},{"not_picked":["True Grit","Disarm"],"picked":"Sever Soul","floor":5},{"not_picked":["Iron Wave","Fire Breathing"],"picked":"Inflame","floor":7},{"not_picked":["Anger","True Grit"],"picked":"Fiend Fire","floor":13}],"player_experience":281047,"potions_floor_usage":[13,13,13],"damage_taken":[{"damage":6,"enemies":"Cultist","floor":1,"turns":4},{"damage":8,"enemies":"Small Slimes","floor":2,"turns":4},{"damage":14,"enemies":"2 Louse","floor":4,"turns":3},{"damage":26,"enemies":"Exordium Thugs","floor":5,"turns":5},{"damage":17,"enemies":"Red Slaver","floor":7,"turns":3},{"damage":49,"enemies":"Lagavulin","floor":13,"turns":5},{"damage":19,"enemies":"Exordium Wildlife","floor":14,"turns":4},{"damage":54,"enemies":"Slime Boss","floor":16,"turns":9}],"event_choices":[{"event_name":"Liars Game","player_choice":"agreed","floor":10,"damage_taken":0},{"event_name":"Upgrade Shrine","player_choice":"Upgraded","floor":12,"damage_taken":0}],"boss_relics":[],"potions_floor_spawned":[2,4,5,7],"seed_played":"-8834565640731740894","killed_by":"Slime Boss","ascension_level":3,"is_trial":false}