{"gold_per_floor":[110,71,88,38,2,30,30,105,129,144,144,163,163],"floor_reached":13,"playtime":709,"items_purged":[],"score":129,"play_id":"b573fdb1-d4d4-490c-a45c-e750c34bf6e8","local_time":"20181128020255","is_ascension_mode":true,"campfire_choices":[{"floor":7,"key":"REST"}],"neow_cost":"NONE","seed_source_timestamp":134929082300057,"circlet_count":0,"master_deck":["AscendersBane","Strike_B","Strike_B","Strike_B","Defend_B+1","Defend_B","Defend_B+1","Defend_B","Zap","Dualcast","Consume","Chill","Hologram","Defragment","Tempest","Undo"],"relics":["Cracked Core","Orichalcum","Kunai","War Paint","Golden Idol"],"potions_floor_usage":[13,13],"damage_taken":[{"damage":0,"enemies":"Cultist","floor":1,"turns":4},{"damage":0,"enemies":"Small Slimes","floor":3,"turns":3},{"damage":32,"enemies":"Lagavulin","floor":6,"turns":8},{"damage":0,"enemies":"2 Louse","floor":10,"turns":2},{"damage":1,"enemies":"Exordium Thugs","floor":12,"turns":6},{"damage":28,"enemies":"Gremlin Nob","floor":13,"turns":5}],"seed_played":"4063054701411849583","potions_obtained":[{"floor":1,"key":"AttackPotion"},{"floor":6,"key":"Dexterity Potion"}],"is_trial":false,"path_per_floor":["M","$","M","?","$","E","R","?","T","M","?","M","E"],"character_chosen":"DEFECT","items_purchased":["Chill","Defragment"],"campfire_rested":1,"item_purchase_floors":[2,5],"current_hp_per_floor":[68,68,68,68,68,36,58,47,47,47,29,28,0],"gold":163,"neow_bonus":"RANDOM_COMMON_RELIC","is_prod":false,"is_daily":false,"chose_seed":false,"campfire_upgraded":0,"win_rate":0,"timestamp":1543366975,"path_taken":["M","?","M","?","$","E","R","?","T","M","?","?","E"],"build_version":"2018-11-15","purchased_purges":0,"victory":false,"max_hp_per_floor":[75,75,75,75,75,75,75,75,75,75,75,75,75],"card_choices":[{"not_picked":["Turbo","Melter"],"picked":"Consume","floor":1},{"not_picked":["Force Field","Streamline"],"picked":"Hologram","floor":3},{"not_picked":["Steam","Rip and Tear"],"picked":"Tempest","floor":6},{"not_picked":["Turbo","Barrage"],"picked":"Undo","floor":10},{"not_picked":["Darkness","Barrage","Sweeping Beam"],"picked":"SKIP","floor":12}],"player_experience":563581,"relics_obtained":[{"floor":6,"key":"Kunai"},{"floor":9,"key":"War Paint"}],"event_choices":[{"cards_removed":["Strike_B"],"damage_healed":0,"gold_gain":0,"player_choice":"Card Removal","damage_taken":0,"max_hp_gain":0,"max_hp_loss":0,"event_name":"The Cleric","floor":4,"gold_loss":50},{"damage_healed":0,"gold_gain":75,"player_choice":"Gather Gold","damage_taken":11,"max_hp_gain":0,"max_hp_loss":0,"event_name":"World of Goop","floor":8,"gold_loss":0},{"damage_healed":0,"gold_gain":0,"player_choice":"Take Damage","damage_taken":18,"relics_obtained":["Golden Idol"],"max_hp_gain":0,"max_hp_loss":0,"event_name":"Golden Idol","floor":11,"gold_loss":0}],"is_beta":true,"boss_relics":[],"items_purged_floors":[],"is_endless":false,"potions_floor_spawned":[1,6],"killed_by":"Gremlin Nob","ascension_level":11}