{"gold_per_floor":[109,109,126,126,146,146,173,173,198,198,229,245,245],"floor_reached":13,"playtime":729,"items_purged":[],"score":93,"play_id":"9da76b29-3f1e-4e68-bcb8-1e797259405a","local_time":"20180705180839","is_ascension_mode":false,"campfire_choices":[{"data":"Doom and Gloom","floor":6,"key":"SMITH"},{"data":"Consume","floor":8,"key":"SMITH"},{"data":"Zap","floor":10,"key":"SMITH"}],"neow_cost":"","seed_source_timestamp":106025231252247,"circlet_count":0,"master_deck":["Strike_B","Strike_B","Strike_B","Defend_B","Defend_B","Defend_B","Defend_B","Zap+1","Dualcast","Doom and Gloom+1","Skim","Fusion","Normality","Rebound","Consume+1","Heatsinks","Coolheaded"],"relics":["Cracked Core","Ancient Tea Set","Centennial Puzzle","Potion Belt","Blood Vial"],"potions_floor_usage":[7,11,13],"damage_taken":[{"damage":5,"enemies":"2 Louse","floor":1,"turns":3},{"damage":2,"enemies":"Small Slimes","floor":3,"turns":3},{"damage":4,"enemies":"Cultist","floor":5,"turns":5},{"damage":27,"enemies":"3 Sentries","floor":7,"turns":4},{"damage":31,"enemies":"Lagavulin","floor":11,"turns":4},{"damage":14,"enemies":"Exordium Wildlife","floor":12,"turns":4},{"damage":5,"enemies":"Blue Slaver","floor":13,"turns":2}],"seed_played":"-968107068275906576","potions_obtained":[{"floor":1,"key":"AttackPotion"},{"floor":7,"key":"Regen Potion"},{"floor":11,"key":"Swift Potion"},{"floor":12,"key":"FearPotion"}],"is_trial":false,"path_per_floor":["M","?","M","?","M","R","E","R","T","R","E","M"],"character_chosen":"DEFECT","items_purchased":[],"campfire_rested":0,"item_purchase_floors":[],"current_hp_per_floor":[70,70,68,68,64,64,37,37,37,37,15,3,0],"gold":245,"neow_bonus":"","is_prod":false,"is_daily":false,"chose_seed":false,"campfire_upgraded":3,"win_rate":0,"timestamp":1530839319,"path_taken":["M","?","M","?","M","R","E","R","T","R","E","M","M"],"build_version":"2018-06-28","purchased_purges":0,"victory":false,"max_hp_per_floor":[75,75,75,75,75,75,75,75,75,75,75,75,75],"card_choices":[{"not_picked":["Ball Lightning","Stack"],"picked":"Doom and Gloom","floor":1},{"not_picked":["Cold Snap","Hologram"],"picked":"Fusion","floor":3},{"not_picked":["Steam Power","Auto Shields"],"picked":"Rebound","floor":5},{"not_picked":["Gash","Multi-Cast"],"picked":"Consume","floor":7},{"not_picked":["Scrape","Gash"],"picked":"Heatsinks","floor":11},{"not_picked":["Compile Driver","Leap"],"picked":"Coolheaded","floor":12}],"player_experience":112469,"relics_obtained":[{"floor":7,"key":"Centennial Puzzle"},{"floor":9,"key":"Potion Belt"},{"floor":11,"key":"Blood Vial"}],"event_choices":[{"event_name":"Living Wall","player_choice":"Change","floor":2,"damage_taken":0},{"event_name":"Accursed Blacksmith","player_choice":"Rummage","floor":4,"damage_taken":0}],"boss_relics":[],"items_purged_floors":[],"is_endless":false,"potions_floor_spawned":[1,7,11,12],"killed_by":"Blue Slaver","ascension_level":0}