{"gold_per_floor":[110,185,200,210,47,47,82,93,93,105,164,89,89,103,103,198,198,213,243,243,75,75,75,110,110,110,122,137,137,12,12],"floor_reached":31,"playtime":931,"items_purged":["Strike_R","Fiend Fire","Inflame"],"score":328,"play_id":"836233b4-4a74-4484-9e69-a1f1f38c3584","local_time":"20190306041639","is_ascension_mode":false,"campfire_choices":[{"data":"Whirlwind","floor":6,"key":"SMITH"},{"floor":15,"key":"REST"},{"data":"Whirlwind","floor":23,"key":"SMITH"},{"data":"Heavy Blade","floor":25,"key":"SMITH"}],"neow_cost":"NONE","seed_source_timestamp":29746460534337,"circlet_count":0,"master_deck":["Bash","Flex+1","Flex","Thunderclap","Whirlwind+1","Flex","Inflame","Seeing Red","Heavy Blade+1","Heavy Blade","Sword Boomerang","Flex","Double Tap","Dual Wield","Spot Weakness","Pummel","Second Wind","Fiend Fire","Whirlwind+1","Thunderclap","Inflame","Sword Boomerang","Flex+1"],"relics":["Burning Blood","NeowsBlessing","PreservedInsect","StoneCalendar","Pandora\u0027s Box","Red Mask","Pocketwatch","Singing Bowl","Nilry\u0027s Codex"],"potions_floor_usage":[11,16,18,31,31],"damage_taken":[{"damage":0,"enemies":"Jaw Worm","floor":1,"turns":1},{"damage":0,"enemies":"Cultist","floor":3,"turns":1},{"damage":0,"enemies":"Small Slimes","floor":4,"turns":1},{"damage":36,"enemies":"Lagavulin","floor":7,"turns":5},{"damage":24,"enemies":"Exordium Thugs","floor":8,"turns":5},{"damage":18,"enemies":"2 Fungi Beasts","floor":10,"turns":3},{"damage":6,"enemies":"Lagavulin Event","floor":11,"turns":3},{"damage":12,"enemies":"Blue Slaver","floor":14,"turns":2},{"damage":0,"enemies":"Slime Boss","floor":16,"turns":5},{"damage":10,"enemies":"Spheric Guardian","floor":18,"turns":3},{"damage":14,"enemies":"Masked Bandits","floor":19,"turns":3},{"damage":18,"enemies":"Colosseum Slavers","floor":20,"turns":2},{"damage":12,"enemies":"Gremlin Leader","floor":24,"turns":3},{"damage":17,"enemies":"3 Byrds","floor":27,"turns":4},{"damage":9,"enemies":"Centurion and Healer","floor":28,"turns":4},{"damage":6,"enemies":"Cultist and Chosen","floor":31,"turns":1}],"seed_played":"-6972626864939684980","potions_obtained":[{"floor":1,"key":"Block Potion"},{"floor":14,"key":"SkillPotion"},{"floor":16,"key":"Explosive Potion"},{"floor":18,"key":"GamblersBrew"},{"floor":28,"key":"AttackPotion"}],"is_trial":false,"path_per_floor":["M","?","M","M","$","R","E","M","T","M","?","$","?","M","R","B",null,"M","?","?","$","?","R","E","R","T","M","M","?","$","M"],"character_chosen":"IRONCLAD","items_purchased":["Whirlwind","Flex","Inflame","Inflame"],"campfire_rested":1,"item_purchase_floors":[5,5,5,21],"current_hp_per_floor":[80,72,78,80,80,80,50,32,32,20,20,20,20,14,38,44,80,76,68,56,56,41,41,35,35,35,24,21,5,5,0],"gold":12,"neow_bonus":"THREE_ENEMY_KILL","is_prod":false,"is_daily":false,"chose_seed":false,"campfire_upgraded":3,"win_rate":0,"timestamp":1551813399,"path_taken":["M","?","M","?","?","R","E","M","T","M","?","$","?","M","R","BOSS","M","?","?","$","?","R","E","R","T","M","M","?","?","M"],"build_version":"2019-01-23","purchased_purges":3,"victory":false,"max_hp_per_floor":[80,80,80,80,80,80,80,80,80,80,80,80,80,80,80,80,80,80,80,80,80,85,85,85,85,85,85,85,85,85,85],"card_choices":[{"not_picked":["Second Wind","Cleave"],"picked":"Flex","floor":1},{"not_picked":["Wild Strike","Armaments"],"picked":"Flex","floor":3},{"not_picked":["Cleave","Pummel"],"picked":"Thunderclap","floor":4},{"not_picked":["Shockwave","Sever Soul"],"picked":"Seeing Red","floor":7},{"not_picked":["Infernal Blade","Uppercut"],"picked":"Heavy Blade","floor":8},{"not_picked":["Spot Weakness","Seeing Red"],"picked":"Heavy Blade","floor":10},{"not_picked":["Blood for Blood","Feel No Pain"],"picked":"Sword Boomerang","floor":11},{"not_picked":["Fire Breathing","Blood for Blood"],"picked":"Flex","floor":14},{"not_picked":["Juggernaut","Berserk"],"picked":"Double Tap","floor":16},{"not_picked":["Shrug It Off","Iron Wave+1","Pommel Strike"],"picked":"SKIP","floor":18},{"not_picked":["Pommel Strike","Thunderclap"],"picked":"Inflame","floor":19},{"not_picked":["Clothesline","Power Through","Wild Strike"],"picked":"SKIP","floor":24},{"not_picked":["Anger+1","Uppercut"],"picked":"Sword Boomerang","floor":27},{"not_picked":["Shrug It Off+1","Twin Strike"],"picked":"Flex+1","floor":28}],"player_experience":117382,"relics_obtained":[{"floor":7,"key":"PreservedInsect"},{"floor":11,"key":"StoneCalendar"},{"floor":19,"key":"Red Mask"},{"floor":24,"key":"Pocketwatch"},{"floor":26,"key":"Singing Bowl"},{"floor":29,"key":"Nilry\u0027s Codex"}],"event_choices":[{"damage_healed":0,"gold_gain":75,"player_choice":"Touch","damage_taken":8,"max_hp_gain":0,"max_hp_loss":0,"event_name":"FaceTrader","floor":2,"gold_loss":0},{"damage_healed":0,"gold_gain":0,"player_choice":"Searched \u00271\u0027 times","damage_taken":0,"max_hp_gain":0,"max_hp_loss":0,"event_name":"Dead Adventurer","floor":11,"gold_loss":0},{"damage_healed":0,"gold_gain":0,"player_choice":"Upgraded","damage_taken":0,"max_hp_gain":0,"max_hp_loss":0,"event_name":"Upgrade Shrine","floor":13,"gold_loss":0,"cards_upgraded":["Flex"]},{"damage_healed":0,"gold_gain":0,"player_choice":"Fought Bandits","damage_taken":0,"max_hp_gain":0,"max_hp_loss":0,"event_name":"Masked Bandits","floor":19,"gold_loss":0},{"damage_healed":0,"gold_gain":0,"player_choice":"Fight","damage_taken":0,"max_hp_gain":0,"max_hp_loss":0,"event_name":"Colosseum","floor":20,"gold_loss":0},{"damage_healed":0,"gold_gain":0,"player_choice":"Fled From Nobs","damage_taken":0,"max_hp_gain":0,"max_hp_loss":0,"event_name":"Colosseum","floor":20,"gold_loss":0},{"damage_healed":0,"gold_gain":0,"player_choice":"Shed Blood","damage_taken":20,"max_hp_gain":5,"max_hp_loss":0,"event_name":"Forgotten Altar","floor":22,"gold_loss":0},{"damage_healed":0,"gold_gain":0,"player_choice":"Obtained Book","damage_taken":16,"max_hp_gain":0,"max_hp_loss":0,"event_name":"Cursed Tome","floor":29,"gold_loss":0}],"is_beta":false,"boss_relics":[{"not_picked":["Fusion Hammer","Velvet Choker"],"picked":"Pandora\u0027s Box"}],"items_purged_floors":[12,21,30],"is_endless":false,"potions_floor_spawned":[1,14,16,18,28],"killed_by":"Cultist and Chosen","ascension_level":0}