{"gold_per_floor":[112,124,49,66,86,86,103,103,183,83,33,64,80,91,91,187,237,253,128,128],"floor_reached":20,"playtime":698,"items_purged":["Strike_R","Bash","Strike_R"],"score":219,"play_id":"a28d9384-1b80-4d9b-b93f-3e67bad442e1","local_time":"20190307223311","is_ascension_mode":true,"campfire_choices":[{"data":"Rampage","floor":6,"key":"SMITH"},{"data":"Pummel","floor":8,"key":"SMITH"},{"data":"Strike_R","floor":15,"key":"PURGE"}],"neow_cost":"NONE","seed_source_timestamp":1994312158500623,"circlet_count":0,"master_deck":["Strike_R","Defend_R+1","Defend_R","Defend_R","Defend_R","Pummel+1","Shockwave","Flex","Rampage+1","Feed","Flex","Reaper","Dual Wield"],"relics":["Burning Blood","NeowsBlessing","Blue Candle","Peace Pipe","Tiny House"],"potions_floor_usage":[16,16,16,18],"damage_taken":[{"damage":0,"enemies":"Cultist","floor":1,"turns":1},{"damage":0,"enemies":"Jaw Worm","floor":2,"turns":1},{"damage":0,"enemies":"2 Louse","floor":4,"turns":1},{"damage":11,"enemies":"Exordium Thugs","floor":5,"turns":6},{"damage":0,"enemies":"Large Slime","floor":7,"turns":3},{"damage":20,"enemies":"Gremlin Nob","floor":12,"turns":4},{"damage":12,"enemies":"3 Louse","floor":13,"turns":4},{"damage":16,"enemies":"Blue Slaver","floor":14,"turns":4},{"damage":58,"enemies":"Slime Boss","floor":16,"turns":12},{"damage":65,"enemies":"Chosen","floor":18,"turns":8},{"damage":57,"enemies":"3 Byrds","floor":20,"turns":4}],"seed_played":"6823097250188549128","potions_obtained":[{"floor":2,"key":"Swift Potion"},{"floor":5,"key":"Fire Potion"},{"floor":7,"key":"GamblersBrew"},{"floor":12,"key":"BloodPotion"},{"floor":14,"key":"AttackPotion"},{"floor":17,"key":"Fire Potion"}],"is_trial":false,"path_per_floor":["M","M","$","M","M","R","M","R","T","$","?","E","M","M","R","B",null,"M","$","M"],"character_chosen":"IRONCLAD","items_purchased":[],"campfire_rested":0,"item_purchase_floors":[],"current_hp_per_floor":[80,80,80,80,75,75,80,80,80,80,80,66,63,56,56,15,94,42,42,0],"gold":128,"neow_bonus":"THREE_ENEMY_KILL","is_prod":false,"is_daily":false,"chose_seed":false,"campfire_upgraded":2,"win_rate":0,"timestamp":1552015991,"path_taken":["M","?","$","?","M","R","M","R","T","?","?","E","M","M","R","BOSS","M","$","M"],"build_version":"2019-01-23","purchased_purges":3,"victory":false,"max_hp_per_floor":[80,80,80,80,80,80,80,80,80,80,80,80,83,86,86,89,94,97,97,100],"card_choices":[{"not_picked":["Flex","Combust"],"picked":"Pummel","floor":1},{"not_picked":["Rupture","Burning Pact"],"picked":"Shockwave","floor":2},{"not_picked":["Heavy Blade","Fire Breathing"],"picked":"Flex","floor":4},{"not_picked":["Sword Boomerang","Intimidate"],"picked":"Rampage","floor":5},{"not_picked":["Warcry","Iron Wave","Perfected Strike"],"picked":"SKIP","floor":7},{"not_picked":["Uppercut","Flex"],"picked":"Feed","floor":12},{"not_picked":["Entrench","True Grit","Warcry"],"picked":"SKIP","floor":13},{"not_picked":["Anger","Cleave"],"picked":"Flex","floor":14},{"not_picked":["Double Tap","Fiend Fire"],"picked":"Reaper","floor":16},{"not_picked":["Dropkick","Sword Boomerang+1"],"picked":"Dual Wield","floor":18}],"player_experience":515468,"relics_obtained":[{"floor":9,"key":"Blue Candle"},{"floor":12,"key":"Peace Pipe"}],"event_choices":[{"cards_removed":["Strike_R"],"damage_healed":0,"gold_gain":0,"player_choice":"Card Removal","damage_taken":0,"max_hp_gain":0,"max_hp_loss":0,"event_name":"The Cleric","floor":11,"gold_loss":50}],"is_beta":false,"boss_relics":[{"not_picked":["Calling Bell","Mark of Pain"],"picked":"Tiny House"}],"items_purged_floors":[3,10,19],"is_endless":false,"potions_floor_spawned":[2,5,7,12,14],"killed_by":"3 Byrds","ascension_level":2}