{"gold_per_floor":[119,119,137,33,33,33,52,52,52,52,62,94,113,132,132,208,208,228,228,253,352,16,16,49,49,349,349,349,378,388,86,86,86],"floor_reached":33,"playtime":1614,"items_purged":["Strike_B"],"score":489,"play_id":"58b6c7bd-6787-4836-ac5c-ae22056c5beb","local_time":"20180922231303","is_ascension_mode":true,"campfire_choices":[{"data":"Dualcast","floor":6,"key":"SMITH"},{"data":"Scrape","floor":8,"key":"SMITH"},{"data":"Panacea","floor":10,"key":"SMITH"},{"data":"Melter","floor":15,"key":"SMITH"},{"floor":23,"key":"REST"},{"floor":25,"key":"REST"},{"data":"Go for the Eyes","floor":28,"key":"SMITH"},{"floor":32,"key":"REST"}],"neow_cost":"NONE","seed_source_timestamp":708203446885743,"circlet_count":0,"master_deck":["Strike_B","Strike_B","Strike_B","Defend_B","Defend_B","Defend_B","Defend_B","Zap+1","Dualcast+1","AscendersBane","BootSequence","Panacea+1","Scrape+1","Melter+1","Echo Form","Go for the Eyes+1","Sunder","Scrape","Ghostly","Ghostly","Ghostly","Ghostly","Ghostly","White Noise"],"relics":["Cracked Core","Letter Opener","Boot","Kunai","Sozu","Red Mask","Singing Bowl","Anchor","Old Coin","Matryoshka","Blood Vial"],"potions_floor_usage":[20,20],"damage_taken":[{"damage":2,"enemies":"Jaw Worm","floor":1,"turns":3},{"damage":0,"enemies":"2 Louse","floor":3,"turns":2},{"damage":0,"enemies":"Small Slimes","floor":7,"turns":2},{"damage":3,"enemies":"Blue Slaver","floor":11,"turns":3},{"damage":15,"enemies":"3 Sentries","floor":12,"turns":5},{"damage":0,"enemies":"2 Fungi Beasts","floor":13,"turns":2},{"damage":1,"enemies":"Looter","floor":14,"turns":2},{"damage":32,"enemies":"Hexaghost","floor":16,"turns":9},{"damage":1,"enemies":"Chosen","floor":18,"turns":3},{"damage":19,"enemies":"Colosseum Slavers","floor":19,"turns":4},{"damage":10,"enemies":"Masked Bandits","floor":20,"turns":3},{"damage":26,"enemies":"Slavers","floor":24,"turns":6},{"damage":4,"enemies":"Book of Stabbing","floor":29,"turns":7},{"damage":21,"enemies":"Shell Parasite","floor":30,"turns":3},{"damage":43,"enemies":"Champ","floor":33,"turns":12}],"seed_played":"-6176730207210704525","potions_obtained":[{"floor":1,"key":"GamblersBrew"},{"floor":12,"key":"PowerPotion"}],"is_trial":false,"path_per_floor":["M","?","M","$","?","R","M","R","T","R","M","E","M","M","R","B",null,"M","?","?","?","$","R","E","R","T","?","R","E","M","$","R"],"character_chosen":"DEFECT","items_purchased":["Panacea","Singing Bowl","Scrape","Blood Vial","White Noise"],"campfire_rested":3,"item_purchase_floors":[4,22,22,31,31],"current_hp_per_floor":[66,66,66,66,59,59,59,59,59,59,56,41,41,40,40,8,58,57,38,35,35,35,57,33,56,56,38,38,36,17,17,29,0],"gold":86,"neow_bonus":"UPGRADE_CARD","is_prod":false,"is_daily":false,"chose_seed":false,"campfire_upgraded":5,"win_rate":0,"timestamp":1537672383,"path_taken":["M","?","M","$","?","R","M","R","T","R","?","E","M","M","R","BOSS","M","?","?","?","$","R","E","R","T","?","R","E","?","$","R","BOSS"],"build_version":"2018-09-20","purchased_purges":1,"victory":false,"max_hp_per_floor":[75,75,75,75,75,75,75,75,75,75,75,75,75,75,75,75,75,75,75,75,75,75,75,77,77,77,38,38,40,42,42,42,42],"card_choices":[{"not_picked":["Recycle","Cold Snap"],"picked":"BootSequence","floor":1},{"not_picked":["Gash","Sweeping Beam","Beam Cell"],"picked":"SKIP","floor":3},{"not_picked":["Consume","Cold Snap"],"picked":"Scrape","floor":7},{"not_picked":["Turbo","Fusion","Barrage"],"picked":"SKIP","floor":11},{"not_picked":["Meteor Strike","Fusion","Turbo"],"picked":"SKIP","floor":12},{"not_picked":["Undo","Reinforced Body","Stack"],"picked":"SKIP","floor":13},{"not_picked":["Reinforced Body","Redo"],"picked":"Melter","floor":14},{"not_picked":["Electrodynamics","Seek"],"picked":"Echo Form","floor":16},{"not_picked":["Coolheaded","Consume"],"picked":"Go for the Eyes","floor":18},{"not_picked":["Barrage","Reinforced Body"],"picked":"Sunder","floor":20},{"not_picked":["Doom and Gloom","Thunder Strike","Loop+1"],"picked":"Singing Bowl","floor":24},{"not_picked":["Force Field","Consume","Ball Lightning"],"picked":"Singing Bowl","floor":29},{"not_picked":["Turbo","Conserve Battery","Stack"],"picked":"Singing Bowl","floor":30}],"player_experience":244963,"relics_obtained":[{"floor":9,"key":"Boot"},{"floor":12,"key":"Kunai"},{"floor":20,"key":"Red Mask"},{"floor":24,"key":"Anchor"},{"floor":26,"key":"Old Coin"},{"floor":29,"key":"Matryoshka"}],"event_choices":[{"event_name":"Big Fish","player_choice":"Box","floor":2,"damage_taken":0},{"event_name":"Golden Wing","player_choice":"Card Removal","floor":5,"damage_taken":0},{"event_name":"Colosseum","player_choice":"Fight","floor":19,"damage_taken":0},{"event_name":"Colosseum","player_choice":"Fled From Nobs","floor":19,"damage_taken":0},{"event_name":"Masked Bandits","player_choice":"Fought Bandits","floor":20,"damage_taken":0},{"event_name":"Nest","player_choice":"Stole From Cult","floor":21,"damage_taken":0},{"event_name":"Ghosts","player_choice":"Became a Ghost","floor":27,"damage_taken":0}],"is_beta":false,"boss_relics":[{"not_picked":["Busted Crown","Empty Cage"],"picked":"Sozu"}],"items_purged_floors":[31],"is_endless":false,"potions_floor_spawned":[1,12,13,14,16,19,20,24,29],"killed_by":"Champ","ascension_level":13}