{"gold_per_floor":[110,410,20,36,53,85,235,235,235,41,53,82,82,82,82,157,157,168,168],"floor_reached":19,"playtime":753,"items_purged":[],"score":350,"play_id":"5c8cc69e-c361-4daf-acfd-aedc8d85518a","local_time":"20190228223053","is_ascension_mode":true,"campfire_choices":[{"data":"Loop","floor":8,"key":"SMITH"},{"data":"Zap","floor":13,"key":"SMITH"},{"data":"Barrage","floor":15,"key":"SMITH"}],"neow_cost":"TEN_PERCENT_HP_LOSS","seed_source_timestamp":1945876763962700,"circlet_count":0,"master_deck":["AscendersBane","Defend_B","Defend_B","Defend_B","Zap+1","Dualcast","Genetic Algorithm+1","Cold Snap","Barrage+1","Loop+1","Doubt","Compile Driver","Doom and Gloom","Conserve Battery","Electrodynamics","Steam Power+1","Reboot+1","Defragment+1","Cold Snap"],"relics":["Cracked Core","Old Coin","Du-Vu Doll","Strawberry","Letter Opener","Omamori","Darkstone Periapt","Astrolabe"],"potions_floor_usage":[6,11,12,16,16,19],"damage_taken":[{"damage":2,"enemies":"Cultist","floor":1,"turns":4},{"damage":0,"enemies":"Small Slimes","floor":4,"turns":5},{"damage":0,"enemies":"2 Louse","floor":5,"turns":3},{"damage":8,"enemies":"3 Sentries","floor":6,"turns":6},{"damage":14,"enemies":"2 Fungi Beasts","floor":11,"turns":4},{"damage":24,"enemies":"Lagavulin","floor":12,"turns":4},{"damage":13,"enemies":"Hexaghost","floor":16,"turns":8},{"damage":21,"enemies":"Shell Parasite","floor":18,"turns":4},{"damage":25,"enemies":"Colosseum Slavers","floor":19,"turns":4},{"damage":27,"enemies":"Colosseum Nobs","floor":19,"turns":3}],"seed_played":"-301113636607024678","potions_obtained":[{"floor":5,"key":"EntropicBrew"},{"floor":12,"key":"Energy Potion"},{"floor":16,"key":"EssenceOfSteel"}],"is_trial":false,"path_per_floor":["M","T","$","M","M","E","?","R","T","$","M","E","R","?","R","B",null,"M","?"],"character_chosen":"DEFECT","items_purchased":["Du-Vu Doll","Strength Potion","Omamori","Compile Driver"],"campfire_rested":0,"item_purchase_floors":[3,3,10,10],"current_hp_per_floor":[62,62,62,62,62,61,61,61,61,61,47,23,23,23,23,10,56,35,0],"gold":168,"neow_bonus":"REMOVE_TWO","is_prod":false,"is_daily":false,"chose_seed":false,"campfire_upgraded":3,"win_rate":0,"timestamp":1551421853,"path_taken":["M","?","$","M","M","E","?","R","T","$","M","E","R","?","R","BOSS","M","?"],"build_version":"2019-01-23","purchased_purges":0,"victory":false,"max_hp_per_floor":[64,64,64,64,64,71,71,71,71,71,71,71,71,71,71,71,71,71,71],"card_choices":[{"not_picked":["Beam Cell","Stack"],"picked":"Genetic Algorithm","floor":1},{"not_picked":["Stack","Compile Driver"],"picked":"Cold Snap","floor":4},{"not_picked":["Stack","Go for the Eyes"],"picked":"Barrage","floor":5},{"not_picked":["Chaos","Steam"],"picked":"Loop","floor":6},{"not_picked":["Blizzard","Undo"],"picked":"Doom and Gloom","floor":11},{"not_picked":["Multi-Cast","Compile Driver"],"picked":"Conserve Battery","floor":12},{"not_picked":["Creative AI","Core Surge"],"picked":"Electrodynamics","floor":16},{"not_picked":["Go for the Eyes+1","Conserve Battery"],"picked":"Cold Snap","floor":18}],"player_experience":773988,"relics_obtained":[{"floor":2,"key":"Old Coin"},{"floor":6,"key":"Strawberry"},{"floor":9,"key":"Letter Opener"},{"floor":12,"key":"Darkstone Periapt"}],"event_choices":[{"damage_healed":0,"gold_gain":150,"player_choice":"AGREE","damage_taken":0,"max_hp_gain":0,"max_hp_loss":0,"event_name":"Liars Game","floor":7,"gold_loss":0,"cards_obtained":["Doubt"]},{"damage_healed":0,"gold_gain":0,"player_choice":"Grow","damage_taken":0,"max_hp_gain":0,"max_hp_loss":0,"event_name":"Living Wall","floor":14,"gold_loss":0,"cards_upgraded":["Genetic Algorithm"]},{"damage_healed":0,"gold_gain":0,"player_choice":"Fight","damage_taken":0,"max_hp_gain":0,"max_hp_loss":0,"event_name":"Colosseum","floor":19,"gold_loss":0},{"damage_healed":0,"gold_gain":0,"player_choice":"Fought Nobs","damage_taken":0,"max_hp_gain":0,"max_hp_loss":0,"event_name":"Colosseum","floor":19,"gold_loss":0}],"is_beta":false,"boss_relics":[{"not_picked":["Sozu","Calling Bell"],"picked":"Astrolabe"}],"items_purged_floors":[],"is_endless":false,"potions_floor_spawned":[5,12,16,19],"killed_by":"Colosseum Nobs","ascension_level":20}