{"gold_per_floor":[117,117,117,136,147,147,158,221,221,221,235,251,251,270,270,373,373,391,409,409,425,436,436,446,446,446,465,137,137,157,167,167,167],"floor_reached":33,"playtime":2731,"items_purged":["Shame"],"score":320,"play_id":"2b3001e6-a967-449a-9cf8-957bfe19743a","local_time":"20180910011631","is_ascension_mode":false,"campfire_choices":[{"data":"Clash","floor":6,"key":"SMITH"},{"data":"Clash","floor":10,"key":"SMITH"},{"data":"Clash","floor":15,"key":"SMITH"},{"data":"Carnage","floor":23,"key":"SMITH"},{"data":"Clash","floor":25,"key":"SMITH"},{"floor":29,"key":"REST"},{"data":"Clash","floor":32,"key":"SMITH"}],"neow_cost":"NONE","seed_source_timestamp":270532574813474,"circlet_count":0,"master_deck":["Strike_R","Strike_R","Strike_R","Strike_R+1","Strike_R","Defend_R","Defend_R","Defend_R","Defend_R","Bash","Shrug It Off+1","Clash+1","Clash+1","Anger","Cleave","Clash+1","Armaments","Bloodletting","Impervious","Wild Strike+1","Pommel Strike","Carnage+1","Whirlwind","Clash+1","Feed","Flex","Armaments","Clash+1"],"relics":["Burning Blood","Pear","Bottled Flame","Ornamental Fan","Cursed Key","Bird Faced Urn","OrangePellets"],"potions_floor_usage":[8,16,16,16,18,30,31,33,33],"damage_taken":[{"damage":4,"enemies":"2 Louse","floor":1,"turns":3},{"damage":2,"enemies":"Cultist","floor":4,"turns":7},{"damage":1,"enemies":"Jaw Worm","floor":5,"turns":3},{"damage":8,"enemies":"2 Fungi Beasts","floor":7,"turns":3},{"damage":12,"enemies":"Lagavulin Event","floor":8,"turns":5},{"damage":0,"enemies":"Exordium Wildlife","floor":11,"turns":2},{"damage":2,"enemies":"3 Louse","floor":12,"turns":3},{"damage":0,"enemies":"Exordium Thugs","floor":14,"turns":3},{"damage":6,"enemies":"Slime Boss","floor":16,"turns":8},{"damage":6,"enemies":"2 Thieves","floor":18,"turns":2},{"damage":1,"enemies":"Chosen","floor":19,"turns":2},{"damage":9,"enemies":"Snake Plant","floor":21,"turns":3},{"damage":0,"enemies":"Snecko","floor":22,"turns":3},{"damage":3,"enemies":"Centurion and Healer","floor":24,"turns":4},{"damage":32,"enemies":"Cultist and Chosen","floor":27,"turns":7},{"damage":11,"enemies":"Snecko","floor":30,"turns":3},{"damage":11,"enemies":"Snake Plant","floor":31,"turns":2},{"damage":86,"enemies":"Automaton","floor":33,"turns":10}],"seed_played":"-7421905623804483523","potions_obtained":[{"floor":7,"key":"LiquidBronze"},{"floor":8,"key":"AttackPotion"},{"floor":11,"key":"Fire Potion"},{"floor":14,"key":"Fire Potion"},{"floor":16,"key":"Explosive Potion"},{"floor":19,"key":"Energy Potion"},{"floor":27,"key":"AttackPotion"},{"floor":30,"key":"EssenceOfSteel"},{"floor":31,"key":"Poison Potion"}],"is_trial":false,"path_per_floor":["M","?","?","M","M","R","M","?","T","R","M","M","T","M","R","B",null,"M","M","?","M","M","R","M","R","T","M","$","R","M","M","R"],"character_chosen":"IRONCLAD","items_purchased":["Flex","OrangePellets"],"campfire_rested":1,"item_purchase_floors":[28,28],"current_hp_per_floor":[80,80,80,80,80,80,78,82,82,82,88,90,90,90,90,90,90,90,90,90,87,90,90,90,90,90,64,64,90,85,80,80,0],"gold":167,"neow_bonus":"UPGRADE_CARD","is_prod":false,"is_daily":false,"chose_seed":false,"campfire_upgraded":6,"win_rate":0.0,"timestamp":1536556591,"path_taken":["M","?","?","M","M","R","M","?","T","R","M","M","?","M","R","BOSS","M","M","?","M","M","R","M","R","T","M","$","R","M","M","R","BOSS"],"build_version":"2018-09-06","purchased_purges":1,"victory":false,"max_hp_per_floor":[80,80,80,80,80,80,80,90,90,90,90,90,90,90,90,90,90,90,90,90,90,90,90,90,90,90,90,90,90,90,90,90,90],"card_choices":[{"not_picked":["Heavy Blade","Body Slam"],"picked":"Shrug It Off","floor":1},{"not_picked":["Wild Strike","Thunderclap"],"picked":"Clash","floor":4},{"not_picked":["Perfected Strike","Rage"],"picked":"Clash","floor":5},{"not_picked":["Headbutt","Blood for Blood"],"picked":"Anger","floor":7},{"not_picked":["Clothesline","Warcry"],"picked":"Cleave","floor":8},{"not_picked":["Flame Barrier","Dual Wield"],"picked":"Clash","floor":11},{"not_picked":["Bloodletting","Shrug It Off"],"picked":"Armaments","floor":12},{"not_picked":["Evolve","Uppercut"],"picked":"Bloodletting","floor":14},{"not_picked":["Reaper","Offering"],"picked":"Impervious","floor":16},{"not_picked":["Headbutt","Perfected Strike+1"],"picked":"Wild Strike+1","floor":18},{"not_picked":["Anger","Intimidate"],"picked":"Pommel Strike","floor":19},{"not_picked":["Battle Trance+1","Blood for Blood"],"picked":"Carnage","floor":21},{"not_picked":["True Grit","Battle Trance+1"],"picked":"Whirlwind","floor":22},{"not_picked":["Second Wind","Headbutt"],"picked":"Clash","floor":24},{"not_picked":["Uppercut","Heavy Blade+1"],"picked":"Feed","floor":27},{"not_picked":["Pummel","Battle Trance+1"],"picked":"Armaments","floor":30},{"not_picked":["Shockwave","Body Slam+1"],"picked":"Clash","floor":31}],"player_experience":34519,"relics_obtained":[{"floor":8,"key":"Pear"},{"floor":9,"key":"Bottled Flame"},{"floor":13,"key":"Ornamental Fan"},{"floor":26,"key":"Bird Faced Urn"}],"event_choices":[{"event_name":"Upgrade Shrine","player_choice":"Upgraded","floor":2,"damage_taken":0},{"event_name":"Golden Idol","player_choice":"Ignored","floor":3,"damage_taken":0},{"event_name":"Dead Adventurer","player_choice":"Searched \u00271\u0027 times","floor":8,"damage_taken":0},{"event_name":"Cursed Tome","player_choice":"Ignored","floor":20,"damage_taken":0}],"is_beta":false,"boss_relics":[{"not_picked":["Busted Crown","Velvet Choker"],"picked":"Cursed Key"}],"items_purged_floors":[28],"is_endless":false,"potions_floor_spawned":[7,8,11,14,16,19,27,30,31],"killed_by":"Automaton","ascension_level":0}