{"gold_per_floor":[219,141,141,66,79,79,107,118,143,143,162,162,73,87,87,87],"floor_reached":16,"playtime":575,"items_purged":[],"score":200,"play_id":"db5dc909-232f-46ec-8507-0849c7018063","local_time":"20190202125339","is_ascension_mode":true,"campfire_choices":[{"data":"Neutralize","floor":6.0,"key":"SMITH"},{"floor":12,"key":"REST"},{"floor":15,"key":"REST"}],"neow_cost":"NONE","seed_source_timestamp":0,"circlet_count":0,"master_deck":["AscendersBane","Defend_G","Defend_G","Defend_G","Defend_G","Defend_G","Strike_G","Strike_G","Strike_G","Strike_G","Survivor","Neutralize+1","Well Laid Plans","Infinite Blades","Cloak And Dagger","Accuracy"],"special_seed":0,"relics":["Ring of the Snake","PreservedInsect","Orichalcum"],"potions_floor_usage":[11,14],"damage_taken":[{"damage":2.0,"enemies":"Cultist","floor":1.0,"turns":5.0},{"damage":9.0,"enemies":"Small Slimes","floor":5.0,"turns":4.0},{"damage":44.0,"enemies":"3 Sentries","floor":7.0,"turns":11.0},{"damage":3,"enemies":"Jaw Worm","floor":8,"turns":4},{"damage":4,"enemies":"Exordium Wildlife","floor":11,"turns":6},{"damage":12,"enemies":"Exordium Thugs","floor":14,"turns":5},{"damage":49,"enemies":"Slime Boss","floor":16,"turns":10}],"seed_played":"-4121979381435617866","potions_obtained":[{"floor":1.0,"key":"Explosive Potion"},{"floor":8,"key":"GhostInAJar"},{"floor":11,"key":"Swift Potion"}],"is_trial":false,"path_per_floor":["M","$","?","?","M","R","E","M","T","?","M","R","$","M","R","B"],"character_chosen":"THE_SILENT","items_purchased":["Well Laid Plans","Accuracy"],"campfire_rested":2,"item_purchase_floors":[2,13],"current_hp_per_floor":[57,57,62,62,53,53,9,6,6,6,2,23,23,11,32,0],"gold":87,"neow_bonus":"HUNDRED_GOLD","is_prod":false,"is_daily":false,"chose_seed":false,"campfire_upgraded":1,"win_rate":0,"timestamp":1549140819,"path_taken":["M","$","?","?","M","R","E","M","T","?","M","R","?","M","R","BOSS"],"build_version":"2019-01-23","purchased_purges":0,"victory":false,"max_hp_per_floor":[66,66,71,71,71,71,71,71,71,71,71,71,71,71,71,71],"card_choices":[{"not_picked":["Tactician","Deflect","Slice"],"picked":"SKIP","floor":1.0},{"not_picked":["Choke","Poisoned Stab"],"picked":"Infinite Blades","floor":5.0},{"not_picked":["Flying Knee","Reflex","Dodge and Roll"],"picked":"SKIP","floor":7.0},{"not_picked":["Bouncing Flask","Accuracy"],"picked":"Cloak And Dagger","floor":8},{"not_picked":["Reflex","Concentrate","Dodge and Roll"],"picked":"SKIP","floor":11},{"not_picked":["Setup","Deadly Poison","Underhanded Strike"],"picked":"SKIP","floor":14}],"player_experience":697955,"relics_obtained":[{"floor":7.0,"key":"PreservedInsect"},{"floor":9,"key":"Orichalcum"}],"event_choices":[{"damage_healed":0.0,"max_hp_gain":5.0,"max_hp_loss":0.0,"gold_gain":0.0,"event_name":"Big Fish","player_choice":"Donut","floor":3.0,"gold_loss":0.0,"damage_taken":0.0},{"cards_removed":["Strike_G"],"damage_healed":0.0,"max_hp_gain":0.0,"max_hp_loss":0.0,"gold_gain":0.0,"event_name":"The Cleric","player_choice":"Card Removal","floor":4.0,"gold_loss":75.0,"damage_taken":0.0},{"damage_healed":0,"gold_gain":0,"player_choice":"Ignored","damage_taken":0,"max_hp_gain":0,"max_hp_loss":0,"event_name":"Shining Light","floor":10,"gold_loss":0}],"is_beta":false,"boss_relics":[],"items_purged_floors":[],"is_endless":false,"potions_floor_spawned":[1,8,11],"killed_by":"Slime Boss","ascension_level":20}