{"path_per_floor":["M","?","M","M","M","R","?","M","T","E","?","R","$","M","R","B",null,"M","?","?","?","T","E","R","E","T","R","M","M","?","$","R","B",null,"M","$","?","M"],"character_chosen":"IRONCLAD","items_purchased":["Power Through","Block Potion","Armaments","Shrug It Off"],"gold_per_floor":[17,17,33,53,67,67,67,83,83,119,119,119,40,58,58,187,225,239,239,164,164,164,195,195,231,231,231,256,281,281,101,101,230,230,254,131,131,150],"floor_reached":39,"campfire_rested":3,"playtime":3325,"current_hp_per_floor":[88,64,58,63,54,54,59,56,56,39,19,49,49,55,55,33,89,68,68,68,68,68,40,71,50,64,64,56,21,21,21,57,63,106,59,59,59,43],"items_purged":["Strike_R","Perfected Strike"],"gold":150,"score":571,"play_id":"611fa7d7-2141-46d1-bb74-0af6b479d6eb","is_prod":false,"is_daily":false,"is_ascension_mode":true,"campfire_upgraded":3,"path_taken":["M","?","M","?","M","R","?","M","T","E","?","R","$","M","R","BOSS","M","?","?","?","?","E","R","E","T","R","M","M","?","$","R","BOSS","M","$","?","?","M"],"build_version":"2018-02-15-PROD1","purchased_purges":5,"victory":false,"master_deck":["Strike_R","Strike_R+1","Strike_R+1","Defend_R","Defend_R+1","Defend_R","Defend_R","Bash","Whirlwind+1","Body Slam+1","Power Through","Barricade+1","Evolve","Ghostly Armor","Warcry+1","Dual Wield","Impervious","Armaments","Shrug It Off","Shrug It Off","Flame Barrier"],"max_hp_per_floor":[96,96,96,96,96,96,101,101,101,101,101,101,101,101,101,101,106,106,106,106,106,106,106,106,106,120,120,120,120,120,120,120,120,120,120,120,120,120],"relics":["Burning Blood","Golden Idol","Sundial","Dodecahedron","Tiny House","Ice Cream","Gremlin Horn","Bronze Scales","Mango","Cursed Key"],"card_choices":[{"not_picked":["Ghostly Armor","Shrug It Off"],"picked":"Perfected Strike"},{"not_picked":["Pommel Strike","Shrug It Off"],"picked":"Whirlwind"},{"not_picked":["True Grit","Armaments"],"picked":"Impervious"},{"not_picked":["Berserk","Iron Wave"],"picked":"Body Slam"},{"not_picked":["Dark Embrace","Bludgeon"],"picked":"Barricade"},{"not_picked":["Fire Breathing","Wild Strike"],"picked":"Evolve"},{"not_picked":["Anger","Wild Strike"],"picked":"Warcry"},{"not_picked":["Heavy Blade","Wild Strike"],"picked":"Dual Wield"},{"not_picked":["Flex","Warcry"],"picked":"Shrug It Off"},{"not_picked":["Cleave","Blood for Blood"],"picked":"Flame Barrier"}],"player_experience":191530,"potions_floor_usage":[10,16,23,23,25,29,33,33],"damage_taken":[{"damage":14,"enemies":"2 Louse","floor":1,"turns":3},{"damage":12,"enemies":"Small Slimes","floor":3,"turns":4},{"damage":1,"enemies":"Cultist","floor":4,"turns":4},{"damage":15,"enemies":"Large Slime","floor":5,"turns":7},{"damage":9,"enemies":"Exordium Wildlife","floor":8,"turns":3},{"damage":23,"enemies":"Gremlin Nob","floor":10,"turns":5},{"damage":0,"enemies":"3 Louse","floor":14,"turns":2},{"damage":28,"enemies":"Slime Boss","floor":16,"turns":10},{"damage":27,"enemies":"Shell Parasite","floor":18,"turns":8},{"damage":34,"enemies":"Slavers","floor":23,"turns":9},{"damage":27,"enemies":"Gremlin Leader","floor":25,"turns":9},{"damage":14,"enemies":"Spheric Guardian","floor":28,"turns":8},{"damage":41,"enemies":"Cultist and Chosen","floor":29,"turns":5},{"damage":0,"enemies":"Automaton","floor":33,"turns":13},{"damage":53,"enemies":"Orb Walker","floor":35,"turns":7},{"damage":22,"enemies":"3 Darklings","floor":38,"turns":4},{"damage":50,"enemies":"Sphere and 2 Shapes","floor":39,"turns":5}],"event_choices":[{"event_name":"Golden Idol","player_choice":"Take Damage","floor":2,"damage_taken":0},{"event_name":"Big Fish","player_choice":"Donut","floor":7,"damage_taken":0},{"event_name":"Shining Light","player_choice":"Entered Light","floor":11,"damage_taken":0},{"event_name":"The Library","player_choice":"Read","floor":19,"damage_taken":0},{"event_name":"Beggar","player_choice":"Gave Gold","floor":20,"damage_taken":0},{"event_name":"Drug Dealer","player_choice":"Ignored","floor":21,"damage_taken":0},{"event_name":"Duplicator","player_choice":"One dupe","floor":30,"damage_taken":0}],"boss_relics":[{"not_picked":["Runic Pyramid","Runic Dome"],"picked":"Tiny House"},{"not_picked":["Eternal Feather","Question Card"],"picked":"Cursed Key"}],"potions_floor_spawned":[5,14,16,23,28,29],"seed_played":"-5691635757285958795","killed_by":"Sphere and 2 Shapes","ascension_level":5,"is_trial":false}