{"gold_per_floor":[115,115,65,79,96,96,121,121,121,121,121,132,145,156,156,252,252,269,282,293,305,230,230,73,73,73,73,90,90,18,44,44,139,139,151,170,170,70,0,32,32,60,85,110,110,110,110,126,126,126],"floor_reached":51,"playtime":2460,"items_purged":["Strike_B","Defend_B"],"score":1364,"play_id":"cc735f31-80f7-4bb2-b190-b06b2f56be0b","local_time":"20181015212059","is_ascension_mode":true,"campfire_choices":[{"data":"Zap","floor":6,"key":"SMITH"},{"floor":10,"key":"REST"},{"data":"Dualcast","floor":15,"key":"SMITH"},{"data":"Chaos","floor":23,"key":"SMITH"},{"data":"Beam Cell","floor":27,"key":"SMITH"},{"data":"Chill","floor":32,"key":"SMITH"},{"data":"Madness","floor":41,"key":"SMITH"},{"data":"Madness","floor":47,"key":"SMITH"},{"data":"Beam Cell","floor":49,"key":"SMITH"}],"neow_cost":"PERCENT_DAMAGE","seed_source_timestamp":92532828651840,"circlet_count":0,"master_deck":["Defend_B+1","Defend_B","Zap+1","Dualcast+1","Chaos+1","Gash","Gash","Steam+1","Beam Cell+1","BootSequence","Gash","FTL","Double Energy+1","Chill+1","Beam Cell+1","Madness+1","Madness+1"],"relics":["Cracked Core","Calipers","Unceasing Top","Gambling Chip","Gremlin Horn","Nuclear Battery","Shuriken","Symbiotic Virus","Busted Crown","Red Mask","Mummified Hand","Ancient Tea Set","War Paint","Toxic Egg 2","Bronze Scales"],"potions_floor_usage":[7],"damage_taken":[{"damage":1,"enemies":"Cultist","floor":1,"turns":3},{"damage":0,"enemies":"Small Slimes","floor":4,"turns":2},{"damage":0,"enemies":"2 Louse","floor":5,"turns":2},{"damage":32,"enemies":"Gremlin Nob","floor":7,"turns":4},{"damage":0,"enemies":"Exordium Thugs","floor":12,"turns":2},{"damage":0,"enemies":"Gremlin Gang","floor":13,"turns":3},{"damage":16,"enemies":"Large Slime","floor":14,"turns":4},{"damage":9,"enemies":"The Guardian","floor":16,"turns":8},{"damage":0,"enemies":"Spheric Guardian","floor":18,"turns":3},{"damage":0,"enemies":"3 Byrds","floor":19,"turns":2},{"damage":0,"enemies":"3 Cultists","floor":20,"turns":4},{"damage":0,"enemies":"Shelled Parasite and Fungi","floor":21,"turns":3},{"damage":0,"enemies":"Centurion and Healer","floor":28,"turns":2},{"damage":0,"enemies":"Gremlin Leader","floor":31,"turns":1},{"damage":0,"enemies":"Champ","floor":33,"turns":4},{"damage":0,"enemies":"3 Shapes","floor":35,"turns":1},{"damage":0,"enemies":"3 Darklings","floor":36,"turns":2},{"damage":0,"enemies":"Giant Head","floor":40,"turns":1},{"damage":0,"enemies":"Nemesis","floor":42,"turns":1},{"damage":0,"enemies":"Giant Head","floor":44,"turns":1},{"damage":0,"enemies":"Maw","floor":48,"turns":1},{"damage":0,"enemies":"Awakened One","floor":50,"turns":2}],"seed_played":"-7301204252341185180","potions_obtained":[{"floor":1,"key":"LiquidBronze"},{"floor":12,"key":"Ancient Potion"},{"floor":20,"key":"SneckoOil"},{"floor":28,"key":"LiquidBronze"},{"floor":33,"key":"Weak Potion"},{"floor":40,"key":"SteroidPotion"}],"is_trial":false,"path_per_floor":["M","T","?","M","M","R","E","?","T","R","?","M","M","M","R","B",null,"M","M","M","M","?","R","$","$","T","R","M","?","$","E","R","B",null,"M","M","?","$","?","E","R","E","T","E","T","?","R","M","R","B"],"character_chosen":"DEFECT","items_purchased":["FTL","Chill"],"campfire_rested":1,"item_purchase_floors":[24,30],"current_hp_per_floor":[49,49,49,49,49,49,17,17,17,39,64,64,64,48,48,39,66,66,66,66,66,66,66,66,66,66,66,66,66,66,66,66,66,73,73,73,64,64,64,64,64,64,64,64,64,64,64,64,64,64],"gold":126,"neow_bonus":"ONE_RARE_RELIC","is_prod":false,"is_daily":false,"chose_seed":false,"campfire_upgraded":8,"win_rate":0,"timestamp":1539663659,"path_taken":["M","?","?","?","?","R","E","?","T","R","?","M","M","M","R","BOSS","M","M","?","M","?","R","?","$","T","R","?","?","$","E","R","BOSS","M","M","?","$","?","E","R","E","T","E","?","?","R","M","R","BOSS"],"build_version":"2018-10-11","purchased_purges":2,"victory":true,"max_hp_per_floor":[75,75,75,75,75,75,75,75,75,75,75,75,75,75,75,75,75,75,75,75,75,75,75,75,75,75,75,75,75,75,75,75,75,75,75,75,75,75,75,75,75,75,75,75,75,75,75,75,75,75],"card_choices":[{"not_picked":["Ball Lightning","Rebound"],"picked":"Chaos","floor":1},{"not_picked":["Go for the Eyes","Steam"],"picked":"Gash","floor":4},{"not_picked":["Barrage","Static Discharge"],"picked":"Gash","floor":5},{"not_picked":["Barrage","Coolheaded","Rebound"],"picked":"SKIP","floor":7},{"not_picked":["Hello World","Hologram"],"picked":"Steam","floor":12},{"not_picked":["Echo Form","Leap","Force Field"],"picked":"SKIP","floor":13},{"not_picked":["Sweeping Beam","Static Discharge"],"picked":"Beam Cell","floor":14},{"not_picked":["Streamline","Sweeping Beam"],"picked":"BootSequence","floor":18},{"not_picked":["Rip and Tear+1","Leap","Cold Snap"],"picked":"SKIP","floor":19},{"not_picked":["Ball Lightning","Reboot"],"picked":"Gash","floor":20},{"not_picked":["Hologram","Lockon+1","Leap"],"picked":"SKIP","floor":21},{"not_picked":["Cold Snap+1","Conserve Battery"],"picked":"Double Energy+1","floor":28},{"not_picked":["Stack","Force Field+1"],"picked":"Beam Cell","floor":31},{"not_picked":["Redo"],"picked":"SKIP","floor":35},{"not_picked":["Conserve Battery"],"picked":"SKIP","floor":36},{"not_picked":["Leap"],"picked":"SKIP","floor":40},{"not_picked":["Recycle"],"picked":"SKIP","floor":42},{"not_picked":["Melter+1"],"picked":"SKIP","floor":44},{"not_picked":["Leap+1"],"picked":"SKIP","floor":48}],"player_experience":272334,"relics_obtained":[{"floor":2,"key":"Unceasing Top"},{"floor":7,"key":"Gambling Chip"},{"floor":9,"key":"Gremlin Horn"},{"floor":26,"key":"Shuriken"},{"floor":31,"key":"Symbiotic Virus"},{"floor":40,"key":"Mummified Hand"},{"floor":42,"key":"Ancient Tea Set"},{"floor":43,"key":"War Paint"},{"floor":44,"key":"Toxic Egg 2"},{"floor":45,"key":"Bronze Scales"}],"event_choices":[{"event_name":"The Cleric","player_choice":"Card Removal","floor":3,"damage_taken":0},{"event_name":"Liars Game","player_choice":"disagreed","floor":8,"damage_taken":0},{"event_name":"Big Fish","player_choice":"Banana","floor":11,"damage_taken":0},{"event_name":"Beggar","player_choice":"Gave Gold","floor":22,"damage_taken":0},{"event_name":"Bonfire Elementals","player_choice":"BASIC","floor":29,"damage_taken":0},{"event_name":"Winding Halls","player_choice":"Embrace Madness","floor":37,"damage_taken":0},{"event_name":"Tomb of Lord Red Mask","player_choice":"Paid","floor":39,"damage_taken":0},{"event_name":"Purifier","player_choice":"One Purge","floor":46,"damage_taken":0}],"is_beta":false,"boss_relics":[{"not_picked":["Inserter","Orrery"],"picked":"Nuclear Battery"},{"not_picked":["Pandora\u0027s Box","Fusion Hammer"],"picked":"Busted Crown"}],"items_purged_floors":[24,38],"is_endless":false,"potions_floor_spawned":[1,12,20,28,33,40,42,44],"ascension_level":6}