{"gold_per_floor":[110,285,305,305,325,351,351,376,676,701,13,13,0],"floor_reached":13,"playtime":745,"items_purged":["Strike_R"],"score":111,"play_id":"eff6c58a-8fb1-446d-b897-b7df13b470e6","local_time":"20180929202816","is_ascension_mode":true,"campfire_choices":[{"data":"Flex","floor":12,"key":"SMITH"}],"neow_cost":"TEN_PERCENT_HP_LOSS","seed_source_timestamp":535025249866260,"circlet_count":0,"master_deck":["Strike_R","Strike_R","Strike_R","Strike_R","Defend_R","Defend_R","Defend_R","Defend_R","Bash","Flex+1","Uppercut","Rampage","Dropkick","Shockwave","Thunderclap"],"relics":["Burning Blood","Incense Burner","Mercury Hourglass","Calipers","Pear","Old Coin","Frozen Egg 2","PreservedInsect","Paper Frog","Toy Ornithopter"],"potions_floor_usage":[10],"damage_taken":[{"damage":0,"enemies":"Small Slimes","floor":1,"turns":4},{"damage":1,"enemies":"Cultist","floor":3,"turns":4},{"damage":12,"enemies":"Jaw Worm","floor":5,"turns":2},{"damage":11,"enemies":"Gremlin Nob","floor":6,"turns":4},{"damage":17,"enemies":"3 Sentries","floor":8,"turns":6},{"damage":26,"enemies":"Lagavulin","floor":10,"turns":4},{"damage":29,"enemies":"Exordium Thugs","floor":13,"turns":2}],"seed_played":"8151789882514700018","potions_obtained":[{"floor":3,"key":"AttackPotion"}],"is_trial":false,"path_per_floor":["M","?","M","?","M","E","?","E","T","E","$","R"],"character_chosen":"IRONCLAD","items_purchased":["PreservedInsect","Paper Frog","Toy Ornithopter"],"campfire_rested":0,"item_purchase_floors":[11,11,11],"current_hp_per_floor":[72,72,72,65,59,54,47,46,46,26,26,26,0],"gold":0,"neow_bonus":"ONE_RARE_RELIC","is_prod":false,"is_daily":false,"chose_seed":false,"campfire_upgraded":1,"win_rate":0,"timestamp":1538278096,"path_taken":["M","?","M","?","M","E","?","E","T","E","$","R","?"],"build_version":"2018-09-27","purchased_purges":1,"victory":false,"max_hp_per_floor":[72,72,72,72,72,72,72,82,82,82,82,82,82],"card_choices":[{"not_picked":["True Grit","Twin Strike"],"picked":"Flex","floor":1},{"not_picked":["Corruption","Burning Pact"],"picked":"Uppercut","floor":3},{"not_picked":["Havoc","True Grit"],"picked":"Rampage","floor":5},{"not_picked":["Intimidate","Wild Strike"],"picked":"Dropkick","floor":6},{"not_picked":["Heavy Blade","Metallicize"],"picked":"Shockwave","floor":8},{"not_picked":["Dark Embrace","Armaments"],"picked":"Thunderclap","floor":10}],"player_experience":194324,"relics_obtained":[{"floor":6,"key":"Mercury Hourglass"},{"floor":8,"key":"Pear"},{"floor":9,"key":"Old Coin"},{"floor":10,"key":"Frozen Egg 2"}],"event_choices":[{"event_name":"Liars Game","player_choice":"agreed","floor":2,"damage_taken":0},{"event_name":"Golden Wing","player_choice":"Card Removal","floor":4,"damage_taken":0},{"event_name":"Scrap Ooze","player_choice":"success","floor":7,"damage_taken":7}],"is_beta":false,"boss_relics":[],"items_purged_floors":[11],"is_endless":false,"potions_floor_spawned":[3],"killed_by":"Exordium Thugs","ascension_level":2}