{"gold_per_floor":[111,131,145,165,177,177,197,197,220,251,268,268,268,279,279,356,356,371,371,387,387,401,401,401],"floor_reached":24,"playtime":1284,"items_purged":[],"score":404,"play_id":"5a0d0b4c-d99a-41c5-8142-e87ed4bc34a1","local_time":"20190304024638","is_ascension_mode":true,"campfire_choices":[{"data":"Zap","floor":6,"key":"SMITH"},{"data":"Self Repair","floor":8,"key":"SMITH"},{"data":"Rainbow","floor":13,"key":"SMITH"},{"data":"Hologram","floor":15,"key":"SMITH"},{"data":"Capacitor","floor":23,"key":"SMITH"}],"neow_cost":"NONE","seed_source_timestamp":2219891235487400,"circlet_count":0,"master_deck":["AscendersBane","Strike_B+1","Strike_B+1","Strike_B+1","Defend_B+1","Defend_B+1","Defend_B+1","Defend_B+1","Zap+1","Dualcast","Self Repair+1","Glacier","Core Surge","Compile Driver","Hologram+1","Glacier","Rainbow+1","Cold Snap","Echo Form","Capacitor+1"],"relics":["FrozenCore","Vajra","Cables"],"potions_floor_usage":[10,10,16,24],"damage_taken":[{"damage":2,"enemies":"Jaw Worm","floor":1,"turns":3},{"damage":15,"enemies":"Small Slimes","floor":2,"turns":5},{"damage":2,"enemies":"Cultist","floor":3,"turns":5},{"damage":12,"enemies":"Exordium Wildlife","floor":4,"turns":6},{"damage":7,"enemies":"Looter","floor":5,"turns":4},{"damage":9,"enemies":"Blue Slaver","floor":7,"turns":4},{"damage":10,"enemies":"3 Sentries","floor":10,"turns":11},{"damage":12,"enemies":"2 Fungi Beasts","floor":11,"turns":3},{"damage":28,"enemies":"Gremlin Gang","floor":14,"turns":6},{"damage":17,"enemies":"Hexaghost","floor":16,"turns":9},{"damage":28,"enemies":"3 Byrds","floor":18,"turns":6},{"damage":10,"enemies":"Chosen","floor":20,"turns":6},{"damage":30,"enemies":"Shelled Parasite and Fungi","floor":22,"turns":8},{"damage":48,"enemies":"Slavers","floor":24,"turns":10}],"seed_played":"-1205512733773585088","potions_obtained":[{"floor":1,"key":"SpeedPotion"},{"floor":3,"key":"Swift Potion"},{"floor":14,"key":"Fire Potion"},{"floor":16,"key":"Strength Potion"},{"floor":22,"key":"FearPotion"}],"is_trial":false,"path_per_floor":["M","M","M","M","M","R","M","R","T","E","M","?","R","M","R","B",null,"M","?","M","?","M","R","E"],"character_chosen":"DEFECT","items_purchased":[],"campfire_rested":0,"item_purchase_floors":[],"current_hp_per_floor":[69,61,66,61,61,61,59,59,59,59,57,50,50,32,32,25,65,57,57,57,57,47,47,0],"gold":401,"neow_bonus":"TEN_PERCENT_HP_BONUS","is_prod":false,"is_daily":false,"chose_seed":false,"campfire_upgraded":5,"win_rate":0,"timestamp":1551696398,"path_taken":["M","M","M","M","M","R","M","R","T","E","M","?","R","M","R","BOSS","M","?","M","?","?","R","E"],"build_version":"2019-01-23","purchased_purges":0,"victory":false,"max_hp_per_floor":[78,78,78,78,78,78,78,78,78,78,78,78,78,78,78,78,78,78,78,78,78,78,78,78],"card_choices":[{"not_picked":["Sweeping Beam","Turbo"],"picked":"Self Repair","floor":1},{"not_picked":["Go for the Eyes","Stack"],"picked":"Glacier","floor":2},{"not_picked":["Sweeping Beam","Tempest"],"picked":"Core Surge","floor":3},{"not_picked":["Coolheaded","Cold Snap"],"picked":"Compile Driver","floor":4},{"not_picked":["Sweeping Beam","Rebound"],"picked":"Hologram","floor":5},{"not_picked":["Compile Driver","Go for the Eyes"],"picked":"Glacier","floor":7},{"not_picked":["Skim","Ball Lightning"],"picked":"Rainbow","floor":10},{"not_picked":["Doom and Gloom","Genetic Algorithm"],"picked":"Cold Snap","floor":11},{"not_picked":["Go for the Eyes","Streamline","Hologram"],"picked":"SKIP","floor":14},{"not_picked":["Rainbow","Hyperbeam"],"picked":"Echo Form","floor":16},{"not_picked":["Ball Lightning","Leap"],"picked":"Capacitor","floor":18},{"not_picked":["Beam Cell","Rebound","Tempest"],"picked":"SKIP","floor":20},{"not_picked":["Streamline","Leap","Tempest"],"picked":"SKIP","floor":22}],"player_experience":780429,"relics_obtained":[{"floor":9,"key":"Vajra"},{"floor":10,"key":"Cables"}],"event_choices":[{"cards_removed":["Strike_B"],"damage_healed":0,"gold_gain":0,"player_choice":"Card Removal","damage_taken":7,"max_hp_gain":0,"max_hp_loss":0,"event_name":"Golden Wing","floor":12,"gold_loss":0},{"damage_healed":0,"gold_gain":0,"player_choice":"Simplicity","damage_taken":0,"max_hp_gain":0,"max_hp_loss":0,"event_name":"Back to Basics","floor":19,"gold_loss":0,"cards_upgraded":["Strike_B","Strike_B","Strike_B","Defend_B","Defend_B","Defend_B","Defend_B"]},{"damage_healed":0,"gold_gain":0,"player_choice":"Ignored","damage_taken":0,"max_hp_gain":0,"max_hp_loss":0,"event_name":"N\u0027loth","floor":21,"gold_loss":0}],"is_beta":false,"boss_relics":[{"not_picked":["Orrery","Philosopher\u0027s Stone"],"picked":"FrozenCore"}],"items_purged_floors":[],"is_endless":false,"potions_floor_spawned":[1,3,14,16,22],"killed_by":"Slavers","ascension_level":20}