{"gold_per_floor":[113,123,26,38,50,84,84,112,112,139,139,158,158,7,7,110,110,125,125,159,80,80,80,115,115],"floor_reached":25,"playtime":1343,"items_purged":[],"score":296,"play_id":"07d8abed-fa03-4548-bdf3-1ce7767ec35b","local_time":"20181110180415","is_ascension_mode":true,"campfire_choices":[{"data":"Armaments","floor":7,"key":"SMITH"},{"data":"Armaments","floor":11,"key":"SMITH"},{"data":"Metallicize","floor":15,"key":"SMITH"},{"floor":23,"key":"REST"}],"neow_cost":"NONE","seed_source_timestamp":177543991654046,"circlet_count":0,"master_deck":["Strike_R","Strike_R","Strike_R","Strike_R","Strike_R","Defend_R","Defend_R","Defend_R","Defend_R","Bash","Immolate","Anger","Second Wind","Metallicize+1","Armaments+1","Armaments+1","Exhume","Sentinel","Thunderclap","Limit Break","Clothesline","Rupture","Uppercut","Demon Form","Combust","Disarm","Clothesline+1","Evolve","Havoc+1"],"relics":["Burning Blood","Happy Flower","Dodecahedron","Mummified Hand","Bag of Preparation","Mark of Pain","Red Mask","Smiling Mask"],"potions_floor_usage":[12,12,20,20,24],"damage_taken":[{"damage":1,"enemies":"Cultist","floor":1,"turns":3},{"damage":5,"enemies":"2 Louse","floor":2,"turns":3},{"damage":10,"enemies":"Jaw Worm","floor":4,"turns":4},{"damage":10,"enemies":"Blue Slaver","floor":5,"turns":4},{"damage":6,"enemies":"3 Sentries","floor":6,"turns":8},{"damage":38,"enemies":"Gremlin Nob","floor":8,"turns":5},{"damage":19,"enemies":"3 Sentries","floor":10,"turns":5},{"damage":0,"enemies":"2 Fungi Beasts","floor":12,"turns":2},{"damage":25,"enemies":"Hexaghost","floor":16,"turns":10},{"damage":14,"enemies":"2 Thieves","floor":18,"turns":3},{"damage":51,"enemies":"Masked Bandits","floor":20,"turns":5},{"damage":16,"enemies":"Colosseum Slavers","floor":22,"turns":6},{"damage":23,"enemies":"Slavers","floor":24,"turns":5},{"damage":19,"enemies":"3 Byrds","floor":25,"turns":4}],"seed_played":"-1934765461926141083","potions_obtained":[{"floor":2,"key":"FearPotion"},{"floor":4,"key":"BloodPotion"},{"floor":5,"key":"LiquidBronze"},{"floor":10,"key":"AttackPotion"},{"floor":16,"key":"Ancient Potion"},{"floor":20,"key":"Poison Potion"},{"floor":24,"key":"Ancient Potion"}],"is_trial":false,"path_per_floor":["M","M","$","M","M","E","R","E","T","E","R","M","?","$","R","B",null,"M","?","?","$","?","R","E","M"],"character_chosen":"IRONCLAD","items_purchased":["Metallicize","Armaments","Rupture","Uppercut","Evolve"],"campfire_rested":1,"item_purchase_floors":[3,3,14,14,21],"current_hp_per_floor":[80,80,80,76,72,72,72,40,40,27,27,41,80,80,80,61,75,67,67,22,22,12,36,19,0],"gold":115,"neow_bonus":"ONE_RANDOM_RARE_CARD","is_prod":false,"is_daily":false,"chose_seed":false,"campfire_upgraded":3,"win_rate":0,"timestamp":1541901855,"path_taken":["M","M","$","M","M","E","R","E","T","E","R","M","?","?","R","BOSS","M","?","?","?","?","R","E","M"],"build_version":"2018-11-08","purchased_purges":0,"victory":false,"max_hp_per_floor":[80,80,80,80,80,80,80,80,80,80,80,80,80,80,80,80,80,80,80,80,80,80,80,80,80],"card_choices":[{"not_picked":["Sword Boomerang","Whirlwind"],"picked":"Anger","floor":1},{"not_picked":["Perfected Strike","Warcry"],"picked":"Second Wind","floor":2},{"not_picked":["Clothesline","Sever Soul"],"picked":"Armaments","floor":4},{"not_picked":["Warcry","Thunderclap"],"picked":"Exhume","floor":5},{"not_picked":["Sword Boomerang","Bloodletting"],"picked":"Sentinel","floor":6},{"not_picked":["Sword Boomerang","Rampage"],"picked":"Thunderclap","floor":8},{"not_picked":["Anger","Clothesline"],"picked":"Limit Break","floor":10},{"not_picked":["Sword Boomerang","Body Slam"],"picked":"Clothesline","floor":12},{"not_picked":["Berserk","Brutality"],"picked":"Demon Form","floor":16},{"not_picked":["Power Through+1","True Grit"],"picked":"Combust","floor":18},{"not_picked":["Power Through","Thunderclap"],"picked":"Clothesline+1","floor":20},{"not_picked":["Intimidate","Wild Strike+1"],"picked":"Havoc+1","floor":24}],"player_experience":395432,"relics_obtained":[{"floor":6,"key":"Happy Flower"},{"floor":8,"key":"Dodecahedron"},{"floor":9,"key":"Mummified Hand"},{"floor":10,"key":"Bag of Preparation"},{"floor":20,"key":"Red Mask"},{"floor":24,"key":"Smiling Mask"}],"event_choices":[{"damage_healed":39,"gold_gain":0,"player_choice":"Full Heal","damage_taken":0,"max_hp_gain":0,"max_hp_loss":0,"event_name":"Wheel of Change","floor":13,"gold_loss":0},{"damage_healed":0,"gold_gain":0,"player_choice":"Read","damage_taken":0,"max_hp_gain":0,"max_hp_loss":0,"event_name":"The Library","floor":19,"gold_loss":0,"cards_obtained":["Disarm"]},{"damage_healed":0,"gold_gain":0,"player_choice":"Fought Bandits","damage_taken":0,"max_hp_gain":0,"max_hp_loss":0,"event_name":"Masked Bandits","floor":20,"gold_loss":0},{"damage_healed":0,"gold_gain":0,"player_choice":"Fight","damage_taken":0,"max_hp_gain":0,"max_hp_loss":0,"event_name":"Colosseum","floor":22,"gold_loss":0},{"damage_healed":0,"gold_gain":0,"player_choice":"Fled From Nobs","damage_taken":0,"max_hp_gain":0,"max_hp_loss":0,"event_name":"Colosseum","floor":22,"gold_loss":0}],"is_beta":false,"boss_relics":[{"not_picked":["Sozu","Astrolabe"],"picked":"Mark of Pain"}],"items_purged_floors":[],"is_endless":false,"potions_floor_spawned":[2,4,5,8,10,16,20,22,24],"killed_by":"3 Byrds","ascension_level":5}