{"gold_per_floor":[216,216,44,54,28,28,38,38,63,75,94,19,19,53,53,132,132,144,144,144,164,164,182,92,17,42,57,77,77,77,77],"floor_reached":31,"playtime":1063,"items_purged":["Strike_B"],"score":470,"play_id":"8ec702a1-f897-41ea-849a-ee5f0e6da7da","local_time":"20190123150200","is_ascension_mode":true,"campfire_choices":[{"data":"Zap","floor":6,"key":"SMITH"},{"data":"Ball Lightning","floor":8,"key":"SMITH"},{"data":"Tempest","floor":13,"key":"SMITH"},{"floor":15,"key":"REST"},{"data":"Defragment","floor":29,"key":"SMITH"}],"neow_cost":"NONE","seed_source_timestamp":1251254115236654,"circlet_count":0,"master_deck":["AscendersBane","Strike_B","Defend_B","Defend_B","Defend_B","Defend_B","Zap+1","Dualcast","Tempest+1","Coolheaded","Hologram","Ball Lightning+1","Compile Driver","Creative AI","Buffer","Coolheaded","Chill","Chaos","Cold Snap","Defragment+1"],"relics":["Cracked Core","DataDisk","Bag of Marbles","Art of War","Busted Crown","Strawberry","Boot"],"potions_floor_usage":[14,16,18,27,30],"damage_taken":[{"damage":0,"enemies":"2 Louse","floor":1,"turns":2},{"damage":12,"enemies":"Jaw Worm","floor":4,"turns":2},{"damage":3,"enemies":"Cultist","floor":7,"turns":3},{"damage":0,"enemies":"Blue Slaver","floor":10,"turns":2},{"damage":3,"enemies":"Looter","floor":11,"turns":3},{"damage":25,"enemies":"Lagavulin","floor":14,"turns":4},{"damage":9,"enemies":"The Guardian","floor":16,"turns":11},{"damage":6,"enemies":"2 Thieves","floor":18,"turns":3},{"damage":0,"enemies":"Chosen","floor":21,"turns":3},{"damage":9,"enemies":"Snecko","floor":23,"turns":5},{"damage":0,"enemies":"Chosen and Byrds","floor":27,"turns":3},{"damage":0,"enemies":"Sentry and Sphere","floor":28,"turns":6},{"damage":29,"enemies":"Colosseum Slavers","floor":30,"turns":3},{"damage":23,"enemies":"Book of Stabbing","floor":31,"turns":4}],"seed_played":"-786408387231515387","potions_obtained":[{"floor":1,"key":"AttackPotion"},{"floor":4,"key":"Energy Potion"},{"floor":16,"key":"Fire Potion"},{"floor":23,"key":"FocusPotion"},{"floor":27,"key":"Dexterity Potion"}],"is_trial":false,"path_per_floor":["M","?","$","M","$","R","M","R","T","M","M","$","R","E","R","B",null,"M","?","?","M","?","M","$","?","T","M","M","R","?","E"],"character_chosen":"DEFECT","items_purchased":["DataDisk","Hologram","Defragment"],"campfire_rested":1,"item_purchase_floors":[3,5,24],"current_hp_per_floor":[64,59,59,47,47,47,44,44,44,44,41,41,41,16,37,28,60,54,54,54,54,61,52,52,52,52,52,52,52,23,0],"gold":77,"neow_bonus":"HUNDRED_GOLD","is_prod":false,"is_daily":false,"chose_seed":false,"campfire_upgraded":4,"win_rate":0,"timestamp":1548273720,"path_taken":["M","?","$","M","?","R","?","R","T","M","M","$","R","E","R","BOSS","M","?","?","M","?","M","$","?","T","M","?","R","?","E"],"build_version":"2019-01-23","purchased_purges":1,"victory":false,"max_hp_per_floor":[71,71,71,71,71,71,71,71,71,71,71,71,71,71,71,71,71,71,71,71,71,78,78,78,78,78,78,78,78,78,78],"card_choices":[{"not_picked":["Heatsinks","Compile Driver"],"picked":"Tempest","floor":1},{"not_picked":["Go for the Eyes","Tempest"],"picked":"Coolheaded","floor":4},{"not_picked":["Darkness","Turbo"],"picked":"Ball Lightning","floor":7},{"not_picked":["Ball Lightning","Hologram","Redo"],"picked":"SKIP","floor":10},{"not_picked":["Turbo","Chill"],"picked":"Compile Driver","floor":11},{"not_picked":["Streamline","Hologram"],"picked":"Creative AI","floor":14},{"not_picked":["Multi-Cast","Amplify"],"picked":"Buffer","floor":16},{"not_picked":["Leap"],"picked":"SKIP","floor":18},{"not_picked":["Redo"],"picked":"SKIP","floor":21},{"not_picked":[],"picked":"Cold Snap","floor":23},{"not_picked":["Coolheaded"],"picked":"SKIP","floor":27},{"not_picked":["Barrage"],"picked":"SKIP","floor":28}],"player_experience":494499,"relics_obtained":[{"floor":9,"key":"Bag of Marbles"},{"floor":14,"key":"Art of War"},{"floor":26,"key":"Boot"}],"event_choices":[{"damage_healed":0,"gold_gain":0,"player_choice":"Fled","damage_taken":5,"max_hp_gain":0,"max_hp_loss":0,"event_name":"Scrap Ooze","floor":2,"gold_loss":0},{"damage_healed":0,"gold_gain":0,"player_choice":"Read","damage_taken":0,"max_hp_gain":0,"max_hp_loss":0,"event_name":"The Library","floor":19,"gold_loss":0,"cards_obtained":["Coolheaded"]},{"damage_healed":0,"gold_gain":0,"cards_transformed":["Strike_B","Strike_B"],"player_choice":"Became Test Subject","damage_taken":0,"max_hp_gain":0,"max_hp_loss":0,"event_name":"Drug Dealer","floor":20,"gold_loss":0,"cards_obtained":["Chill","Chaos"]},{"damage_healed":0,"gold_gain":0,"player_choice":"Opened","damage_taken":0,"relics_obtained":["Strawberry"],"max_hp_gain":0,"max_hp_loss":0,"event_name":"The Mausoleum","floor":22,"gold_loss":0,"cards_obtained":["Writhe"]},{"cards_removed":["Writhe"],"damage_healed":0,"gold_gain":0,"player_choice":"Single Remove","damage_taken":0,"max_hp_gain":0,"max_hp_loss":0,"event_name":"Designer","floor":25,"gold_loss":75},{"damage_healed":0,"gold_gain":0,"player_choice":"Fight","damage_taken":0,"max_hp_gain":0,"max_hp_loss":0,"event_name":"Colosseum","floor":30,"gold_loss":0},{"damage_healed":0,"gold_gain":0,"player_choice":"Fled From Nobs","damage_taken":0,"max_hp_gain":0,"max_hp_loss":0,"event_name":"Colosseum","floor":30,"gold_loss":0}],"is_beta":true,"boss_relics":[{"not_picked":["Lizard Tail","Coffee Dripper"],"picked":"Busted Crown"}],"items_purged_floors":[12],"is_endless":false,"potions_floor_spawned":[1,4,16,23,27,30],"killed_by":"Book of Stabbing","ascension_level":20}