{"gold_per_floor":[114,114,27,27,38,65,13,30,30,60,60,60,72,91,91,169,169,180,200,37,53,73,99,99,127,152,152,165,165,10,58,58,132,132,150,50,50,50,105,105,123,149,149,0,0,10,10,10,10,10,10,10,10,10],"floor_reached":54,"playtime":2315,"items_purged":["Strike_B","Strike_B"],"score":1328,"play_id":"bd8942d9-cfb3-4518-934a-40cb2883fc2e","local_time":"20190202203703","is_ascension_mode":true,"campfire_choices":[{"floor":12,"key":"REST"},{"floor":15,"key":"REST"},{"data":"Capacitor","floor":24,"key":"SMITH"},{"floor":27,"key":"REST"},{"data":"Biased Cognition","floor":29,"key":"SMITH"},{"data":"Loop","floor":32,"key":"SMITH"},{"floor":40,"key":"RECALL"},{"floor":47,"key":"REST"},{"floor":49,"key":"REST"},{"data":"Machine Learning","floor":52,"key":"SMITH"}],"neow_cost":"NONE","seed_source_timestamp":6374298997200,"circlet_count":0,"master_deck":["AscendersBane","Strike_B","Defend_B","Defend_B","Defend_B","Zap+1","Dualcast","Gash","Capacitor+1","Cold Snap","Leap","Gash","Core Surge","Coolheaded","Ball Lightning","Electrodynamics","Cold Snap","Cold Snap","Hologram","Biased Cognition+1","Barrage+1","Cold Snap","Loop+1","Machine Learning+1","Reprogram+1","Blizzard+1"],"relics":["FrozenCore","Anchor","Pocketwatch","Potion Belt","Emotion Chip","Nunchaku","Philosopher\u0027s Stone","DataDisk","Toxic Egg 2","Bag of Preparation","PreservedInsect","Juzu Bracelet","Calipers","Ginger","Red Mask"],"potions_floor_usage":[10,23,23,25,25,33],"damage_taken":[{"damage":0,"enemies":"2 Louse","floor":1,"turns":2},{"damage":0,"enemies":"Small Slimes","floor":5,"turns":3},{"damage":25,"enemies":"Lagavulin","floor":6,"turns":8},{"damage":0,"enemies":"Jaw Worm","floor":8,"turns":3},{"damage":23,"enemies":"Gremlin Nob","floor":10,"turns":4},{"damage":9,"enemies":"Lots of Slimes","floor":13,"turns":3},{"damage":0,"enemies":"3 Louse","floor":14,"turns":3},{"damage":9,"enemies":"The Guardian","floor":16,"turns":11},{"damage":20,"enemies":"Shell Parasite","floor":18,"turns":5},{"damage":12,"enemies":"2 Thieves","floor":19,"turns":3},{"damage":2,"enemies":"Cultist and Chosen","floor":21,"turns":7},{"damage":16,"enemies":"Centurion and Healer","floor":22,"turns":5},{"damage":2,"enemies":"Book of Stabbing","floor":23,"turns":6},{"damage":9,"enemies":"Gremlin Leader","floor":25,"turns":5},{"damage":0,"enemies":"Chosen and Byrds","floor":28,"turns":3},{"damage":17,"enemies":"Collector","floor":33,"turns":7},{"damage":0,"enemies":"3 Shapes","floor":35,"turns":4},{"damage":9,"enemies":"2 Orb Walkers","floor":39,"turns":4},{"damage":3,"enemies":"Orb Walker","floor":41,"turns":4},{"damage":27,"enemies":"Reptomancer","floor":42,"turns":5},{"damage":0,"enemies":"Maw","floor":46,"turns":7},{"damage":32,"enemies":"Donu and Deca","floor":50,"turns":10},{"damage":58,"enemies":"Shield and Spear","floor":54,"turns":5}],"seed_played":"4188358990106341759","potions_obtained":[{"floor":5,"key":"SteroidPotion"},{"floor":6,"key":"FocusPotion"},{"floor":10,"key":"GamblersBrew"},{"floor":19,"key":"Regen Potion"},{"floor":23,"key":"Energy Potion"},{"floor":28,"key":"AttackPotion"},{"floor":33,"key":"Poison Potion"},{"floor":39,"key":"SteroidPotion"}],"is_trial":false,"path_per_floor":["M","?","$","?","M","E","$","M","T","E","$","R","M","M","R","B",null,"M","M","$","M","M","E","R","E","T","R","M","R","$","T","R","B",null,"M","$","?","?","?","R","M","E","T","?","?","M","R","$","R","B",null,"R","$","E"],"character_chosen":"DEFECT","items_purchased":["Capacitor","Gash","DataDisk","Loop"],"campfire_rested":5,"item_purchase_floors":[3,7,20,30],"current_hp_per_floor":[64,64,64,53,53,28,28,28,28,5,5,26,17,17,38,29,61,41,29,29,27,11,24,24,15,15,36,36,36,36,36,36,19,58,58,58,58,58,49,49,46,19,19,19,19,19,39,39,59,27,57,57,57,0],"gold":10,"neow_bonus":"RANDOM_COMMON_RELIC","is_prod":false,"is_daily":false,"chose_seed":false,"campfire_upgraded":4,"win_rate":0,"timestamp":1549168623,"path_taken":["M","?","$","?","M","E","$","M","T","E","?","R","M","M","R","BOSS","M","M","$","M","M","E","R","E","T","R","M","R","$","?","R","BOSS","M","$","?","?","?","R","M","E","T","?","?","M","R","?","R","BOSS","R","$","E"],"build_version":"2019-01-23","purchased_purges":2,"victory":false,"max_hp_per_floor":[71,71,71,71,71,71,71,71,71,71,71,71,71,71,71,71,71,71,71,71,71,71,71,71,71,71,71,71,71,71,71,71,71,71,71,71,67,67,67,67,67,67,67,67,67,67,67,67,67,67,67,67,67,67],"card_choices":[{"not_picked":["Rebound","Cold Snap"],"picked":"Gash","floor":1},{"not_picked":["Beam Cell","Leap"],"picked":"Cold Snap","floor":5},{"not_picked":["Rip and Tear","Streamline"],"picked":"Leap","floor":6},{"not_picked":["Force Field","Sweeping Beam","Tempest"],"picked":"SKIP","floor":8},{"not_picked":["Redo","Compile Driver"],"picked":"Core Surge","floor":10},{"not_picked":["Hologram","Conserve Battery"],"picked":"Coolheaded","floor":13},{"not_picked":["Rebound","Turbo"],"picked":"Ball Lightning","floor":14},{"not_picked":["Machine Learning","All For One"],"picked":"Electrodynamics","floor":16},{"not_picked":["Redo","Rip and Tear"],"picked":"Cold Snap","floor":18},{"not_picked":["Sweeping Beam","Steam"],"picked":"Cold Snap","floor":19},{"not_picked":["Lockon","Stack"],"picked":"Hologram","floor":21},{"not_picked":["Hologram","Sunder"],"picked":"Biased Cognition","floor":22},{"not_picked":["Rebound","Streamline+1"],"picked":"Barrage+1","floor":23},{"not_picked":["Steam+1","Hologram+1"],"picked":"Cold Snap","floor":25},{"not_picked":["Steam+1","Fusion+1","Barrage"],"picked":"SKIP","floor":28},{"not_picked":["Reboot+1","All For One"],"picked":"Machine Learning","floor":33},{"not_picked":["Redo+1","Stack+1"],"picked":"Reprogram+1","floor":35},{"not_picked":["Gash+1","Doom and Gloom+1","Heatsinks+1"],"picked":"SKIP","floor":41},{"not_picked":["Conserve Battery+1","Ball Lightning"],"picked":"Blizzard+1","floor":42},{"not_picked":["Redo+1","Rip and Tear","Sweeping Beam"],"picked":"SKIP","floor":46}],"player_experience":612380,"relics_obtained":[{"floor":6,"key":"Potion Belt"},{"floor":9,"key":"Emotion Chip"},{"floor":10,"key":"Nunchaku"},{"floor":23,"key":"Toxic Egg 2"},{"floor":25,"key":"Bag of Preparation"},{"floor":26,"key":"PreservedInsect"},{"floor":31,"key":"Juzu Bracelet"},{"floor":39,"key":"Calipers"},{"floor":42,"key":"Ginger"}],"event_choices":[{"damage_healed":0,"gold_gain":0,"player_choice":"Grow","damage_taken":0,"max_hp_gain":0,"max_hp_loss":0,"event_name":"Living Wall","floor":2,"gold_loss":0,"cards_upgraded":["Zap"]},{"damage_healed":0,"gold_gain":0,"player_choice":"Success","damage_taken":11,"relics_obtained":["Pocketwatch"],"max_hp_gain":0,"max_hp_loss":0,"event_name":"Scrap Ooze","floor":4,"gold_loss":0},{"damage_healed":0,"gold_gain":0,"player_choice":"Max HP","damage_taken":0,"max_hp_gain":0,"max_hp_loss":4,"event_name":"Winding Halls","floor":37,"gold_loss":0},{"cards_removed":["Strike_B"],"damage_healed":0,"gold_gain":0,"player_choice":"Purged","damage_taken":0,"max_hp_gain":0,"max_hp_loss":0,"event_name":"Purifier","floor":38,"gold_loss":0},{"damage_healed":0,"gold_gain":0,"player_choice":"Fight","damage_taken":0,"max_hp_gain":0,"max_hp_loss":0,"event_name":"Mysterious Sphere","floor":39,"gold_loss":0},{"damage_healed":0,"gold_gain":0,"player_choice":"Paid","damage_taken":0,"relics_obtained":["Red Mask"],"max_hp_gain":0,"max_hp_loss":0,"event_name":"Tomb of Lord Red Mask","floor":44,"gold_loss":149},{"cards_removed":["Defend_B"],"damage_healed":0,"gold_gain":0,"player_choice":"Removed Skill","damage_taken":0,"max_hp_gain":0,"max_hp_loss":0,"event_name":"Falling","floor":45,"gold_loss":0}],"is_beta":false,"boss_relics":[{"not_picked":["Black Star","Calling Bell"],"picked":"Philosopher\u0027s Stone"},{"not_picked":["Cursed Key","Sozu"],"picked":"FrozenCore"}],"items_purged_floors":[30,36],"is_endless":false,"potions_floor_spawned":[5,6,10,19,23,28,33,39],"killed_by":"Shield and Spear","ascension_level":18}