{"gold_per_floor":[13,29,29,43,43,69,69,96,96,96],"floor_reached":10,"playtime":310,"items_purged":[],"score":152,"play_id":"96a26825-2dd6-407a-9c00-a9bd0c1f9ecd","local_time":"20190207004405","is_ascension_mode":true,"campfire_choices":[{"data":"Static Discharge","floor":7,"key":"SMITH"}],"neow_cost":"NO_GOLD","seed_source_timestamp":53488805894700,"circlet_count":0,"master_deck":["AscendersBane","Strike_B","Strike_B","Strike_B","Strike_B","Defend_B","Defend_B","Defend_B","Defend_B","Zap","Dualcast","Core Surge","Beam Cell","Static Discharge+1","Go for the Eyes","Doom and Gloom","BootSequence"],"relics":["Cracked Core","Nunchaku","Bird Faced Urn","Prayer Wheel"],"potions_floor_usage":[8,10],"damage_taken":[{"damage":7,"enemies":"Jaw Worm","floor":1,"turns":2},{"damage":0,"enemies":"2 Louse","floor":2,"turns":1},{"damage":10,"enemies":"Small Slimes","floor":4,"turns":3},{"damage":36,"enemies":"Gremlin Nob","floor":6,"turns":5},{"damage":22,"enemies":"3 Sentries","floor":8,"turns":4},{"damage":14,"enemies":"Lagavulin","floor":10,"turns":7}],"seed_played":"-5842681818377380733","potions_obtained":[{"floor":6,"key":"Weak Potion"},{"floor":8,"key":"Dexterity Potion"}],"is_trial":false,"path_per_floor":["M","M","$","M","?","E","R","E","T","E"],"character_chosen":"DEFECT","items_purchased":[],"campfire_rested":0,"item_purchase_floors":[],"current_hp_per_floor":[57,57,57,47,70,34,34,12,12,0],"gold":96,"neow_bonus":"THREE_RARE_CARDS","is_prod":false,"is_daily":false,"chose_seed":false,"campfire_upgraded":1,"win_rate":0,"timestamp":1549529045,"path_taken":["M","M","$","M","?","E","R","E","T","E"],"build_version":"2019-01-23","purchased_purges":0,"victory":false,"max_hp_per_floor":[71,71,71,71,71,71,71,71,71,71],"card_choices":[{"not_picked":["Thunder Strike","Seek"],"picked":"Core Surge","floor":0},{"not_picked":["Leap","Conserve Battery"],"picked":"Beam Cell","floor":1},{"not_picked":["Rebound","Stack"],"picked":"Static Discharge","floor":2},{"not_picked":["Lockon","Melter"],"picked":"Go for the Eyes","floor":4},{"not_picked":["Fusion","Redo"],"picked":"Doom and Gloom","floor":6},{"not_picked":["Sunder","Compile Driver"],"picked":"BootSequence","floor":8}],"player_experience":650597,"relics_obtained":[{"floor":6,"key":"Nunchaku"},{"floor":8,"key":"Bird Faced Urn"},{"floor":9,"key":"Prayer Wheel"}],"event_choices":[{"damage_healed":23,"gold_gain":0,"player_choice":"Banana","damage_taken":0,"max_hp_gain":0,"max_hp_loss":0,"event_name":"Big Fish","floor":5,"gold_loss":0}],"is_beta":false,"boss_relics":[],"items_purged_floors":[],"is_endless":false,"potions_floor_spawned":[6,8],"killed_by":"Lagavulin","ascension_level":20}