{"gold_per_floor":[111,123,135,148,167,193,193,193,241,241,254,254,294,0,0,130,130,130,130,130,130,10,10,10,10,10,10,10,10,10,10,10,10,10,10,10,10,10,10,10,10,10,10,10,10,10,10,10,10,10,10,10,10,10,10],"floor_reached":56,"playtime":5621,"items_purged":["Strike_G","Strike_G+1"],"score":1691,"play_id":"b96cc09b-0f5b-4f23-b6f5-0acb4bfbcace","local_time":"20190213155652","is_ascension_mode":true,"campfire_choices":[{"floor":7.0,"key":"REST"},{"floor":15.0,"key":"REST"},{"floor":32.0,"key":"REST"},{"data":"Infinite Blades","floor":41.0,"key":"SMITH"},{"floor":49.0,"key":"RECALL"},{"data":"Infinite Blades","floor":52.0,"key":"SMITH"}],"neow_cost":"NONE","seed_source_timestamp":0,"circlet_count":0,"master_deck":["Defend_G+1","Defend_G+1","Defend_G+1","Defend_G+1","Defend_G+1","Strike_G+1","Strike_G+1","Strike_G+1","Survivor","Neutralize+1","Escape Plan","Backflip","Footwork","Backflip","Infinite Blades+1","Tools of the Trade","Backflip","Deflect","Blur+1","Escape Plan+1","Prepared","Infinite Blades+1","Dash+1","Slice+1","A Thousand Cuts+1","Backflip+1","Slice+1","Deflect+1","Prepared+1","Mayhem+1","Discovery","Panache+1","Backflip+1","Escape Plan","Acrobatics+1"],"special_seed":0,"relics":["Ring of the Snake","NeowsBlessing","Bag of Marbles","Golden Idol","Smiling Mask","WarpedTongs","Meat on the Bone","Sling","Ectoplasm","Thread and Needle","Darkstone Periapt","Whetstone","Frozen Egg 2","Molten Egg 2","Blood Vial","Cursed Key","Spirit Poop","The Courier","Juzu Bracelet","Letter Opener","Bag of Preparation"],"potions_floor_usage":[55,55,55],"damage_taken":[{"damage":0.0,"enemies":"Cultist","floor":1.0,"turns":1.0},{"damage":0.0,"enemies":"Jaw Worm","floor":2.0,"turns":1.0},{"damage":0.0,"enemies":"Small Slimes","floor":3.0,"turns":1.0},{"damage":12.0,"enemies":"Gremlin Gang","floor":4.0,"turns":10.0},{"damage":5.0,"enemies":"Looter","floor":5.0,"turns":4.0},{"damage":40.0,"enemies":"3 Sentries","floor":6.0,"turns":10.0},{"damage":0.0,"enemies":"Exordium Wildlife","floor":11.0,"turns":5.0},{"damage":19.0,"enemies":"Gremlin Nob","floor":13.0,"turns":5.0},{"damage":8.0,"enemies":"The Guardian","floor":16.0,"turns":17.0},{"damage":2.0,"enemies":"Shell Parasite","floor":18.0,"turns":9.0},{"damage":8.0,"enemies":"Chosen","floor":19.0,"turns":11.0},{"damage":8.0,"enemies":"Colosseum Slavers","floor":21.0,"turns":6.0},{"damage":15.0,"enemies":"Colosseum Nobs","floor":21.0,"turns":7.0},{"damage":20.0,"enemies":"Slavers","floor":23.0,"turns":8.0},{"damage":13.0,"enemies":"3 Cultists","floor":24.0,"turns":9.0},{"damage":9.0,"enemies":"Book of Stabbing","floor":25.0,"turns":8.0},{"damage":7.0,"enemies":"Slavers","floor":27.0,"turns":10.0},{"damage":3.0,"enemies":"Sentry and Sphere","floor":28.0,"turns":8.0},{"damage":2.0,"enemies":"Centurion and Healer","floor":29.0,"turns":9.0},{"damage":10.0,"enemies":"Gremlin Leader","floor":30.0,"turns":9.0},{"damage":11.0,"enemies":"Snecko","floor":31.0,"turns":7.0},{"damage":22.0,"enemies":"Automaton","floor":33.0,"turns":19.0},{"damage":7.0,"enemies":"3 Shapes","floor":35.0,"turns":6.0},{"damage":8.0,"enemies":"3 Darklings","floor":37.0,"turns":5.0},{"damage":7.0,"enemies":"4 Shapes","floor":39.0,"turns":7.0},{"damage":13.0,"enemies":"Reptomancer","floor":40.0,"turns":7.0},{"damage":0.0,"enemies":"Nemesis","floor":42.0,"turns":7.0},{"damage":0.0,"enemies":"Spire Growth","floor":44.0,"turns":6.0},{"damage":5.0,"enemies":"Giant Head","floor":46.0,"turns":7.0},{"damage":0.0,"enemies":"Maw","floor":47.0,"turns":6.0},{"damage":7.0,"enemies":"Jaw Worm Horde","floor":48.0,"turns":3.0},{"damage":33.0,"enemies":"Awakened One","floor":50.0,"turns":11.0},{"damage":15.0,"enemies":"Shield and Spear","floor":54.0,"turns":5.0},{"damage":39,"enemies":"The Heart","floor":55,"turns":11}],"seed_played":"-2156858703621714119","potions_obtained":[{"floor":1.0,"key":"Energy Potion"},{"floor":2.0,"key":"Ancient Potion"},{"floor":6.0,"key":"Fire Potion"},{"floor":11.0,"key":"Dexterity Potion"},{"floor":21.0,"key":"GamblersBrew"},{"floor":23.0,"key":"GamblersBrew"},{"floor":28.0,"key":"LiquidBronze"},{"floor":30.0,"key":"Dexterity Potion"},{"floor":33.0,"key":"Strength Potion"},{"floor":35.0,"key":"Energy Potion"}],"is_trial":false,"path_per_floor":["M","M","M","M","M","E","R","?","T","?","M","?","E","$","R","B",null,"M","M","?","?","$","E","M","E","T","E","M","M","E","M","R","B",null,"M","T","M","?","M","E","R","E","T","M","?","E","M","M","R","B",null,"R","$","E","B",null],"character_chosen":"THE_SILENT","items_purchased":["Sling","Deflect","Infinite Blades"],"campfire_rested":3,"item_purchase_floors":[14,14,22],"current_hp_per_floor":[63,63,63,51,46,6,27,27,27,27,27,27,8,8,27,31,57,55,47,47,36,36,28,27,30,30,35,44,42,44,35,54,34,57,52,52,46,46,41,42,42,44,44,46,36,33,35,42,42,23,55,55,55,42,17],"gold":10,"neow_bonus":"THREE_ENEMY_KILL","is_prod":false,"is_daily":false,"chose_seed":false,"campfire_upgraded":2,"win_rate":0,"timestamp":1550062612,"path_taken":["M","M","M","?","M","E","R","?","T","?","?","?","E","?","R","BOSS","M","M","?","?","$","E","?","E","T","E","M","M","E","M","R","BOSS","M","?","?","?","?","E","R","E","T","M","?","E","M","M","R","BOSS","R","$","E","BOSS"],"build_version":"2019-01-23","purchased_purges":2,"victory":true,"max_hp_per_floor":[70,70,70,70,70,70,70,65,65,65,65,65,65,65,65,65,65,65,65,65,65,65,65,65,65,65,65,65,65,65,65,65,65,65,65,65,65,65,65,65,65,65,65,65,65,65,65,65,65,65,65,65,65,65,65],"card_choices":[{"not_picked":["Concentrate","Backflip"],"picked":"Escape Plan","floor":1.0},{"not_picked":["Cloak And Dagger","Bane"],"picked":"Backflip","floor":2.0},{"not_picked":["Concentrate","Quick Slash"],"picked":"Footwork","floor":3.0},{"not_picked":["Slice","Sucker Punch"],"picked":"Backflip","floor":4.0},{"not_picked":["Flying Knee","Blade Dance"],"picked":"Infinite Blades","floor":5.0},{"not_picked":["Eviscerate","Bouncing Flask"],"picked":"Tools of the Trade","floor":6.0},{"not_picked":["Acrobatics","Flying Knee","Setup"],"picked":"SKIP","floor":11.0},{"not_picked":["Dodge and Roll","Bane"],"picked":"Backflip","floor":13.0},{"not_picked":["Masterful Stab+1","Deflect+1"],"picked":"Blur+1","floor":18.0},{"not_picked":["Deflect","Backstab"],"picked":"Escape Plan+1","floor":19.0},{"not_picked":["Underhanded Strike","Backflip"],"picked":"Prepared","floor":21.0},{"not_picked":["Underhanded Strike+1","Dagger Throw","Flying Knee"],"picked":"SKIP","floor":23.0},{"not_picked":["Deflect","Outmaneuver","Expertise+1"],"picked":"SKIP","floor":24.0},{"not_picked":["Heel Hook+1","Eviscerate","Dagger Spray"],"picked":"SKIP","floor":25.0},{"not_picked":["Reflex","Deadly Poison"],"picked":"Dash+1","floor":27.0},{"not_picked":["Dagger Throw+1","Acrobatics","All Out Attack+1"],"picked":"SKIP","floor":28.0},{"not_picked":["Distraction+1","Blade Dance+1"],"picked":"Slice+1","floor":29.0},{"not_picked":["Finisher+1","Tactician","Riddle With Holes+1"],"picked":"SKIP","floor":30.0},{"not_picked":["Bane+1","Dagger Throw+1","Reflex"],"picked":"SKIP","floor":31.0},{"not_picked":["Venomology","Die Die Die+1"],"picked":"A Thousand Cuts+1","floor":33.0},{"not_picked":["Deflect+1","Deadly Poison+1"],"picked":"Backflip+1","floor":35.0},{"not_picked":["Masterful Stab+1","Flying Knee+1"],"picked":"Slice+1","floor":37.0},{"not_picked":["Dash+1","Underhanded Strike+1"],"picked":"Deflect+1","floor":39.0},{"not_picked":["Backflip","Flechettes+1","Tactician+1"],"picked":"SKIP","floor":40.0},{"not_picked":["Concentrate+1","Flying Knee+1"],"picked":"Prepared+1","floor":42.0},{"not_picked":["Acrobatics","Setup+1","Deadly Poison+1"],"picked":"SKIP","floor":44.0},{"not_picked":["Panacea","Purity"],"picked":"Mayhem+1","floor":45.0},{"not_picked":["Dramatic Entrance+1","Secret Weapon"],"picked":"Discovery","floor":45.0},{"not_picked":["Swift Strike+1","Impatience"],"picked":"Panache+1","floor":45.0},{"not_picked":["Deadly Poison+1","Tactician+1"],"picked":"Backflip+1","floor":46.0},{"not_picked":["Riddle With Holes+1","Underhanded Strike+1","Poisoned Stab+1"],"picked":"SKIP","floor":47.0},{"not_picked":["Leg Sweep","Underhanded Strike+1"],"picked":"Escape Plan","floor":48.0},{"not_picked":["Die Die Die+1","Concentrate"],"picked":"Acrobatics+1","floor":54.0}],"player_experience":287586,"relics_obtained":[{"floor":6.0,"key":"Bag of Marbles"},{"floor":9.0,"key":"Smiling Mask"},{"floor":13.0,"key":"Meat on the Bone"},{"floor":21.0,"key":"Thread and Needle"},{"floor":21.0,"key":"Darkstone Periapt"},{"floor":23.0,"key":"Whetstone"},{"floor":25.0,"key":"Frozen Egg 2"},{"floor":27.0,"key":"Molten Egg 2"},{"floor":30.0,"key":"Blood Vial"},{"floor":40.0,"key":"The Courier"},{"floor":42.0,"key":"Juzu Bracelet"},{"floor":46.0,"key":"Letter Opener"},{"floor":54.0,"key":"Bag of Preparation"}],"event_choices":[{"damage_healed":0.0,"max_hp_gain":0.0,"max_hp_loss":5.0,"gold_gain":0.0,"event_name":"Golden Idol","player_choice":"Lose Max HP","floor":8.0,"gold_loss":0.0,"damage_taken":0.0,"relics_obtained":["Golden Idol"]},{"damage_healed":0.0,"max_hp_gain":0.0,"max_hp_loss":0.0,"gold_gain":0.0,"event_name":"Accursed Blacksmith","player_choice":"Rummage","floor":10.0,"gold_loss":0.0,"damage_taken":0.0,"relics_obtained":["WarpedTongs"],"cards_obtained":["Pain"]},{"damage_healed":0.0,"max_hp_gain":0.0,"max_hp_loss":0.0,"gold_gain":0.0,"event_name":"Liars Game","player_choice":"Ignored","floor":12.0,"gold_loss":0.0,"damage_taken":0.0},{"damage_healed":0.0,"max_hp_gain":0.0,"max_hp_loss":0.0,"gold_gain":0.0,"event_name":"Back to Basics","player_choice":"Simplicity","floor":20.0,"gold_loss":0.0,"damage_taken":0.0,"cards_upgraded":["Defend_G","Defend_G","Defend_G","Defend_G","Defend_G","Strike_G","Strike_G","Strike_G","Strike_G"]},{"damage_healed":0.0,"max_hp_gain":0.0,"max_hp_loss":0.0,"gold_gain":0.0,"event_name":"Colosseum","player_choice":"Fight","floor":21.0,"gold_loss":0.0,"damage_taken":0.0},{"damage_healed":0.0,"max_hp_gain":0.0,"max_hp_loss":0.0,"gold_gain":0.0,"event_name":"Colosseum","player_choice":"Fought Nobs","floor":21.0,"gold_loss":0.0,"damage_taken":0.0},{"cards_removed":["Pain"],"damage_healed":0.0,"max_hp_gain":0.0,"max_hp_loss":0.0,"gold_gain":0.0,"event_name":"Bonfire Elementals","player_choice":"Offered Curse","floor":38.0,"gold_loss":0.0,"damage_taken":0.0,"relics_obtained":["Spirit Poop"]},{"damage_healed":0.0,"max_hp_gain":0.0,"max_hp_loss":0.0,"gold_gain":0.0,"event_name":"SensoryStone","player_choice":"Memory 3","floor":45.0,"gold_loss":0.0,"damage_taken":10.0}],"is_beta":false,"boss_relics":[{"not_picked":["Snecko Eye","HoveringKite"],"picked":"Ectoplasm"},{"not_picked":["Velvet Choker","Lizard Tail"],"picked":"Cursed Key"}],"items_purged_floors":[14,22],"is_endless":false,"potions_floor_spawned":[1,2,6,11,21,21,23,28,30,33,35,39,40,46],"ascension_level":7}