{"gold_per_floor":[116,191,208,222,239,272,272,14,82,113,113,113,140,155,155,250,250,267,299,398,474,18,45,45,45,45,45,45,57,74,94,94,193,193,204,9,9,26,26,54,54,34,34,61,75,75,75,88,88,88],"floor_reached":51,"playtime":4064,"items_purged":["Strike_B"],"score":934,"play_id":"64749bce-397c-4ec4-a49e-1f61d5646f1a","local_time":"20180923165909","is_ascension_mode":true,"campfire_choices":[{"data":"Sunder","floor":7,"key":"SMITH"},{"data":"Defragment","floor":12,"key":"SMITH"},{"data":"Buffer","floor":15,"key":"SMITH"},{"data":"Apotheosis","floor":25,"key":"SMITH"},{"data":"Echo Form","floor":27,"key":"SMITH"},{"data":"Go for the Eyes","floor":32,"key":"SMITH"},{"data":"Creative AI","floor":41,"key":"SMITH"},{"data":"Defragment","floor":46,"key":"SMITH"},{"data":"Aggregate","floor":49,"key":"SMITH"}],"neow_cost":"NONE","seed_source_timestamp":741087022566,"circlet_count":0,"master_deck":["Defend_B","Defend_B","Defend_B","Zap","Dualcast","Reinforced Body","Leap","Sunder+1","Defragment+1","Redo","Buffer+1","Conserve Battery","Rebound","Sunder","Glacier","Self Repair","Rainbow","Gash","Go for the Eyes+1","Apotheosis+1","Echo Form+1","Redo+1","Cold Snap","Doom and Gloom+1","Creative AI+1","Gash+1","Go for the Eyes+1","Sunder+1","Redo","Blind","Loop+1","Rebound+1","Defragment+1","Defragment+1","Beam Cell+1","Aggregate+1"],"relics":["Cracked Core","Du-Vu Doll","Sling","Mercury Hourglass","Bag of Preparation","Orichalcum","Eternal Feather","Red Mask","Tiny Chest","Membership Card","Bottled Flame","Thread and Needle","Cables","Gambling Chip","Astrolabe","Gremlin Horn","PreservedInsect","Mummified Hand","Smiling Mask","Oddly Smooth Stone","Blood Vial","Unceasing Top"],"potions_floor_usage":[16,16,18,19,33,33],"damage_taken":[{"damage":2,"enemies":"Jaw Worm","floor":1,"turns":3},{"damage":7,"enemies":"2 Louse","floor":3,"turns":3},{"damage":0,"enemies":"Small Slimes","floor":4,"turns":3},{"damage":0,"enemies":"Blue Slaver","floor":5,"turns":3},{"damage":17,"enemies":"3 Sentries","floor":6,"turns":9},{"damage":0,"enemies":"Lagavulin","floor":10,"turns":7},{"damage":0,"enemies":"3 Sentries","floor":13,"turns":5},{"damage":0,"enemies":"Red Slaver","floor":14,"turns":3},{"damage":0,"enemies":"Slime Boss","floor":16,"turns":7},{"damage":6,"enemies":"3 Byrds","floor":18,"turns":3},{"damage":21,"enemies":"Masked Bandits","floor":19,"turns":4},{"damage":28,"enemies":"Book of Stabbing","floor":23,"turns":8},{"damage":1,"enemies":"2 Thieves","floor":29,"turns":3},{"damage":1,"enemies":"Snake Plant","floor":30,"turns":5},{"damage":0,"enemies":"Cultist and Chosen","floor":31,"turns":6},{"damage":0,"enemies":"Automaton","floor":33,"turns":10},{"damage":21,"enemies":"3 Darklings","floor":35,"turns":5},{"damage":0,"enemies":"3 Shapes","floor":38,"turns":4},{"damage":19,"enemies":"Nemesis","floor":40,"turns":7},{"damage":19,"enemies":"2 Orb Walkers","floor":44,"turns":4},{"damage":4,"enemies":"3 Darklings","floor":45,"turns":5},{"damage":25,"enemies":"Spire Growth","floor":48,"turns":4},{"damage":35,"enemies":"Awakened One","floor":50,"turns":7}],"seed_played":"-2076851623390818033","potions_obtained":[{"floor":3,"key":"PowerPotion"},{"floor":5,"key":"Block Potion"},{"floor":6,"key":"Strength Potion"},{"floor":18,"key":"Weak Potion"},{"floor":30,"key":"EssenceOfSteel"},{"floor":31,"key":"EssenceOfSteel"},{"floor":35,"key":"Energy Potion"},{"floor":38,"key":"Strength Potion"},{"floor":40,"key":"LiquidBronze"},{"floor":45,"key":"SkillPotion"}],"is_trial":false,"path_per_floor":["M","?","M","M","M","E","R","$","T","E","?","R","E","M","R","B",null,"M","?","?","T","$","E","$","R","T","R","T","M","M","M","R","B",null,"M","$","?","M","T","E","R","$","T","E","M","R","T","M","R","B"],"character_chosen":"DEFECT","items_purchased":["Sling","Conserve Battery","Membership Card","Apotheosis","Bottled Flame","Gremlin Horn","PreservedInsect","Defragment"],"campfire_rested":0,"item_purchase_floors":[8,8,22,22,22,36,36,42],"current_hp_per_floor":[73,62,55,55,55,38,38,38,38,38,38,38,38,38,38,38,75,69,48,48,48,48,30,30,42,42,54,54,53,62,72,75,75,75,54,54,54,54,54,45,63,63,63,44,52,73,73,50,71,45],"gold":88,"neow_bonus":"TRANSFORM_CARD","is_prod":false,"is_daily":false,"chose_seed":false,"campfire_upgraded":9,"win_rate":0,"timestamp":1537747149,"path_taken":["M","?","M","M","?","E","R","$","T","E","?","R","E","?","R","BOSS","M","?","?","?","$","E","$","R","T","R","?","M","M","M","R","BOSS","M","$","?","M","?","E","R","$","T","E","?","R","?","?","R","BOSS"],"build_version":"2018-09-20","purchased_purges":1,"victory":true,"max_hp_per_floor":[75,75,75,75,75,75,75,75,75,75,75,75,75,75,75,75,75,75,75,75,75,75,75,75,75,75,75,75,75,75,75,75,75,75,75,75,75,75,75,75,75,75,75,75,75,75,75,75,75,75],"card_choices":[{"not_picked":["Steam","Reinforced Body"],"picked":"Leap","floor":1},{"not_picked":["Consume","Force Field"],"picked":"Sunder","floor":3},{"not_picked":["Coolheaded","Amplify"],"picked":"Defragment","floor":4},{"not_picked":["Sweeping Beam","Skim"],"picked":"Redo","floor":5},{"not_picked":["Hologram","Streamline"],"picked":"Buffer","floor":6},{"not_picked":["Barrage","Heatsinks"],"picked":"Rebound","floor":10},{"not_picked":["Gash","Steam"],"picked":"Glacier","floor":13},{"not_picked":["Hologram","Conserve Battery"],"picked":"Self Repair","floor":14},{"not_picked":["Hyperbeam","Biased Cognition"],"picked":"Rainbow","floor":16},{"not_picked":["Leap","Auto Shields"],"picked":"Gash","floor":18},{"not_picked":["Redo","Conserve Battery"],"picked":"Go for the Eyes","floor":19},{"not_picked":["Fusion","Ball Lightning"],"picked":"Echo Form","floor":23},{"not_picked":["Hologram","Coolheaded"],"picked":"Redo+1","floor":29},{"not_picked":["Barrage","Leap"],"picked":"Cold Snap","floor":30},{"not_picked":["BootSequence","Self Repair"],"picked":"Doom and Gloom+1","floor":31},{"not_picked":["Thunder Strike","Fission"],"picked":"Creative AI","floor":33},{"not_picked":["Coolheaded+1","Steam Power+1"],"picked":"Redo","floor":35},{"not_picked":["Swift Strike","Violence"],"picked":"Blind","floor":37},{"not_picked":["Reinforced Body+1","Beam Cell+1"],"picked":"Loop+1","floor":38},{"not_picked":["Undo","Go for the Eyes"],"picked":"Rebound+1","floor":40},{"not_picked":["Steam+1","Redo"],"picked":"Defragment+1","floor":44},{"not_picked":["Consume+1","Rebound"],"picked":"Beam Cell+1","floor":45},{"not_picked":["Melter+1","Sweeping Beam"],"picked":"Aggregate","floor":48}],"player_experience":156159,"relics_obtained":[{"floor":6,"key":"Du-Vu Doll"},{"floor":9,"key":"Mercury Hourglass"},{"floor":10,"key":"Bag of Preparation"},{"floor":13,"key":"Orichalcum"},{"floor":19,"key":"Red Mask"},{"floor":21,"key":"Tiny Chest"},{"floor":23,"key":"Thread and Needle"},{"floor":26,"key":"Cables"},{"floor":28,"key":"Gambling Chip"},{"floor":39,"key":"Mummified Hand"},{"floor":40,"key":"Smiling Mask"},{"floor":43,"key":"Oddly Smooth Stone"},{"floor":44,"key":"Blood Vial"},{"floor":47,"key":"Unceasing Top"}],"event_choices":[{"event_name":"World of Goop","player_choice":"Gather Gold","floor":2,"damage_taken":0},{"event_name":"Match and Keep!","player_choice":"1 cards matched","floor":11,"damage_taken":0},{"event_name":"Masked Bandits","player_choice":"Fought Bandits","floor":19,"damage_taken":0},{"event_name":"Nest","player_choice":"Stole From Cult","floor":20,"damage_taken":0},{"event_name":"SensoryStone","player_choice":"Memory 1","floor":37,"damage_taken":0}],"is_beta":false,"boss_relics":[{"not_picked":["Velvet Choker","Cursed Key"],"picked":"Eternal Feather"},{"not_picked":["Philosopher\u0027s Stone","Runic Pyramid"],"picked":"Astrolabe"}],"items_purged_floors":[22],"is_endless":false,"potions_floor_spawned":[3,5,6,18,30,31,35,38,40,45,48],"ascension_level":1}