{"gold_per_floor":[118,118,133,145,160,195,212,242,242,242,253,33,64,80,80,177,177,177,117,117,117,117,117,117,117,117,117,117,117,41,41,41,41,41,41,41,41,41,41,41,41,41,41,41,41,41,41,41,41,41,41,41,41,41,41],"floor_reached":56,"playtime":4293,"items_purged":[],"score":1483,"play_id":"b0b4f6f5-8614-4aa7-99d4-16bb6d29284c","local_time":"20190214111756","is_ascension_mode":true,"campfire_choices":[{"data":"Footwork","floor":10,"key":"SMITH"},{"floor":15,"key":"REST"},{"floor":24,"key":"REST"},{"data":"Footwork","floor":27,"key":"SMITH"},{"floor":32,"key":"REST"},{"data":"Leg Sweep","floor":40,"key":"SMITH"},{"floor":44,"key":"DIG"},{"floor":46,"key":"DIG"},{"floor":49,"key":"RECALL"},{"floor":52,"key":"DIG"}],"neow_cost":"TEN_PERCENT_HP_LOSS","seed_source_timestamp":692328318767800,"circlet_count":0,"master_deck":["Defend_G","Defend_G","Defend_G","Defend_G","Defend_G","Strike_G","Strike_G","Strike_G","Strike_G","Strike_G","Survivor","Neutralize+1","Poisoned Stab","Masterful Stab","Backflip","Footwork+1","PiercingWail+1","Crippling Poison","Leg Sweep+1","Malaise","Noxious Fumes","Corpse Explosion","Adrenaline+1","Footwork+1","Backflip+1","Noxious Fumes","Malaise","Noxious Fumes","PiercingWail+1","Adrenaline","PiercingWail+1","Acrobatics+1","Backflip+1","Crippling Poison+1","Bouncing Flask","Well Laid Plans+1","Footwork","PiercingWail+1"],"relics":["Ring of the Snake","Incense Burner","Strawberry","Darkstone Periapt","Omamori","Snake Skull","Ectoplasm","Torii","Du-Vu Doll","War Paint","Pen Nib","Snecko Eye","Shovel","Molten Egg 2","Oddly Smooth Stone","Paper Crane","Bottled Lightning","Mummified Hand"],"potions_floor_usage":[6,11,16,28,28,33,38,42,45,50,50,50],"damage_taken":[{"damage":0,"enemies":"Cultist","floor":1,"turns":4},{"damage":6,"enemies":"Small Slimes","floor":3,"turns":3},{"damage":0,"enemies":"2 Louse","floor":4,"turns":2},{"damage":0,"enemies":"Exordium Wildlife","floor":5,"turns":3},{"damage":27,"enemies":"Gremlin Nob","floor":6,"turns":4},{"damage":1,"enemies":"Looter","floor":7,"turns":4},{"damage":13,"enemies":"3 Sentries","floor":8,"turns":10},{"damage":0,"enemies":"Gremlin Gang","floor":11,"turns":6},{"damage":17,"enemies":"Lagavulin","floor":13,"turns":11},{"damage":1,"enemies":"Blue Slaver","floor":14,"turns":3},{"damage":27,"enemies":"The Guardian","floor":16,"turns":10},{"damage":4,"enemies":"3 Byrds","floor":18,"turns":2},{"damage":0,"enemies":"2 Thieves","floor":19,"turns":4},{"damage":15,"enemies":"Cultist and Chosen","floor":20,"turns":8},{"damage":29,"enemies":"Slavers","floor":23,"turns":5},{"damage":4,"enemies":"Book of Stabbing","floor":25,"turns":8},{"damage":8,"enemies":"Slavers","floor":28,"turns":6},{"damage":9,"enemies":"Chosen and Byrds","floor":29,"turns":6},{"damage":0,"enemies":"Snake Plant","floor":31,"turns":6},{"damage":15,"enemies":"Collector","floor":33,"turns":10},{"damage":0,"enemies":"3 Shapes","floor":35,"turns":4},{"damage":4,"enemies":"3 Darklings","floor":36,"turns":3},{"damage":9,"enemies":"4 Shapes","floor":37,"turns":4},{"damage":28,"enemies":"Transient","floor":39,"turns":5},{"damage":0,"enemies":"Writhing Mass","floor":41,"turns":7},{"damage":1,"enemies":"Reptomancer","floor":42,"turns":6},{"damage":1,"enemies":"Sphere and 2 Shapes","floor":45,"turns":4},{"damage":12,"enemies":"Maw","floor":47,"turns":7},{"damage":0,"enemies":"3 Darklings","floor":48,"turns":3},{"damage":28,"enemies":"Donu and Deca","floor":50,"turns":11},{"damage":57,"enemies":"Shield and Spear","floor":54,"turns":8},{"damage":5,"enemies":"The Heart","floor":55,"turns":13}],"seed_played":"9203694413381726507","potions_obtained":[{"floor":4,"key":"FearPotion"},{"floor":5,"key":"FairyPotion"},{"floor":8,"key":"Fire Potion"},{"floor":13,"key":"Weak Potion"},{"floor":23,"key":"Explosive Potion"},{"floor":25,"key":"Dexterity Potion"},{"floor":29,"key":"Dexterity Potion"},{"floor":33,"key":"Strength Potion"},{"floor":36,"key":"Regen Potion"},{"floor":38,"key":"Fruit Juice"},{"floor":38,"key":"Dexterity Potion"},{"floor":39,"key":"PowerPotion"},{"floor":45,"key":"Fruit Juice"},{"floor":47,"key":"Block Potion"},{"floor":48,"key":"PowerPotion"}],"is_trial":false,"path_per_floor":["M","?","M","M","M","E","M","E","T","R","M","$","E","M","R","B",null,"M","M","M","?","?","E","R","E","T","R","E","M","$","M","R","B",null,"M","M","M","?","M","R","M","E","T","R","M","R","M","M","R","B",null,"R","$","E","B",null],"character_chosen":"THE_SILENT","items_purchased":["Noxious Fumes","Omamori","Noxious Fumes"],"campfire_rested":3,"item_purchase_floors":[12,12,30],"current_hp_per_floor":[63,63,57,57,57,37,36,23,23,23,23,23,6,5,26,7,70,66,66,51,38,38,9,31,27,27,27,19,10,10,10,32,17,75,75,71,62,67,39,39,39,38,38,38,42,42,30,30,30,17,85,85,85,28,23],"gold":41,"neow_bonus":"ONE_RARE_RELIC","is_prod":false,"is_daily":false,"chose_seed":false,"campfire_upgraded":3,"win_rate":0,"timestamp":1550171876,"path_taken":["M","?","M","M","M","E","M","E","T","R","M","$","E","M","R","BOSS","M","M","M","?","?","E","R","E","T","R","E","M","?","M","R","BOSS","M","M","M","?","?","R","M","E","T","R","M","R","M","M","R","BOSS","R","$","E","BOSS"],"build_version":"2019-01-23","purchased_purges":0,"victory":true,"max_hp_per_floor":[63,63,63,63,63,70,70,70,70,70,70,70,70,70,70,70,70,70,70,70,75,75,75,75,75,75,75,75,75,75,75,75,75,75,75,75,75,80,80,80,80,80,80,80,85,85,85,85,85,85,85,85,85,85,85],"card_choices":[{"not_picked":["Quick Slash","Terror"],"picked":"Poisoned Stab","floor":1},{"not_picked":["Prepared","Bane"],"picked":"Masterful Stab","floor":3},{"not_picked":["Deadly Poison","Finisher"],"picked":"Backflip","floor":4},{"not_picked":["Acrobatics","Cloak And Dagger"],"picked":"Footwork","floor":5},{"not_picked":["Quick Slash","Outmaneuver"],"picked":"PiercingWail","floor":6},{"not_picked":["Calculated Gamble","Outmaneuver"],"picked":"Crippling Poison","floor":7},{"not_picked":["Crippling Poison","Slice"],"picked":"Leg Sweep","floor":8},{"not_picked":["Accuracy","Leg Sweep"],"picked":"Malaise","floor":11},{"not_picked":["Heel Hook","Blade Dance"],"picked":"Corpse Explosion","floor":13},{"not_picked":["Tactician","Dagger Throw","Dagger Spray"],"picked":"SKIP","floor":14},{"not_picked":["A Thousand Cuts","Grand Finale"],"picked":"Adrenaline","floor":16},{"not_picked":["Slice","Outmaneuver"],"picked":"Footwork","floor":18},{"not_picked":["Sucker Punch+1","Dodge and Roll+1","All Out Attack+1"],"picked":"SKIP","floor":19},{"not_picked":["Underhanded Strike","Outmaneuver"],"picked":"Backflip+1","floor":20},{"not_picked":["Eviscerate","Concentrate+1"],"picked":"Noxious Fumes","floor":23},{"not_picked":["Slice","Dash"],"picked":"Malaise","floor":25},{"not_picked":["Quick Slash","Dodge and Roll","Infinite Blades"],"picked":"SKIP","floor":28},{"not_picked":["Expertise","Backflip","Dagger Spray"],"picked":"SKIP","floor":29},{"not_picked":["Dodge and Roll","Storm of Steel"],"picked":"PiercingWail+1","floor":31},{"not_picked":["Tools of the Trade","Grand Finale"],"picked":"Adrenaline","floor":33},{"not_picked":["Backstab","Outmaneuver","Slice"],"picked":"SKIP","floor":35},{"not_picked":["Blade Dance+1","Eviscerate"],"picked":"PiercingWail+1","floor":36},{"not_picked":["Flying Knee","Poisoned Stab"],"picked":"Acrobatics+1","floor":37},{"not_picked":["Dagger Spray+1","Storm of Steel"],"picked":"Backflip+1","floor":39},{"not_picked":["Acrobatics","Tactician"],"picked":"Crippling Poison+1","floor":41},{"not_picked":["Bane","Dagger Throw+1"],"picked":"Bouncing Flask","floor":42},{"not_picked":["Underhanded Strike+1","Bane+1"],"picked":"Well Laid Plans+1","floor":45},{"not_picked":["Skewer+1","Dodge and Roll"],"picked":"Footwork","floor":47},{"not_picked":["Poisoned Stab+1","Terror+1","Expertise"],"picked":"SKIP","floor":48},{"not_picked":["Venomology","Setup"],"picked":"PiercingWail+1","floor":54}],"player_experience":691868,"relics_obtained":[{"floor":6,"key":"Strawberry"},{"floor":8,"key":"Darkstone Periapt"},{"floor":13,"key":"Snake Skull"},{"floor":23,"key":"Torii"},{"floor":25,"key":"Du-Vu Doll"},{"floor":26,"key":"War Paint"},{"floor":28,"key":"Pen Nib"},{"floor":42,"key":"Shovel"},{"floor":43,"key":"Molten Egg 2"},{"floor":44,"key":"Oddly Smooth Stone"},{"floor":46,"key":"Paper Crane"},{"floor":52,"key":"Bottled Lightning"},{"floor":54,"key":"Mummified Hand"}],"event_choices":[{"damage_healed":0,"gold_gain":0,"player_choice":"Grow","damage_taken":0,"max_hp_gain":0,"max_hp_loss":0,"event_name":"Living Wall","floor":2,"gold_loss":0,"cards_upgraded":["Neutralize"]},{"damage_healed":0,"gold_gain":0,"player_choice":"Shed Blood","damage_taken":18,"max_hp_gain":5,"max_hp_loss":0,"event_name":"Forgotten Altar","floor":21,"gold_loss":0},{"damage_healed":0,"gold_gain":99,"player_choice":"Stole From Cult","damage_taken":0,"max_hp_gain":0,"max_hp_loss":0,"event_name":"Nest","floor":22,"gold_loss":0},{"damage_healed":0,"gold_gain":0,"player_choice":"Got Potions","damage_taken":0,"max_hp_gain":0,"max_hp_loss":0,"event_name":"Lab","floor":38,"gold_loss":0}],"is_beta":false,"boss_relics":[{"not_picked":["Astrolabe","Eternal Feather"],"picked":"Ectoplasm"},{"not_picked":["Fusion Hammer","White Beast Statue"],"picked":"Snecko Eye"}],"items_purged_floors":[],"is_endless":false,"potions_floor_spawned":[4,5,8,13,23,25,29,33,36,39,45,47,48],"ascension_level":4}