{"path_per_floor":["M","M","$","?","M","E","?","M","T","$","M","?","R","M","R"],"character_chosen":"IRONCLAD","items_purchased":["Inflame","Armaments","Combust"],"gold_per_floor":[118,135,39,39,53,84,159,177,177,29,47,222,222,241,241,241],"floor_reached":16,"campfire_rested":2,"playtime":602,"item_purchase_floors":[3,3,10],"current_hp_per_floor":[78,77,77,77,71,71,60,27,27,27,13,13,37,23,47,0],"items_purged":["Strike_R"],"gold":241,"score":133,"play_id":"4d97d79c-46d9-4162-a5fb-551666481075","local_time":"20180603211927","is_prod":false,"is_daily":false,"chose_seed":false,"is_ascension_mode":true,"campfire_upgraded":0,"win_rate":0,"timestamp":1528024767,"campfire_choices":[{"floor":13,"key":"REST"},{"floor":15,"key":"REST"}],"path_taken":["M","M","$","?","M","E","?","M","T","$","?","?","R","?","R","BOSS"],"build_version":"2018-05-30v2","seed_source_timestamp":11118246405392,"purchased_purges":1,"victory":false,"master_deck":["Strike_R","Strike_R","Strike_R","Strike_R","Defend_R","Defend_R","Defend_R","Bash","Infernal Blade","Heavy Blade","Inflame","Armaments","Sword Boomerang","Blood for Blood","Pommel Strike","Combust","Cleave","Doubt","Clash"],"max_hp_per_floor":[80,80,80,80,80,80,80,80,80,80,80,80,80,80,80,80],"relics":["Velvet Choker","Gambling Chip","Calipers"],"card_choices":[{"not_picked":["Shrug It Off","Sword Boomerang"],"picked":"Infernal Blade","floor":1},{"not_picked":["True Grit","Barricade"],"picked":"Heavy Blade","floor":2},{"not_picked":["Shrug It Off","Cleave"],"picked":"Sword Boomerang","floor":5},{"not_picked":["Clothesline","Carnage"],"picked":"Blood for Blood","floor":6},{"not_picked":["Blood for Blood","Headbutt"],"picked":"Pommel Strike","floor":8},{"not_picked":["Thunderclap","Cleave","Body Slam"],"picked":"SKIP","floor":11},{"not_picked":["Thunderclap","Body Slam"],"picked":"Cleave","floor":11},{"not_picked":["Feed","Seeing Red"],"picked":"Clash","floor":14}],"player_experience":354007,"potions_floor_usage":[6,6],"damage_taken":[{"damage":2,"enemies":"Small Slimes","floor":1,"turns":3},{"damage":1,"enemies":"Cultist","floor":2,"turns":3},{"damage":6,"enemies":"Jaw Worm","floor":5,"turns":2},{"damage":0,"enemies":"Gremlin Nob","floor":6,"turns":2},{"damage":33,"enemies":"Gremlin Gang","floor":8,"turns":4},{"damage":14,"enemies":"Exordium Thugs","floor":11,"turns":3},{"damage":14,"enemies":"Blue Slaver","floor":14,"turns":3},{"damage":47,"enemies":"The Guardian","floor":16,"turns":9}],"relics_obtained":[{"floor":6,"key":"Gambling Chip"},{"floor":9,"key":"Calipers"}],"event_choices":[{"event_name":"Purifier","player_choice":"One Purge","floor":4,"damage_taken":0},{"event_name":"World of Goop","player_choice":"Gather Gold","floor":7,"damage_taken":0},{"event_name":"Liars Game","player_choice":"agreed","floor":12,"damage_taken":0}],"boss_relics":[],"items_purged_floors":[10],"potions_floor_spawned":[1,5],"seed_played":"4103423396878553720","killed_by":"The Guardian","ascension_level":1,"potions_obtained":[{"floor":1,"key":"GamblersBrew"},{"floor":5,"key":"FearPotion"}],"is_trial":false}