{"gold_per_floor":[118,118,135,37,53,73,248,248,248,112,128,144,144,171,171,275,275,294,312,312,187,201,201,201,217,217,134,153,153,71,71,71,71],"floor_reached":33,"playtime":1369,"items_purged":["Strike_R","Doubt","Defend_R"],"score":247,"play_id":"9d4e42c4-1991-4555-99fd-88c6144efcd0","local_time":"20190217111144","is_ascension_mode":false,"campfire_choices":[{"data":"Armaments","floor":8,"key":"SMITH"},{"data":"Uppercut","floor":15,"key":"SMITH"},{"data":"Shockwave","floor":23,"key":"SMITH"},{"floor":29,"key":"REST"},{"floor":32,"key":"REST"}],"neow_cost":"NONE","seed_source_timestamp":230345088107096,"circlet_count":0,"master_deck":["Strike_R","Strike_R","Strike_R","Strike_R","Defend_R","Defend_R","Defend_R","Bash+1","Clash","Shrug It Off","Cleave+1","Armaments+1","Seeing Red+1","Shockwave+1","Disarm","Uppercut+1","Offering","Clothesline+1","Iron Wave+1","Shrug It Off","Clash+1","Enlightenment","Discovery"],"relics":["Burning Blood"],"potions_floor_usage":[25,28],"damage_taken":[{"damage":1,"enemies":"Cultist","floor":1,"turns":3},{"damage":6,"enemies":"Jaw Worm","floor":3,"turns":2},{"damage":0,"enemies":"Small Slimes","floor":5,"turns":3},{"damage":0,"enemies":"2 Fungi Beasts","floor":6,"turns":2},{"damage":7,"enemies":"3 Louse","floor":11,"turns":3},{"damage":3,"enemies":"Exordium Wildlife","floor":12,"turns":2},{"damage":20,"enemies":"Lagavulin","floor":14,"turns":7},{"damage":28,"enemies":"Hexaghost","floor":16,"turns":12},{"damage":12,"enemies":"2 Thieves","floor":18,"turns":3},{"damage":6,"enemies":"Spheric Guardian","floor":19,"turns":3},{"damage":14,"enemies":"Snake Plant","floor":22,"turns":5},{"damage":33,"enemies":"Centurion and Healer","floor":25,"turns":9},{"damage":25,"enemies":"Chosen and Byrds","floor":28,"turns":5},{"damage":16,"enemies":"Colosseum Slavers","floor":31,"turns":6},{"damage":77,"enemies":"Automaton","floor":33,"turns":12}],"seed_played":"-5327502772580795465","potions_obtained":[{"floor":6,"key":"Ancient Potion"},{"floor":11,"key":"Fire Potion"},{"floor":16,"key":"LiquidBronze"},{"floor":18,"key":"BloodPotion"}],"is_trial":false,"path_per_floor":["M","T","M","$","M","M","?","R","T","$","M","M","?","E","R","B",null,"M","M","?","$","M","R","?","M","T","$","M","R","$","?","R","B"],"character_chosen":"IRONCLAD","items_purchased":["Cleave","Shockwave","Enlightenment","Discovery"],"campfire_rested":2,"item_purchase_floors":[4,10,27,30],"current_hp_per_floor":[88,88,88,88,88,88,88,88,88,88,87,88,70,56,56,34,88,82,82,65,65,57,57,57,39,39,39,20,47,47,37,64,0],"gold":71,"neow_bonus":"TEN_PERCENT_HP_BONUS","is_prod":false,"is_daily":false,"chose_seed":false,"campfire_upgraded":3,"win_rate":0,"timestamp":1550419904,"path_taken":["M","?","M","?","M","M","?","R","T","$","M","M","?","E","R","BOSS","M","M","?","$","M","R","?","?","T","$","M","R","?","?","R","BOSS"],"build_version":"2019-01-23","purchased_purges":3,"victory":false,"max_hp_per_floor":[88,88,88,88,88,88,88,88,88,88,88,88,88,88,88,88,88,88,88,93,93,93,93,93,93,93,93,93,93,93,93,93,93],"card_choices":[{"not_picked":["Headbutt","Thunderclap"],"picked":"Clash","floor":1},{"not_picked":["Clothesline","Double Tap"],"picked":"Shrug It Off","floor":3},{"not_picked":["Headbutt","Thunderclap"],"picked":"Armaments","floor":5},{"not_picked":["Metallicize","Corruption"],"picked":"Seeing Red","floor":6},{"not_picked":["Sword Boomerang","Iron Wave"],"picked":"Disarm","floor":11},{"not_picked":["Seeing Red","Wild Strike"],"picked":"Uppercut","floor":12},{"not_picked":["Cleave","Thunderclap","Whirlwind"],"picked":"SKIP","floor":14},{"not_picked":["Brutality","Demon Form"],"picked":"Offering","floor":16},{"not_picked":["Havoc","Flex"],"picked":"Clothesline+1","floor":18},{"not_picked":["Second Wind","Intimidate"],"picked":"Iron Wave+1","floor":19},{"not_picked":["Blood for Blood","Cleave+1"],"picked":"Shrug It Off","floor":22},{"not_picked":["Evolve","Burning Pact"],"picked":"Clash+1","floor":25},{"not_picked":["Flex","Sword Boomerang+1","Pommel Strike"],"picked":"SKIP","floor":28}],"player_experience":196973,"relics_obtained":[],"event_choices":[{"damage_healed":0,"gold_gain":175,"player_choice":"AGREE","damage_taken":0,"max_hp_gain":0,"max_hp_loss":0,"event_name":"Liars Game","floor":7,"gold_loss":0,"cards_obtained":["Doubt"]},{"damage_healed":0,"gold_gain":0,"player_choice":"Entered Light","damage_taken":18,"max_hp_gain":0,"max_hp_loss":0,"event_name":"Shining Light","floor":13,"gold_loss":0,"cards_upgraded":["Cleave","Seeing Red"]},{"damage_healed":0,"gold_gain":0,"player_choice":"Shed Blood","damage_taken":22,"max_hp_gain":5,"max_hp_loss":0,"event_name":"Forgotten Altar","floor":20,"gold_loss":0},{"damage_healed":0,"gold_gain":0,"player_choice":"Upgraded","damage_taken":0,"max_hp_gain":0,"max_hp_loss":0,"event_name":"Upgrade Shrine","floor":24,"gold_loss":0,"cards_upgraded":["Bash"]},{"damage_healed":0,"gold_gain":0,"player_choice":"Fight","damage_taken":0,"max_hp_gain":0,"max_hp_loss":0,"event_name":"Colosseum","floor":31,"gold_loss":0},{"damage_healed":0,"gold_gain":0,"player_choice":"Fled From Nobs","damage_taken":0,"max_hp_gain":0,"max_hp_loss":0,"event_name":"Colosseum","floor":31,"gold_loss":0}],"is_beta":false,"boss_relics":[{"not_picked":[]}],"items_purged_floors":[4,10,21],"is_endless":false,"potions_floor_spawned":[6,11,16,18,19,31],"killed_by":"Automaton","ascension_level":0}