{"gold_per_floor":[118,131,206,206,206,235,235,67,113,113,38,67,67,83,83,160,160,170,183,199,199,210,210,240,240,240,255,255,255,255,268,268,343,343,358,358,6,6,20,50,60,60,60,88,88,113,125,153,165,177,189],"floor_reached":52,"playtime":2122,"items_purged":["Strike_G"],"score":2132,"play_id":"8c10423e-058d-4721-823a-9a8ff703f45b","local_time":"20181018180225","is_ascension_mode":true,"campfire_choices":[{"data":"Noxious Fumes","floor":7.0,"key":"SMITH"},{"data":"Deadly Poison","floor":10.0,"key":"SMITH"},{"data":"Catalyst","floor":13.0,"key":"SMITH"},{"data":"Bouncing Flask","floor":15.0,"key":"SMITH"},{"data":"Catalyst","floor":23.0,"key":"SMITH"},{"data":"Corpse Explosion","floor":25.0,"key":"SMITH"},{"data":"Leg Sweep","floor":28.0,"key":"SMITH"},{"data":"Footwork","floor":32.0,"key":"SMITH"},{"data":"Well Laid Plans","floor":45.0,"key":"SMITH"},{"data":"Crippling Poison","floor":47.0,"key":"PURGE"},{"floor":49,"key":"REST"}],"neow_cost":"PERCENT_DAMAGE","seed_source_timestamp":136739781164394,"circlet_count":0,"master_deck":["Defend_G","Defend_G","Defend_G","Defend_G","Survivor","AscendersBane","Noxious Fumes+1","Deadly Poison+1","Footwork+1","Leg Sweep+1","Catalyst+1","Bouncing Flask+1","Corpse Explosion+1","Blur+1","Catalyst+1","Well Laid Plans+1","Noxious Fumes","Acrobatics","Blur","Dodge and Roll","Backflip","PiercingWail+1"],"special_seed":0,"relics":["Ring of the Snake","The Specimen","Strawberry","Snake Skull","Velvet Choker","Mummified Hand","Anchor","Blue Candle","Question Card","Empty Cage","Pantograph","Molten Egg 2","Ginger","Peace Pipe","MawBank"],"potions_floor_usage":[50,51],"damage_taken":[{"damage":1.0,"enemies":"Cultist","floor":1.0,"turns":5.0},{"damage":3.0,"enemies":"Small Slimes","floor":2.0,"turns":4.0},{"damage":17.0,"enemies":"Lagavulin","floor":6.0,"turns":6.0},{"damage":18.0,"enemies":"3 Sentries","floor":12.0,"turns":6.0},{"damage":0.0,"enemies":"2 Louse","floor":14.0,"turns":3.0},{"damage":0.0,"enemies":"The Guardian","floor":16.0,"turns":4.0},{"damage":0.0,"enemies":"Spheric Guardian","floor":18.0,"turns":2.0},{"damage":0.0,"enemies":"Chosen","floor":19.0,"turns":2.0},{"damage":0.0,"enemies":"3 Cultists","floor":20.0,"turns":3.0},{"damage":10.0,"enemies":"Centurion and Healer","floor":22.0,"turns":3.0},{"damage":15.0,"enemies":"Book of Stabbing","floor":24.0,"turns":3.0},{"damage":19.0,"enemies":"Sentry and Sphere","floor":27.0,"turns":4.0},{"damage":1.0,"enemies":"Shelled Parasite and Fungi","floor":31.0,"turns":4.0},{"damage":0.0,"enemies":"Collector","floor":33.0,"turns":2.0},{"damage":17.0,"enemies":"3 Darklings","floor":35.0,"turns":3.0},{"damage":0.0,"enemies":"Orb Walker","floor":39.0,"turns":4.0},{"damage":3.0,"enemies":"Nemesis","floor":40.0,"turns":5.0},{"damage":0.0,"enemies":"Maw","floor":41.0,"turns":6.0},{"damage":15.0,"enemies":"2 Orb Walkers","floor":44.0,"turns":3.0},{"damage":17.0,"enemies":"Nemesis","floor":46.0,"turns":3.0},{"damage":13,"enemies":"Reptomancer","floor":48,"turns":3},{"damage":53,"enemies":"Donu and Deca","floor":50,"turns":6},{"damage":27,"enemies":"Time Eater","floor":51,"turns":5}],"seed_played":"-1599392915909985396","potions_obtained":[{"floor":1.0,"key":"Fire Potion"},{"floor":6.0,"key":"LiquidBronze"},{"floor":16.0,"key":"Regen Potion"},{"floor":27.0,"key":"SkillPotion"},{"floor":31.0,"key":"Dexterity Potion"},{"floor":35.0,"key":"Swift Potion"},{"floor":44.0,"key":"Regen Potion"}],"is_trial":false,"path_per_floor":["M","M","?","?","?","E","R","$","T","R","$","E","R","M","R","B",null,"M","M","M","?","M","R","E","R","T","M","R","?","T","M","R","B",null,"M","?","$","?","M","E","M","$","T","E","R","E","R","M","R","B","B"],"character_chosen":"THE_SILENT","items_purchased":["Footwork","Leg Sweep","Pantograph","Poison Potion"],"campfire_rested":1,"item_purchase_floors":[8,8,37,37],"current_hp_per_floor":[43,40,29,29,51,34,34,34,41,41,41,23,23,23,23,23,61,61,61,61,61,51,51,48,48,48,29,29,29,29,28,28,28,62,45,45,45,83,83,80,80,80,80,65,65,48,48,35,59,44,42],"gold":201,"neow_bonus":"REMOVE_TWO","is_prod":false,"is_daily":false,"chose_seed":true,"campfire_upgraded":9,"win_rate":0,"timestamp":1539853345,"path_taken":["M","M","?","?","?","E","R","$","T","R","$","E","R","?","R","BOSS","M","M","M","?","M","R","E","R","T","M","R","?","?","M","R","BOSS","M","?","?","?","M","E","M","$","T","E","R","E","R","M","R","BOSS","BOSS"],"build_version":"2018-10-11","purchased_purges":1,"victory":true,"max_hp_per_floor":[66,66,66,66,66,66,66,66,73,73,73,73,73,73,73,73,73,73,73,73,73,73,73,73,73,73,73,73,73,73,73,73,73,73,73,73,73,83,83,83,83,83,83,83,83,83,83,83,83,83,83],"card_choices":[{"not_picked":["Finisher","Dagger Throw"],"picked":"Noxious Fumes","floor":1.0},{"not_picked":["Underhanded Strike","Terror"],"picked":"Deadly Poison","floor":2.0},{"not_picked":["Masterful Stab","Terror","Predator"],"picked":"SKIP","floor":6.0},{"not_picked":["Deadly Poison","Wraith Form v2"],"picked":"Catalyst","floor":12.0},{"not_picked":["Bane","Cloak And Dagger"],"picked":"Bouncing Flask","floor":14.0},{"not_picked":["Wraith Form v2","Tools of the Trade"],"picked":"Corpse Explosion","floor":16.0},{"not_picked":["Bane","Dash"],"picked":"Blur+1","floor":18.0},{"not_picked":["Slice","Blade Dance","Calculated Gamble"],"picked":"SKIP","floor":19.0},{"not_picked":["Quick Slash","Leg Sweep"],"picked":"Catalyst","floor":20.0},{"not_picked":["Dodge and Roll","Outmaneuver","Underhanded Strike"],"picked":"SKIP","floor":22.0},{"not_picked":["Finisher","Terror","Flying Knee"],"picked":"SKIP","floor":24.0},{"not_picked":["Endless Agony","Blade Dance"],"picked":"Well Laid Plans","floor":27.0},{"not_picked":["Cloak And Dagger","Quick Slash+1","Dagger Spray"],"picked":"Acrobatics","floor":31.0},{"not_picked":["Bullet Time","Die Die Die","Corpse Explosion"],"picked":"After Image","floor":33.0},{"not_picked":["Slice","Caltrops+1","Underhanded Strike"],"picked":"Blur","floor":35.0},{"not_picked":["Predator","Poisoned Stab","Slice","Blade Dance"],"picked":"SKIP","floor":39.0},{"not_picked":["Predator","Poisoned Stab","Slice","Blade Dance"],"picked":"SKIP","floor":39.0},{"not_picked":["Dagger Spray","Accuracy","Glass Knife"],"picked":"Dodge and Roll","floor":40.0},{"not_picked":["Bane+1","Cloak And Dagger+1","Underhanded Strike+1","Outmaneuver"],"picked":"SKIP","floor":41.0},{"not_picked":["Glass Knife+1","Bane+1","Footwork"],"picked":"Backflip","floor":44.0},{"not_picked":["Backstab+1","Deadly Poison","Choke+1"],"picked":"PiercingWail+1","floor":46.0},{"not_picked":["Sucker Punch+1","Slice+1","Reflex+1","Noxious Fumes"],"picked":"SKIP","floor":48}],"player_experience":708202,"relics_obtained":[{"floor":6.0,"key":"The Specimen"},{"floor":9.0,"key":"Strawberry"},{"floor":12.0,"key":"Snake Skull"},{"floor":24.0,"key":"Anchor"},{"floor":26.0,"key":"Blue Candle"},{"floor":30.0,"key":"Question Card"},{"floor":40.0,"key":"Molten Egg 2"},{"floor":43.0,"key":"Ginger"},{"floor":44.0,"key":"Peace Pipe"},{"floor":46.0,"key":"MawBank"}],"event_choices":[{"event_name":"World of Goop","player_choice":"Gather Gold","floor":3.0,"damage_taken":0.0},{"event_name":"Shining Light","player_choice":"Ignored","floor":4.0,"damage_taken":0.0},{"event_name":"Big Fish","player_choice":"Banana","floor":5.0,"damage_taken":0.0},{"event_name":"The Mausoleum","player_choice":"Yes","floor":21.0,"damage_taken":0.0},{"event_name":"Drug Dealer","player_choice":"Became Test Subject","floor":29.0,"damage_taken":0.0},{"event_name":"Falling","player_choice":"Removed Attack","floor":36.0,"damage_taken":0.0},{"event_name":"Bonfire Elementals","player_choice":"RARE","floor":38.0,"damage_taken":0.0}],"is_beta":false,"boss_relics":[{"not_picked":["Ring of the Serpent","Calling Bell"],"picked":"Velvet Choker"},{"not_picked":["HoveringKite","Eternal Feather"],"picked":"Empty Cage"}],"items_purged_floors":[11],"is_endless":false,"potions_floor_spawned":[1,6,16,27,31,35,39,40,44],"ascension_level":20}