{"gold_per_floor":[115,125,125,144,156,156,31,31,31,31,31,45,71,81,81,181,181,196,213,213,232,232,267,32,32],"floor_reached":25,"playtime":952,"items_purged":[],"score":300,"play_id":"8e9ce5de-3121-43c8-b6d8-f6f5ac17b6b0","local_time":"20190228202731","is_ascension_mode":true,"campfire_choices":[{"floor":6,"key":"RECALL"},{"data":"All For One","floor":8,"key":"SMITH"},{"floor":15,"key":"REST"}],"neow_cost":"NONE","seed_source_timestamp":247694444377378,"circlet_count":0,"master_deck":["Strike_B","Strike_B","Strike_B","Defend_B","Defend_B","Defend_B","Defend_B","Zap","Dualcast","Gash","Gash","Rebound","Redo","Gash","All For One+1","Loop+1","Thunder Strike","Ball Lightning","Redo+1","Defragment+1","White Noise+1","Enlightenment+1"],"relics":["Cracked Core","NeowsBlessing","Cables","Frozen Egg 2","Bottled Tornado","Eternal Feather","Enchiridion","Toxic Egg 2","DataDisk"],"potions_floor_usage":[13,14,16,25],"damage_taken":[{"damage":0,"enemies":"Jaw Worm","floor":1,"turns":1},{"damage":0,"enemies":"2 Louse","floor":2,"turns":1},{"damage":0,"enemies":"Small Slimes","floor":4,"turns":1},{"damage":6,"enemies":"Looter","floor":5,"turns":2},{"damage":14,"enemies":"Exordium Thugs","floor":12,"turns":3},{"damage":24,"enemies":"Lagavulin","floor":13,"turns":4},{"damage":2,"enemies":"3 Louse","floor":14,"turns":2},{"damage":0,"enemies":"Slime Boss","floor":16,"turns":5},{"damage":12,"enemies":"Chosen","floor":18,"turns":3},{"damage":6,"enemies":"Spheric Guardian","floor":19,"turns":3},{"damage":13,"enemies":"Chosen and Byrds","floor":21,"turns":4},{"damage":13,"enemies":"Gremlin Leader","floor":23,"turns":4},{"damage":34,"enemies":"Book of Stabbing","floor":25,"turns":3}],"seed_played":"-1095381881555636394","potions_obtained":[{"floor":2,"key":"Explosive Potion"},{"floor":4,"key":"EssenceOfSteel"},{"floor":14,"key":"Explosive Potion"},{"floor":19,"key":"Ancient Potion"},{"floor":23,"key":"Block Potion"}],"is_trial":false,"path_per_floor":["M","M","?","M","M","R","$","R","T","?","?","M","E","M","R","B",null,"M","M","?","M","?","E","$","E"],"character_chosen":"DEFECT","items_purchased":["Gash","All For One","Enlightenment+1","DataDisk"],"campfire_rested":1,"item_purchase_floors":[7,7,24,24],"current_hp_per_floor":[75,75,68,68,62,62,62,62,62,67,67,53,29,27,51,51,80,68,62,62,49,33,20,20,0],"gold":32,"neow_bonus":"THREE_ENEMY_KILL","is_prod":false,"is_daily":false,"chose_seed":false,"campfire_upgraded":1,"win_rate":0,"timestamp":1551396451,"path_taken":["M","M","?","M","M","R","$","R","T","?","?","M","E","M","R","BOSS","M","?","?","M","?","E","$","E"],"build_version":"2019-01-23","purchased_purges":0,"victory":false,"max_hp_per_floor":[75,75,75,75,75,75,75,75,75,80,80,80,80,80,80,80,80,80,80,80,80,80,80,80,80],"card_choices":[{"not_picked":["Streamline","Skim"],"picked":"Gash","floor":1},{"not_picked":["Leap","Go for the Eyes"],"picked":"Gash","floor":2},{"not_picked":["Fusion","Compile Driver"],"picked":"Rebound","floor":4},{"not_picked":["Reinforced Body","Reprogram"],"picked":"Redo","floor":5},{"not_picked":["Steam","Undo"],"picked":"Loop+1","floor":12},{"not_picked":["Turbo","Ball Lightning"],"picked":"Thunder Strike","floor":13},{"not_picked":["Darkness","Go for the Eyes","Conserve Battery"],"picked":"SKIP","floor":14},{"not_picked":["Chaos","Sweeping Beam+1"],"picked":"Ball Lightning","floor":18},{"not_picked":["Sweeping Beam","Beam Cell"],"picked":"Redo+1","floor":19},{"not_picked":["Fusion","Loop+1"],"picked":"Defragment+1","floor":21},{"not_picked":["Stack","Turbo"],"picked":"White Noise","floor":23}],"player_experience":144913,"relics_obtained":[{"floor":9,"key":"Frozen Egg 2"},{"floor":13,"key":"Bottled Tornado"},{"floor":22,"key":"Enchiridion"},{"floor":23,"key":"Toxic Egg 2"}],"event_choices":[{"damage_healed":0,"gold_gain":0,"player_choice":"Success","damage_taken":7,"relics_obtained":["Cables"],"max_hp_gain":0,"max_hp_loss":0,"event_name":"Scrap Ooze","floor":3,"gold_loss":0},{"damage_healed":0,"gold_gain":0,"player_choice":"Donut","damage_taken":0,"max_hp_gain":5,"max_hp_loss":0,"event_name":"Big Fish","floor":10,"gold_loss":0},{"cards_removed":["Strike_B"],"damage_healed":0,"gold_gain":0,"player_choice":"Purged","damage_taken":0,"max_hp_gain":0,"max_hp_loss":0,"event_name":"Purifier","floor":11,"gold_loss":0},{"damage_healed":0,"gold_gain":0,"player_choice":"Ignored","damage_taken":0,"max_hp_gain":0,"max_hp_loss":0,"event_name":"Ghosts","floor":20,"gold_loss":0},{"damage_healed":0,"gold_gain":0,"player_choice":"Obtained Book","damage_taken":16,"max_hp_gain":0,"max_hp_loss":0,"event_name":"Cursed Tome","floor":22,"gold_loss":0}],"is_beta":false,"boss_relics":[{"not_picked":["White Beast Statue","Busted Crown"],"picked":"Eternal Feather"}],"items_purged_floors":[],"is_endless":false,"potions_floor_spawned":[2,4,14,19,23],"killed_by":"Book of Stabbing","ascension_level":2}