{"gold_per_floor":[365,375,375,143,63,63,81,116,116,135,135,147,147,161,161,240,240,257,257,257,275,285,319,319,348,348,348,348,348,362,373,373,451,451,464,228,118,132,150,150,167,167,167,167,181,210,230,249,249,249,249],"floor_reached":52,"playtime":2252,"items_purged":["Strike_R","Strike_R"],"score":1902,"play_id":"a03c9da2-eb06-4c2d-8046-9529d7d7282b","local_time":"20181116003203","is_ascension_mode":true,"campfire_choices":[{"data":"Bash","floor":6.0,"key":"SMITH"},{"data":"Barricade","floor":11.0,"key":"SMITH"},{"floor":15.0,"key":"REST"},{"floor":24.0,"key":"REST"},{"floor":27.0,"key":"REST"},{"data":"1","floor":29.0,"key":"LIFT"},{"data":"2","floor":32.0,"key":"LIFT"},{"data":"3","floor":40,"key":"LIFT"},{"data":"Dark Embrace","floor":42,"key":"SMITH"},{"data":"Body Slam","floor":44,"key":"SMITH"},{"data":"Berserk","floor":49,"key":"SMITH"}],"neow_cost":"TEN_PERCENT_HP_LOSS","seed_source_timestamp":146114238916846,"circlet_count":0,"master_deck":["AscendersBane","Strike_R","Defend_R","Defend_R","Defend_R","Defend_R+1","Bash+1","Whirlwind+1","Metallicize","Barricade+1","Second Wind+1","Dark Embrace+1","Spot Weakness+1","Reaper","Body Slam+1","Whirlwind+1","Battle Trance+1","Uppercut+1","Shrug It Off+1","True Grit+1","Shrug It Off+1","Impervious+1","True Grit+1","Shrug It Off+1","Inflame","Metallicize+1","True Grit+1","Berserk+1"],"special_seed":0,"relics":["Burning Blood","Oddly Smooth Stone","Toxic Egg 2","Boot","Velvet Choker","Incense Burner","Girya","Blue Candle","Mark of Pain","Bottled Lightning","Letter Opener"],"potions_floor_usage":[46,47,48],"damage_taken":[{"damage":12.0,"enemies":"2 Louse","floor":1.0,"turns":4.0},{"damage":7.0,"enemies":"Cultist","floor":2.0,"turns":4.0},{"damage":15.0,"enemies":"Jaw Worm","floor":7.0,"turns":4.0},{"damage":24.0,"enemies":"3 Sentries","floor":8.0,"turns":6.0},{"damage":0.0,"enemies":"Gremlin Gang","floor":10.0,"turns":1.0},{"damage":15.0,"enemies":"Large Slime","floor":12.0,"turns":6.0},{"damage":9.0,"enemies":"3 Louse","floor":14.0,"turns":3.0},{"damage":35.0,"enemies":"Hexaghost","floor":16.0,"turns":11.0},{"damage":26.0,"enemies":"Spheric Guardian","floor":18.0,"turns":7.0},{"damage":22.0,"enemies":"2 Thieves","floor":21.0,"turns":2.0},{"damage":10.0,"enemies":"Snecko","floor":22.0,"turns":3.0},{"damage":28.0,"enemies":"Gremlin Leader","floor":23.0,"turns":6.0},{"damage":53.0,"enemies":"Book of Stabbing","floor":25.0,"turns":5.0},{"damage":10.0,"enemies":"Colosseum Slavers","floor":28.0,"turns":4.0},{"damage":14.0,"enemies":"Centurion and Healer","floor":30.0,"turns":8.0},{"damage":13.0,"enemies":"Snake Plant","floor":31.0,"turns":6.0},{"damage":20.0,"enemies":"Champ","floor":33.0,"turns":12.0},{"damage":14,"enemies":"3 Darklings","floor":35,"turns":3},{"damage":3,"enemies":"Orb Walker","floor":38,"turns":5},{"damage":0,"enemies":"Transient","floor":39,"turns":6},{"damage":14,"enemies":"Jaw Worm Horde","floor":41,"turns":3},{"damage":0,"enemies":"Maw","floor":45,"turns":6},{"damage":6,"enemies":"Reptomancer","floor":46,"turns":7},{"damage":15,"enemies":"Spire Growth","floor":47,"turns":5},{"damage":12,"enemies":"Jaw Worm Horde","floor":48,"turns":2},{"damage":51,"enemies":"Awakened One","floor":50,"turns":17},{"damage":6,"enemies":"Time Eater","floor":51,"turns":10}],"seed_played":"-5468622249687791048","potions_obtained":[{"floor":2.0,"key":"Strength Potion"},{"floor":12.0,"key":"FearPotion"},{"floor":16.0,"key":"LiquidBronze"},{"floor":22.0,"key":"Block Potion"},{"floor":23.0,"key":"PowerPotion"},{"floor":30.0,"key":"Ancient Potion"},{"floor":35,"key":"Weak Potion"},{"floor":39,"key":"Block Potion"},{"floor":41,"key":"PowerPotion"},{"floor":47,"key":"Block Potion"}],"is_trial":false,"path_per_floor":["M","M","?","$","$","R","M","E","T","M","R","M","?","M","R","B",null,"M","?","?","M","M","E","R","E","T","R","?","R","M","M","R","B",null,"M","$","?","M","M","R","M","R","T","R","M","E","M","M","R","B","B",null],"character_chosen":"IRONCLAD","items_purchased":["Oddly Smooth Stone","Metallicize","Shrug It Off+1","Inflame"],"campfire_rested":3,"item_purchase_floors":[4,5,36,36],"current_hp_per_floor":[62,61,61,61,61,61,52,34,34,40,40,31,31,28,48,19,56,39,20,20,20,28,29,50,15,15,36,40,40,45,43,43,35,64,60,60,60,63,73,73,65,65,65,65,73,73,64,58,58,34,47],"gold":249,"neow_bonus":"TWO_FIFTY_GOLD","is_prod":false,"is_daily":false,"chose_seed":false,"campfire_upgraded":5,"win_rate":0,"timestamp":1542357123,"path_taken":["M","M","?","?","$","R","M","E","T","M","R","M","?","?","R","BOSS","M","?","?","?","?","E","R","E","T","R","?","R","M","M","R","BOSS","M","$","?","?","M","R","M","R","T","R","M","E","M","M","R","BOSS","BOSS"],"build_version":"2018-11-15","purchased_purges":2,"victory":true,"max_hp_per_floor":[68,68,68,68,68,68,68,68,68,68,68,68,68,68,68,68,68,68,73,73,73,73,73,73,73,73,73,73,73,73,73,73,73,73,73,73,73,73,73,73,73,73,73,73,73,73,73,73,73,73,73],"card_choices":[{"not_picked":["Twin Strike","Blood for Blood"],"picked":"Whirlwind","floor":1.0},{"not_picked":["Dual Wield","Pommel Strike","Thunderclap"],"picked":"SKIP","floor":2.0},{"not_picked":["Dropkick","Reckless Charge","Sentinel"],"picked":"SKIP","floor":7.0},{"not_picked":["Sentinel","Power Through"],"picked":"Barricade","floor":8.0},{"not_picked":["Body Slam","Clash","Iron Wave"],"picked":"SKIP","floor":10.0},{"not_picked":["Cleave","Clash"],"picked":"Second Wind+1","floor":12.0},{"not_picked":["Sword Boomerang","True Grit+1"],"picked":"Spot Weakness+1","floor":14.0},{"not_picked":["Immolate","Feed"],"picked":"Reaper","floor":16.0},{"not_picked":["Anger","Cleave+1"],"picked":"Body Slam","floor":18.0},{"not_picked":["Body Slam","Burning Pact+1"],"picked":"Battle Trance+1","floor":21.0},{"not_picked":["Anger","Body Slam"],"picked":"Uppercut+1","floor":22.0},{"not_picked":["Pommel Strike","Immolate"],"picked":"Shrug It Off+1","floor":23.0},{"not_picked":["Sever Soul","Dropkick","Heavy Blade"],"picked":"SKIP","floor":25.0},{"not_picked":["Power Through+1","Wild Strike"],"picked":"True Grit+1","floor":30.0},{"not_picked":["Headbutt","Dual Wield+1"],"picked":"Shrug It Off+1","floor":31.0},{"not_picked":["Dark Embrace","Immolate"],"picked":"Impervious+1","floor":33.0},{"not_picked":["Reckless Charge+1","Cleave"],"picked":"True Grit+1","floor":35},{"not_picked":["Armaments+1","Fire Breathing","Evolve+1"],"picked":"SKIP","floor":38},{"not_picked":["Clash","Twin Strike"],"picked":"Metallicize+1","floor":39},{"not_picked":["Searing Blow","Perfected Strike+1"],"picked":"True Grit+1","floor":41},{"not_picked":["Fire Breathing+1","Intimidate+1","Warcry+1"],"picked":"SKIP","floor":45},{"not_picked":["Heavy Blade","Wild Strike","Rupture"],"picked":"SKIP","floor":46},{"not_picked":["Reckless Charge","Twin Strike","Heavy Blade+1"],"picked":"SKIP","floor":47},{"not_picked":["Shrug It Off+1","Armaments+1"],"picked":"Berserk","floor":48}],"player_experience":647485,"relics_obtained":[{"floor":8.0,"key":"Toxic Egg 2"},{"floor":9.0,"key":"Boot"},{"floor":23.0,"key":"Incense Burner"},{"floor":25.0,"key":"Girya"},{"floor":26.0,"key":"Blue Candle"},{"floor":43,"key":"Bottled Lightning"},{"floor":46,"key":"Letter Opener"}],"event_choices":[{"damage_healed":0.0,"max_hp_gain":0.0,"max_hp_loss":0.0,"gold_gain":0.0,"event_name":"Upgrade Shrine","player_choice":"Upgraded","floor":3.0,"gold_loss":0.0,"damage_taken":0.0,"cards_upgraded":["Whirlwind"]},{"damage_healed":0.0,"max_hp_gain":0.0,"max_hp_loss":0.0,"gold_gain":0.0,"cards_transformed":["Strike_R"],"event_name":"Transmorgrifier","player_choice":"Transformed","floor":13.0,"gold_loss":0.0,"damage_taken":0.0,"cards_obtained":["Dark Embrace"]},{"damage_healed":0.0,"max_hp_gain":5.0,"max_hp_loss":0.0,"gold_gain":0.0,"event_name":"Forgotten Altar","player_choice":"Shed Blood","floor":19.0,"gold_loss":0.0,"damage_taken":24.0},{"damage_healed":0.0,"max_hp_gain":0.0,"max_hp_loss":0.0,"gold_gain":0.0,"event_name":"Duplicator","player_choice":"Copied","floor":20.0,"gold_loss":0.0,"damage_taken":0.0,"cards_obtained":["Whirlwind"]},{"damage_healed":0.0,"max_hp_gain":0.0,"max_hp_loss":0.0,"gold_gain":0.0,"event_name":"Colosseum","player_choice":"Fight","floor":28.0,"gold_loss":0.0,"damage_taken":0.0},{"damage_healed":0.0,"max_hp_gain":0.0,"max_hp_loss":0.0,"gold_gain":0.0,"event_name":"Colosseum","player_choice":"Fled From Nobs","floor":28.0,"gold_loss":0.0,"damage_taken":0.0},{"cards_removed":["Strike_R"],"damage_healed":0,"gold_gain":0,"player_choice":"Upgrade and Remove","damage_taken":0,"max_hp_gain":0,"max_hp_loss":0,"event_name":"Designer","floor":37,"gold_loss":110,"cards_upgraded":["Defend_R"]}],"is_beta":false,"boss_relics":[{"not_picked":["White Beast Statue","Sozu"],"picked":"Velvet Choker"},{"not_picked":["Runic Cube","Calling Bell"],"picked":"Mark of Pain"}],"items_purged_floors":[4,36],"is_endless":false,"potions_floor_spawned":[2,12,16,22,23,30,35,39,41,47],"ascension_level":20}