{"gold_per_floor":[116,191,341,15,15,15,51,51,102,118,134,134,134,34,34,127,127,146,146,171,296,314,314,358,100,100,100,100,100,100],"floor_reached":30,"playtime":1145,"items_purged":["Doubt","Strike_B","Strike_B"],"score":507,"play_id":"1e8f38a9-10fe-49ac-b1fc-4b9a1fd2be6b","local_time":"20190226162227","is_ascension_mode":true,"campfire_choices":[{"data":"Creative AI","floor":6.0,"key":"SMITH"},{"data":"Zap","floor":8.0,"key":"SMITH"},{"data":"Dualcast","floor":12.0,"key":"SMITH"},{"data":"Compile Driver","floor":15.0,"key":"SMITH"},{"data":"Recycle","floor":23.0,"key":"SMITH"},{"data":"Amplify","floor":27,"key":"SMITH"},{"data":"Hyperbeam","floor":29,"key":"SMITH"}],"neow_cost":"NONE","seed_source_timestamp":0,"circlet_count":0,"master_deck":["AscendersBane","Strike_B","Strike_B","Defend_B","Defend_B","Defend_B","Defend_B","Zap+1","Dualcast+1","Amplify+1","Compile Driver+1","Creative AI+1","FTL","Chill","FTL","Auto Shields","Hyperbeam+1","RitualDagger","Genetic Algorithm","Chill","Recycle+1","Chill","Self Repair","Leap","Parasite"],"special_seed":0,"relics":["Cracked Core","Golden Idol","Strawberry","Bag of Marbles","Cursed Key","Incense Burner","Darkstone Periapt","Letter Opener","Happy Flower"],"potions_floor_usage":[24],"damage_taken":[{"damage":4.0,"enemies":"Jaw Worm","floor":1.0,"turns":3.0},{"damage":45.0,"enemies":"3 Sentries","floor":7.0,"turns":6.0},{"damage":6.0,"enemies":"2 Louse","floor":10.0,"turns":4.0},{"damage":2.0,"enemies":"Small Slimes","floor":11.0,"turns":3.0},{"damage":22.0,"enemies":"Slime Boss","floor":16.0,"turns":7.0},{"damage":0.0,"enemies":"3 Byrds","floor":18.0,"turns":1.0},{"damage":20.0,"enemies":"Spheric Guardian","floor":20.0,"turns":5.0},{"damage":0.0,"enemies":"Colosseum Slavers","floor":21.0,"turns":1.0},{"damage":2.0,"enemies":"Colosseum Nobs","floor":21.0,"turns":3.0},{"damage":5.0,"enemies":"Centurion and Healer","floor":22.0,"turns":6.0},{"damage":0,"enemies":"Gremlin Leader","floor":24,"turns":7},{"damage":28,"enemies":"Book of Stabbing","floor":30,"turns":4}],"seed_played":"-2497428051322179316","potions_obtained":[{"floor":7.0,"key":"FearPotion"},{"floor":11.0,"key":"SteroidPotion"},{"floor":16.0,"key":"AttackPotion"},{"floor":20.0,"key":"Fire Potion"},{"floor":21.0,"key":"PowerPotion"}],"is_trial":false,"path_per_floor":["M","?","?","$","?","R","E","R","T","M","M","R","?","$","R","B",null,"M","?","M","?","M","R","E","$","T","R","?","R","E"],"character_chosen":"DEFECT","items_purchased":["Creative AI","FTL","Self Repair","Leap"],"campfire_rested":0,"item_purchase_floors":[4,4,25,25],"current_hp_per_floor":[60,49,49,49,49,49,11,11,11,5,3,3,26,26,26,4,54,54,48,28,26,21,21,21,21,27,27,27,27,0],"gold":100,"neow_bonus":"ONE_RANDOM_RARE_CARD","is_prod":false,"is_daily":false,"chose_seed":false,"campfire_upgraded":7,"win_rate":0,"timestamp":1551216147,"path_taken":["M","?","?","$","?","R","E","R","T","M","M","R","?","$","R","BOSS","M","?","M","?","M","R","E","$","T","R","?","R","E"],"build_version":"2019-01-23","purchased_purges":3,"victory":false,"max_hp_per_floor":[71,71,71,71,64,64,71,71,71,71,71,71,71,71,71,71,71,71,71,71,71,71,71,71,71,77,77,77,77,77],"card_choices":[{"not_picked":["Turbo","Gash"],"picked":"Compile Driver","floor":1.0},{"not_picked":["Streamline","Loop"],"picked":"Chill","floor":7.0},{"not_picked":["Beam Cell","Leap"],"picked":"FTL","floor":10.0},{"not_picked":["Leap","Rebound"],"picked":"Auto Shields","floor":11.0},{"not_picked":["All For One","Thunder Strike"],"picked":"Hyperbeam","floor":16.0},{"not_picked":["Darkness","Gash","Beam Cell"],"picked":"SKIP","floor":18.0},{"not_picked":["Barrage","Go for the Eyes"],"picked":"Genetic Algorithm","floor":20.0},{"not_picked":["Rebound","Gash"],"picked":"Chill","floor":21.0},{"not_picked":["Compile Driver","Stack"],"picked":"Recycle","floor":22.0},{"not_picked":["Rebound","BootSequence"],"picked":"Chill","floor":24}],"player_experience":578962,"relics_obtained":[{"floor":7.0,"key":"Strawberry"},{"floor":9.0,"key":"Bag of Marbles"},{"floor":21.0,"key":"Incense Burner"},{"floor":21.0,"key":"Darkstone Periapt"},{"floor":24,"key":"Letter Opener"},{"floor":26,"key":"Happy Flower"}],"event_choices":[{"damage_healed":0.0,"max_hp_gain":0.0,"max_hp_loss":0.0,"gold_gain":75.0,"event_name":"World of Goop","player_choice":"Gather Gold","floor":2.0,"gold_loss":0.0,"damage_taken":11.0},{"damage_healed":0.0,"max_hp_gain":0.0,"max_hp_loss":0.0,"gold_gain":150.0,"event_name":"Liars Game","player_choice":"AGREE","floor":3.0,"gold_loss":0.0,"damage_taken":0.0,"cards_obtained":["Doubt"]},{"damage_healed":0.0,"max_hp_gain":0.0,"max_hp_loss":7.0,"gold_gain":0.0,"event_name":"Golden Idol","player_choice":"Lose Max HP","floor":5.0,"gold_loss":0.0,"damage_taken":0.0,"relics_obtained":["Golden Idol"]},{"damage_healed":23.0,"max_hp_gain":0.0,"max_hp_loss":0.0,"gold_gain":0.0,"event_name":"Big Fish","player_choice":"Banana","floor":13.0,"gold_loss":0.0,"damage_taken":0.0},{"damage_healed":0.0,"max_hp_gain":0.0,"max_hp_loss":0.0,"gold_gain":0.0,"event_name":"Nest","player_choice":"Joined the Cult","floor":19.0,"gold_loss":0.0,"damage_taken":6.0,"cards_obtained":["RitualDagger"]},{"damage_healed":0.0,"max_hp_gain":0.0,"max_hp_loss":0.0,"gold_gain":0.0,"event_name":"Colosseum","player_choice":"Fight","floor":21.0,"gold_loss":0.0,"damage_taken":0.0},{"damage_healed":0.0,"max_hp_gain":0.0,"max_hp_loss":0.0,"gold_gain":0.0,"event_name":"Colosseum","player_choice":"Fought Nobs","floor":21.0,"gold_loss":0.0,"damage_taken":0.0},{"damage_healed":0,"gold_gain":0,"player_choice":"Ignored","damage_taken":0,"max_hp_gain":0,"max_hp_loss":0,"event_name":"Vampires","floor":28,"gold_loss":0}],"is_beta":false,"boss_relics":[{"not_picked":["Sozu","Snecko Eye"],"picked":"Cursed Key"}],"items_purged_floors":[4,14,25],"is_endless":false,"potions_floor_spawned":[7,11,16,20,21,21],"killed_by":"Book of Stabbing","ascension_level":18}