{"gold_per_floor":[119,119,119,183,183,209,209,3,3,18,31,43,60,72,72,175,175,186,201,201,300,300],"floor_reached":22,"playtime":1781,"items_purged":[],"score":211,"play_id":"776a8545-a36d-4315-b4b4-044b1c652003","local_time":"20190303115000","is_ascension_mode":false,"campfire_choices":[{"data":"White Noise","floor":7,"key":"SMITH"},{"floor":15,"key":"REST"}],"neow_cost":"NONE","seed_source_timestamp":60255146363025,"circlet_count":0,"master_deck":["Defend_B","Defend_B","Defend_B","Defend_B","Zap","Dualcast","Meteor Strike","Beam Cell","White Noise+1","Beam Cell","Hello World","Fission","Hello World","Auto Shields","Creative AI","Beam Cell+1","Storm","Bite","Bite","Bite","Bite","Bite"],"relics":["Cracked Core","Shuriken","Dodecahedron","Toy Ornithopter","Mummified Hand","Snecko Eye"],"potions_floor_usage":[6,6,12,13,16,16,16],"damage_taken":[{"damage":1,"enemies":"Jaw Worm","floor":1,"turns":4},{"damage":33,"enemies":"Lagavulin","floor":6,"turns":7},{"damage":0,"enemies":"Small Slimes","floor":10,"turns":4},{"damage":1,"enemies":"Cultist","floor":11,"turns":3},{"damage":4,"enemies":"Blue Slaver","floor":12,"turns":3},{"damage":0,"enemies":"Large Slime","floor":13,"turns":5},{"damage":5,"enemies":"Looter","floor":14,"turns":2},{"damage":27,"enemies":"Hexaghost","floor":16,"turns":9},{"damage":17,"enemies":"Shell Parasite","floor":18,"turns":6},{"damage":37,"enemies":"3 Byrds","floor":19,"turns":5},{"damage":42,"enemies":"Shelled Parasite and Fungi","floor":22,"turns":3}],"seed_played":"4001809474104715771","potions_obtained":[{"floor":5,"key":"Block Potion"},{"floor":5,"key":"LiquidBronze"},{"floor":5,"key":"Ancient Potion"},{"floor":11,"key":"Energy Potion"},{"floor":12,"key":"Ancient Potion"},{"floor":13,"key":"Regen Potion"},{"floor":14,"key":"Swift Potion"}],"is_trial":false,"path_per_floor":["M","$","?","?","?","E","R","$","T","M","M","M","M","M","R","B",null,"M","M","?","?","M"],"character_chosen":"DEFECT","items_purchased":["Toy Ornithopter"],"campfire_rested":1,"item_purchase_floors":[8],"current_hp_per_floor":[74,74,62,62,62,29,29,29,29,29,28,29,34,29,51,54,75,58,21,21,21,0],"gold":300,"neow_bonus":"ONE_RANDOM_RARE_CARD","is_prod":false,"is_daily":false,"chose_seed":false,"campfire_upgraded":1,"win_rate":0.0,"timestamp":1551581400,"path_taken":["M","$","?","?","?","E","R","$","T","M","M","M","M","?","R","BOSS","M","M","?","?","M"],"build_version":"2019-01-23","purchased_purges":0,"victory":false,"max_hp_per_floor":[75,75,75,75,75,75,75,75,75,75,75,75,75,75,75,75,75,75,75,52,52,52],"card_choices":[{"not_picked":["Doom and Gloom","Go for the Eyes"],"picked":"Beam Cell","floor":1},{"not_picked":["Go for the Eyes","Gash"],"picked":"White Noise","floor":6},{"not_picked":["Steam","Redo"],"picked":"Beam Cell","floor":10},{"not_picked":["Lockon","Rebound"],"picked":"Hello World","floor":11},{"not_picked":["Hologram","Heatsinks"],"picked":"Fission","floor":12},{"not_picked":["FTL","Gash"],"picked":"Hello World","floor":13},{"not_picked":["Force Field","Gash"],"picked":"Auto Shields","floor":14},{"not_picked":["Rainbow","Thunder Strike"],"picked":"Creative AI","floor":16},{"not_picked":["Stack","Conserve Battery"],"picked":"Beam Cell+1","floor":18},{"not_picked":["Consume+1","Stack"],"picked":"Storm","floor":19}],"player_experience":23410,"relics_obtained":[{"floor":6,"key":"Dodecahedron"},{"floor":9,"key":"Mummified Hand"}],"event_choices":[{"damage_healed":0,"gold_gain":0,"player_choice":"Success","damage_taken":12,"relics_obtained":["Shuriken"],"max_hp_gain":0,"max_hp_loss":0,"event_name":"Scrap Ooze","floor":3,"gold_loss":0},{"damage_healed":0,"gold_gain":64,"player_choice":"Gained Gold","damage_taken":0,"max_hp_gain":0,"max_hp_loss":0,"event_name":"Golden Wing","floor":4,"gold_loss":0},{"damage_healed":0,"gold_gain":0,"player_choice":"Got Potions","damage_taken":0,"max_hp_gain":0,"max_hp_loss":0,"event_name":"Lab","floor":5,"gold_loss":0},{"damage_healed":0,"gold_gain":0,"player_choice":"Became a vampire","damage_taken":0,"max_hp_gain":0,"max_hp_loss":23,"event_name":"Vampires","floor":20,"gold_loss":0,"cards_obtained":["Bite","Bite","Bite","Bite","Bite"]},{"damage_healed":0,"gold_gain":99,"player_choice":"Stole From Cult","damage_taken":0,"max_hp_gain":0,"max_hp_loss":0,"event_name":"Nest","floor":21,"gold_loss":0}],"is_beta":false,"boss_relics":[{"not_picked":["Velvet Choker","Busted Crown"],"picked":"Snecko Eye"}],"items_purged_floors":[],"is_endless":false,"potions_floor_spawned":[11,12,13,14],"killed_by":"Shelled Parasite and Fungi","ascension_level":0}