{"gold_per_floor":[368,384,309,328,328,328,328,328,328,149,149,178,178,178,178,277,277,290,215,234,247,72,72,107,107,132,162,162,162,162,112,112,217,217,229,229,248,268,268,268,287,287,287,301,312,159,159,179,179,179],"floor_reached":51,"playtime":1783,"items_purged":["Strike_R","Strike_R","Defend_R","Defend_R","Reaper+1"],"score":806,"play_id":"c3e06d73-d2d8-4a01-b7a1-3a2edfeb5e95","local_time":"20181001161111","is_ascension_mode":false,"campfire_choices":[{"data":"Bash","floor":6,"key":"SMITH"},{"data":"Disarm","floor":8,"key":"SMITH"},{"data":"Searing Blow","floor":11,"key":"SMITH"},{"data":"Searing Blow+1","floor":15,"key":"SMITH"},{"data":"Searing Blow+2","floor":23,"key":"SMITH"},{"data":"Searing Blow+3","floor":25,"key":"SMITH"},{"data":"Searing Blow+4","floor":28,"key":"SMITH"},{"data":"Searing Blow+5","floor":30,"key":"SMITH"},{"data":"Searing Blow+6","floor":32,"key":"SMITH"},{"data":"Searing Blow+7","floor":40,"key":"SMITH"},{"data":"Searing Blow+8","floor":42,"key":"SMITH"},{"data":"Searing Blow+9","floor":47,"key":"SMITH"},{"data":"Searing Blow+10","floor":49,"key":"SMITH"}],"neow_cost":"PERCENT_DAMAGE","seed_source_timestamp":1460379945924512,"circlet_count":0,"master_deck":["Bash+1","Disarm+1","Searing Blow+11","Feed+1","Disarm+1","Bloodletting+1","Shrug It Off+1","Pommel Strike+1","Warcry+1","Ghostly Armor+1","Madness+1","Madness+1","Intimidate+1","Panacea+1"],"relics":["Burning Blood","Toxic Egg 2","Molten Egg 2","Bag of Preparation","Astrolabe","Centennial Puzzle","Smiling Mask","Bottled Lightning","MutagenicStrength","Empty Cage","Art of War"],"potions_floor_usage":[16,16,50],"damage_taken":[{"damage":0,"enemies":"2 Louse","floor":1,"turns":3},{"damage":1,"enemies":"Cultist","floor":2,"turns":3},{"damage":5,"enemies":"Small Slimes","floor":4,"turns":4},{"damage":48,"enemies":"3 Sentries","floor":12,"turns":9},{"damage":23,"enemies":"Slime Boss","floor":16,"turns":12},{"damage":5,"enemies":"Spheric Guardian","floor":18,"turns":3},{"damage":7,"enemies":"Chosen","floor":20,"turns":3},{"damage":20,"enemies":"Centurion and Healer","floor":21,"turns":5},{"damage":45,"enemies":"Slavers","floor":24,"turns":5},{"damage":3,"enemies":"Book of Stabbing","floor":27,"turns":7},{"damage":43,"enemies":"Collector","floor":33,"turns":4},{"damage":15,"enemies":"Orb Walker","floor":35,"turns":3},{"damage":9,"enemies":"3 Darklings","floor":37,"turns":2},{"damage":3,"enemies":"Reptomancer","floor":38,"turns":2},{"damage":14,"enemies":"4 Shapes","floor":41,"turns":2},{"damage":3,"enemies":"Spire Growth","floor":44,"turns":1},{"damage":3,"enemies":"Reptomancer","floor":45,"turns":1},{"damage":6,"enemies":"Maw","floor":48,"turns":2},{"damage":3,"enemies":"Time Eater","floor":50,"turns":2}],"seed_played":"1472387878640538622","potions_obtained":[{"floor":2,"key":"LiquidBronze"},{"floor":4,"key":"Dexterity Potion"},{"floor":12,"key":"SteroidPotion"},{"floor":20,"key":"Swift Potion"},{"floor":27,"key":"GamblersBrew"},{"floor":37,"key":"AttackPotion"},{"floor":44,"key":"FearPotion"}],"is_trial":false,"path_per_floor":["M","M","$","M","?","R","?","R","T","$","R","E","?","?","R","B",null,"M","?","M","M","$","R","E","R","T","E","R","?","R","$","R","B",null,"M","?","M","M","?","R","M","R","T","M","M","$","R","M","R","B"],"character_chosen":"IRONCLAD","items_purchased":["Searing Blow","Pommel Strike+1","Panacea+1"],"campfire_rested":0,"item_purchase_floors":[10,22,46],"current_hp_per_floor":[62,67,67,68,68,68,73,73,73,73,73,31,24,24,24,7,85,85,85,88,85,85,85,58,58,58,70,70,70,70,70,70,33,97,88,76,97,97,97,97,96,96,96,103,105,105,105,105,105,105],"gold":179,"neow_bonus":"TWO_FIFTY_GOLD","is_prod":false,"is_daily":false,"chose_seed":false,"campfire_upgraded":13,"win_rate":0,"timestamp":1538424671,"path_taken":["M","M","$","M","?","R","?","R","T","$","R","E","?","?","R","BOSS","M","?","?","M","$","R","E","R","T","E","R","?","R","$","R","BOSS","M","?","M","M","?","R","M","R","T","M","M","$","R","M","R","BOSS"],"build_version":"2018-09-27","purchased_purges":5,"victory":true,"max_hp_per_floor":[80,80,80,80,80,80,85,85,85,85,85,85,85,85,85,85,85,85,85,89,93,93,93,93,93,93,97,97,97,97,97,97,97,97,97,97,97,97,97,97,101,101,101,105,105,105,105,105,105,105],"card_choices":[{"not_picked":["Thunderclap","Anger"],"picked":"Headbutt","floor":1},{"not_picked":["Shockwave","True Grit"],"picked":"Disarm","floor":2},{"not_picked":["True Grit","Perfected Strike","Immolate"],"picked":"SKIP","floor":4},{"not_picked":["Carnage","Clothesline","Anger"],"picked":"SKIP","floor":12},{"not_picked":["Berserk","Exhume+1"],"picked":"Feed+1","floor":16},{"not_picked":["Anger+1","Sever Soul+1"],"picked":"Bloodletting+1","floor":18},{"not_picked":["Disarm+1","Searing Blow+1"],"picked":"Shrug It Off+1","floor":20},{"not_picked":["Sword Boomerang+1","Heavy Blade+1","Combust+1"],"picked":"SKIP","floor":21},{"not_picked":["Headbutt+1","Heavy Blade+1"],"picked":"Warcry+1","floor":24},{"not_picked":["Demon Form","Disarm+1"],"picked":"Ghostly Armor+1","floor":27},{"not_picked":["Clothesline+1","Iron Wave+1","Spot Weakness+1"],"picked":"SKIP","floor":35},{"not_picked":["Twin Strike+1","Sever Soul+1","Sentinel+1"],"picked":"SKIP","floor":37},{"not_picked":["Clothesline+1","Second Wind+1","Cleave+1"],"picked":"SKIP","floor":38},{"not_picked":["Carnage+1","Twin Strike+1","Bludgeon+1"],"picked":"SKIP","floor":41},{"not_picked":["Iron Wave+1","Carnage+1","Havoc+1"],"picked":"SKIP","floor":44},{"not_picked":["True Grit+1","Perfected Strike+1"],"picked":"Intimidate+1","floor":45},{"not_picked":["Cleave+1","Body Slam+1","Havoc+1"],"picked":"SKIP","floor":48}],"player_experience":297891,"relics_obtained":[{"floor":9,"key":"Toxic Egg 2"},{"floor":12,"key":"Molten Egg 2"},{"floor":24,"key":"Centennial Puzzle"},{"floor":26,"key":"Smiling Mask"},{"floor":27,"key":"Bottled Lightning"},{"floor":43,"key":"Art of War"}],"event_choices":[{"event_name":"Liars Game","player_choice":"disagreed","floor":5,"damage_taken":0},{"event_name":"Big Fish","player_choice":"Donut","floor":7,"damage_taken":0},{"event_name":"Golden Wing","player_choice":"Card Removal","floor":13,"damage_taken":0},{"event_name":"Dead Adventurer","player_choice":"Searched \u00271\u0027 times","floor":14,"damage_taken":0},{"event_name":"Beggar","player_choice":"Gave Gold","floor":19,"damage_taken":0},{"event_name":"Drug Dealer","player_choice":"Inject Mutagens","floor":29,"damage_taken":0},{"event_name":"Winding Halls","player_choice":"Embrace Madness","floor":36,"damage_taken":0},{"event_name":"Mysterious Sphere","player_choice":"Ignore","floor":39,"damage_taken":0}],"is_beta":false,"boss_relics":[{"not_picked":["Snecko Eye","Lizard Tail"],"picked":"Astrolabe"},{"not_picked":["Orrery","Eternal Feather"],"picked":"Empty Cage"}],"items_purged_floors":[3,10,22,31,46],"is_endless":false,"potions_floor_spawned":[2,4,12,20,27,37,38,44],"ascension_level":0}