{"gold_per_floor":[117,136,136,155,155,165,180,197,223,10,23,23,52,63,63,161,161,180,197,197],"floor_reached":20,"playtime":1237,"items_purged":[],"score":180,"play_id":"91017a67-9ed1-42c3-afa7-5a85a70153b5","local_time":"20180910122720","is_ascension_mode":false,"campfire_choices":[{"data":"Inflame","floor":12,"key":"SMITH"},{"floor":15,"key":"REST"}],"neow_cost":"NONE","seed_source_timestamp":312276185844577,"circlet_count":0,"master_deck":["Strike_R","Strike_R","Strike_R","Strike_R","Strike_R","Defend_R","Defend_R","Defend_R","Defend_R","Bash","Heavy Blade+1","Flex","Flex","Headbutt","Inflame+1","Reaper","Headbutt","Twin Strike","Cleave","Bludgeon","Twin Strike"],"relics":["Burning Blood","Dream Catcher","Paper Frog"],"potions_floor_usage":[4,11,16,16],"damage_taken":[{"damage":1,"enemies":"Cultist","floor":1,"turns":3},{"damage":0,"enemies":"2 Louse","floor":2,"turns":3},{"damage":6,"enemies":"Jaw Worm","floor":4,"turns":3},{"damage":10,"enemies":"Exordium Wildlife","floor":6,"turns":4},{"damage":8,"enemies":"2 Fungi Beasts","floor":7,"turns":3},{"damage":10,"enemies":"Looter","floor":8,"turns":2},{"damage":8,"enemies":"Red Slaver","floor":11,"turns":2},{"damage":31,"enemies":"Lagavulin","floor":13,"turns":5},{"damage":23,"enemies":"Lots of Slimes","floor":14,"turns":4},{"damage":65,"enemies":"Hexaghost","floor":16,"turns":8},{"damage":25,"enemies":"2 Thieves","floor":18,"turns":4},{"damage":49,"enemies":"Shell Parasite","floor":19,"turns":6},{"damage":0,"enemies":"Shelled Parasite and Fungi","floor":20,"turns":1}],"seed_played":"723054415901121516","potions_obtained":[{"floor":2,"key":"SkillPotion"},{"floor":4,"key":"Fire Potion"},{"floor":13,"key":"Strength Potion"},{"floor":14,"key":"AttackPotion"}],"is_trial":false,"path_per_floor":["M","M","?","M","?","M","M","M","T","$","M","R","E","M","R","B",null,"M","M"],"character_chosen":"IRONCLAD","items_purchased":["Inflame","Reaper"],"campfire_rested":1,"item_purchase_floors":[10,10],"current_hp_per_floor":[88,88,88,88,88,84,82,78,78,78,76,76,60,50,76,17,88,69,26,26],"gold":197,"neow_bonus":"TEN_PERCENT_HP_BONUS","is_prod":false,"is_daily":false,"chose_seed":false,"campfire_upgraded":1,"win_rate":0.0,"timestamp":1536596840,"path_taken":["M","M","?","M","?","M","M","M","T","$","M","R","E","M","R","BOSS","M","M","M"],"build_version":"2018-09-06","purchased_purges":0,"victory":false,"max_hp_per_floor":[88,88,88,88,88,88,88,88,88,88,88,88,88,88,88,88,88,88,88,88],"card_choices":[{"not_picked":["Shrug It Off","Hemokinesis"],"picked":"Heavy Blade","floor":1},{"not_picked":["Wild Strike","Shockwave","Shrug It Off"],"picked":"SKIP","floor":2},{"not_picked":["Pommel Strike","Whirlwind"],"picked":"Flex","floor":4},{"not_picked":["Thunderclap","Sever Soul"],"picked":"Flex","floor":6},{"not_picked":["True Grit","Clash","Rampage"],"picked":"SKIP","floor":7},{"not_picked":["Clash","Shockwave"],"picked":"Headbutt","floor":8},{"not_picked":["Evolve","Rupture","Iron Wave"],"picked":"SKIP","floor":11},{"not_picked":["Flex","Immolate"],"picked":"Headbutt","floor":13},{"not_picked":["Clothesline","Dual Wield"],"picked":"Twin Strike","floor":14},{"not_picked":["Havoc","Rampage"],"picked":"Cleave","floor":15},{"not_picked":["Fiend Fire","Juggernaut"],"picked":"Bludgeon","floor":16},{"not_picked":["Warcry","Havoc+1"],"picked":"Twin Strike","floor":18},{"not_picked":["Flame Barrier","Iron Wave","Shrug It Off"],"picked":"SKIP","floor":19}],"player_experience":58198,"relics_obtained":[{"floor":9,"key":"Dream Catcher"},{"floor":13,"key":"Paper Frog"}],"event_choices":[{"event_name":"Living Wall","player_choice":"Grow","floor":3,"damage_taken":0},{"event_name":"Golden Idol","player_choice":"Ignored","floor":5,"damage_taken":0}],"is_beta":false,"boss_relics":[{"not_picked":["Calling Bell","Philosopher\u0027s Stone","Busted Crown"]}],"items_purged_floors":[],"is_endless":false,"potions_floor_spawned":[2,4,13,14],"killed_by":"Shelled Parasite and Fungi","ascension_level":0}