{"gold_per_floor":[118,129,54,69,82,112,112,138,163,163],"floor_reached":10,"playtime":572,"items_purged":["Strike_B"],"score":137,"play_id":"11875643-54b0-4f33-9690-f5c0149d049a","local_time":"20190113191255","is_ascension_mode":true,"campfire_choices":[{"floor":7,"key":"REST"}],"neow_cost":"NONE","seed_source_timestamp":269529323160799,"circlet_count":0,"master_deck":["AscendersBane","Strike_B+1","Strike_B","Strike_B","Defend_B","Defend_B","Defend_B","Defend_B","Zap","Dualcast","Double Energy","Double Energy","Streamline+1","Streamline","Coolheaded","Core Surge"],"relics":["Runic Pyramid","Whetstone","Juzu Bracelet","Bag of Marbles"],"potions_floor_usage":[6,8],"damage_taken":[{"damage":5,"enemies":"Small Slimes","floor":1,"turns":4},{"damage":7,"enemies":"Jaw Worm","floor":2,"turns":4},{"damage":11,"enemies":"2 Louse","floor":4,"turns":3},{"damage":18,"enemies":"Large Slime","floor":5,"turns":5},{"damage":10,"enemies":"Lagavulin","floor":6,"turns":5},{"damage":17,"enemies":"3 Sentries","floor":8,"turns":7},{"damage":23,"enemies":"Lagavulin","floor":10,"turns":4}],"seed_played":"5044029557849390527","potions_obtained":[{"floor":1,"key":"Block Potion"},{"floor":5,"key":"Swift Potion"},{"floor":6,"key":"FocusPotion"},{"floor":8,"key":"Explosive Potion"}],"is_trial":false,"path_per_floor":["M","M","$","M","M","E","R","E","T","E"],"character_chosen":"DEFECT","items_purchased":[],"campfire_rested":1,"item_purchase_floors":[],"current_hp_per_floor":[59,52,52,41,23,13,34,17,17,0],"gold":163,"neow_bonus":"BOSS_RELIC","is_prod":false,"is_daily":false,"chose_seed":false,"campfire_upgraded":0,"win_rate":0,"timestamp":1547435575,"path_taken":["M","M","$","M","M","E","R","E","T","E"],"build_version":"2019-01-10","purchased_purges":1,"victory":false,"max_hp_per_floor":[71,71,71,71,71,71,71,71,71,71],"card_choices":[{"not_picked":["Doom and Gloom","FTL"],"picked":"Double Energy","floor":1},{"not_picked":["Chill","Steam"],"picked":"Double Energy","floor":2},{"not_picked":["Go for the Eyes","Redo"],"picked":"Streamline","floor":4},{"not_picked":["Conserve Battery","Barrage"],"picked":"Streamline","floor":5},{"not_picked":["Go for the Eyes","Steam Power"],"picked":"Coolheaded","floor":6},{"not_picked":["Conserve Battery","Turbo"],"picked":"Core Surge","floor":8}],"player_experience":463577,"relics_obtained":[{"floor":6,"key":"Whetstone"},{"floor":8,"key":"Juzu Bracelet"},{"floor":9,"key":"Bag of Marbles"}],"event_choices":[],"is_beta":false,"boss_relics":[],"items_purged_floors":[3],"is_endless":false,"potions_floor_spawned":[1,5,6,8],"killed_by":"Lagavulin","ascension_level":15}