{"gold_per_floor":[115,129,144,160,160,160,38,38,92,92,110,137,147,162,162,162],"floor_reached":16,"playtime":799,"items_purged":["Strike_R"],"score":104,"play_id":"b84f12ca-31bd-4a1c-98af-fb880c158a46","local_time":"20181209231124","is_ascension_mode":false,"campfire_choices":[{"data":"Body Slam","floor":6,"key":"SMITH"},{"floor":10,"key":"REST"},{"data":"Body Slam","floor":15,"key":"SMITH"}],"neow_cost":"NONE","seed_source_timestamp":866693553948415,"circlet_count":0,"master_deck":["Strike_R","Strike_R","Strike_R","Strike_R","Defend_R","Defend_R","Defend_R","Defend_R","Bash","Body Slam+1","Iron Wave","Shrug It Off","Shrug It Off","Body Slam+1","Shrug It Off"],"relics":["Burning Blood","Centennial Puzzle","Boot","Pen Nib"],"potions_floor_usage":[3,12,13],"damage_taken":[{"damage":4,"enemies":"Cultist","floor":1,"turns":4},{"damage":2,"enemies":"Small Slimes","floor":2,"turns":4},{"damage":11,"enemies":"Jaw Worm","floor":3,"turns":6},{"damage":11,"enemies":"Red Slaver","floor":4,"turns":5},{"damage":7,"enemies":"Blue Slaver","floor":11,"turns":3},{"damage":25,"enemies":"3 Sentries","floor":12,"turns":10},{"damage":3,"enemies":"2 Fungi Beasts","floor":13,"turns":4},{"damage":7,"enemies":"Red Slaver","floor":14,"turns":4},{"damage":67,"enemies":"Slime Boss","floor":16,"turns":12}],"seed_played":"-4604943921929929881","potions_obtained":[{"floor":2,"key":"SpeedPotion"},{"floor":4,"key":"Swift Potion"},{"floor":12,"key":"Energy Potion"}],"is_trial":false,"path_per_floor":["M","M","M","M","?","R","$","$","T","R","M","E","M","M","R","B"],"character_chosen":"IRONCLAD","items_purchased":["Shrug It Off"],"campfire_rested":1,"item_purchase_floors":[7],"current_hp_per_floor":[80,80,75,70,58,58,58,58,58,80,79,60,63,62,62,0],"gold":162,"neow_bonus":"THREE_CARDS","is_prod":false,"is_daily":false,"chose_seed":false,"campfire_upgraded":2,"win_rate":0,"timestamp":1544415084,"path_taken":["M","M","M","?","?","R","?","$","T","R","?","E","M","M","R","BOSS"],"build_version":"2018-12-06","purchased_purges":1,"victory":false,"max_hp_per_floor":[80,80,80,80,80,80,80,80,80,80,80,80,80,80,80,80],"card_choices":[{"not_picked":["Wild Strike","Shrug It Off"],"picked":"Body Slam","floor":1},{"not_picked":["Anger","Cleave","Clothesline"],"picked":"SKIP","floor":2},{"not_picked":["Headbutt","Shockwave","Warcry"],"picked":"SKIP","floor":3},{"not_picked":["Cleave","Disarm"],"picked":"Iron Wave","floor":4},{"not_picked":["Thunderclap","Havoc","Searing Blow"],"picked":"SKIP","floor":11},{"not_picked":["Flex","Spot Weakness"],"picked":"Shrug It Off","floor":12},{"not_picked":["Double Tap","Clash"],"picked":"Body Slam","floor":13},{"not_picked":["True Grit","Sword Boomerang"],"picked":"Shrug It Off","floor":14}],"player_experience":224610,"relics_obtained":[{"floor":9,"key":"Boot"},{"floor":12,"key":"Pen Nib"}],"event_choices":[{"damage_healed":0,"gold_gain":0,"player_choice":"Success","damage_taken":12,"relics_obtained":["Centennial Puzzle"],"max_hp_gain":0,"max_hp_loss":0,"event_name":"Scrap Ooze","floor":5,"gold_loss":0}],"is_beta":false,"boss_relics":[],"items_purged_floors":[7],"is_endless":false,"potions_floor_spawned":[2,4,12],"killed_by":"Slime Boss","ascension_level":0}