{"path_per_floor":["M","?","$","M","M","E","R","E","T","E","R","M","R","?","R","B",null,"M","?","?","M","M","E","R","E","T","E","?","$","M","?","R","B",null,"M","$","M","?","?","E","R","M","T","R","?","M","E","M","R","B"],"character_chosen":"DEFECT","items_purchased":["Coolheaded","Gremlin Horn","Skim","Defragment","Coolheaded"],"gold_per_floor":[109,109,64,78,90,120,120,147,147,178,178,197,197,197,197,274,274,292,292,292,305,324,358,358,384,384,418,418,51,64,64,64,136,136,155,30,46,46,0,27,27,39,39,39,39,59,124,140,140,140],"floor_reached":51,"campfire_rested":4,"playtime":3555,"item_purchase_floors":[3,29,29,29,36],"current_hp_per_floor":[73,78,78,78,72,63,63,60,60,52,52,33,33,16,42,50,78,69,69,69,69,58,46,75,55,55,58,58,58,47,47,76,76,92,92,92,55,50,50,50,50,52,52,52,52,52,52,52,81,55],"items_purged":["Streamline"],"gold":140,"score":1875,"play_id":"f20dca57-8ca9-46ed-9c0f-275f3f141a36","local_time":"20180610163259","is_prod":false,"is_daily":false,"chose_seed":false,"is_ascension_mode":true,"campfire_upgraded":5,"win_rate":0,"timestamp":1528641179,"campfire_choices":[{"data":"Zap","floor":7,"key":"SMITH"},{"data":"Defragment","floor":11,"key":"SMITH"},{"data":"Chaos","floor":13,"key":"SMITH"},{"floor":15,"key":"REST"},{"floor":24,"key":"REST"},{"floor":32,"key":"REST"},{"data":"Defragment","floor":41,"key":"SMITH"},{"data":"Seek","floor":44,"key":"SMITH"},{"floor":49,"key":"REST"}],"path_taken":["M","?","$","?","M","E","R","E","T","E","R","M","R","?","R","BOSS","M","?","?","M","M","E","R","E","T","E","?","?","?","?","R","BOSS","M","$","M","?","?","E","R","M","T","R","?","?","E","M","R","BOSS"],"build_version":"2018-06-07v3","seed_source_timestamp":630267313046871,"purchased_purges":1,"victory":true,"master_deck":["Zap+1","Dualcast","AscendersBane","Barrage","Coolheaded+1","Leap","Echo Form","Compile Driver","Defragment+1","Chaos+1","Conserve Battery","Seek+1","Turbo","Genetic Algorithm","Double Energy","Buffer","Loop+1","Skim","Defragment+1","Multi-Cast","Turbo","Rip and Tear","Go for the Eyes","Ball Lightning","FTL","Steam","Coolheaded","FTL","Thinking Ahead","Force Field+1","Conserve Battery+1","FTL+1","Tempest+1"],"max_hp_per_floor":[82,87,87,87,87,87,87,87,87,87,87,87,87,87,87,87,87,87,87,87,87,87,97,97,97,97,97,97,97,97,97,97,97,97,97,97,97,97,97,97,97,97,97,97,97,97,97,97,97,97],"relics":["Cracked Core","Meat on the Bone","Emotion Chip","Ice Cream","Pen Nib","Sozu","Pear","DataDisk","Bottled Lightning","Shuriken","Gremlin Horn","Pandora\u0027s Box","Red Mask","Ancient Tea Set","Centennial Puzzle","Thread and Needle","Tiny Chest"],"card_choices":[{"not_picked":["Steam Power","Force Field"],"picked":"Barrage","floor":1},{"not_picked":["Coolheaded","Steam"],"picked":"Leap","floor":4},{"not_picked":["Leap","Force Field"],"picked":"Echo Form","floor":5},{"not_picked":["Fusion","Storm"],"picked":"Compile Driver","floor":6},{"not_picked":["Double Energy","Leap"],"picked":"Defragment","floor":8},{"not_picked":["Streamline","Cold Snap"],"picked":"Chaos","floor":10},{"not_picked":["Sweeping Beam","Hello World"],"picked":"Conserve Battery","floor":12},{"not_picked":["Echo Form","Amplify"],"picked":"Seek","floor":16},{"not_picked":["Rebound","Streamline"],"picked":"Turbo","floor":18},{"not_picked":["Steam","Sweeping Beam"],"picked":"Double Energy","floor":21},{"not_picked":["Cold Snap+1","Sweeping Beam","Reprogram+1"],"picked":"SKIP","floor":22},{"not_picked":["Darkness","Genetic Algorithm"],"picked":"Buffer","floor":23},{"not_picked":["Redo","Chill"],"picked":"Loop+1","floor":25},{"not_picked":["Double Energy","Cold Snap","Redo"],"picked":"SKIP","floor":27},{"not_picked":["Lockon+1","Steam","Sunder"],"picked":"SKIP","floor":30},{"not_picked":["Seek","Reboot"],"picked":"Multi-Cast","floor":33},{"not_picked":["Turbo+1","Ball Lightning","Cold Snap"],"picked":"SKIP","floor":35},{"not_picked":["Hello World","Coolheaded"],"picked":"FTL","floor":37},{"not_picked":["Dramatic Entrance","Madness"],"picked":"Thinking Ahead","floor":38},{"not_picked":["Streamline","Leap+1"],"picked":"Force Field+1","floor":40},{"not_picked":["Cold Snap+1","Leap+1"],"picked":"Conserve Battery+1","floor":42},{"not_picked":["Sweeping Beam","Stack","FTL"],"picked":"SKIP","floor":46},{"not_picked":["Genetic Algorithm","Stack"],"picked":"FTL+1","floor":47},{"not_picked":["Force Field","Compile Driver"],"picked":"Tempest+1","floor":48}],"player_experience":626973,"potions_floor_usage":[6,8,25],"damage_taken":[{"damage":2,"enemies":"Jaw Worm","floor":1,"turns":3},{"damage":0,"enemies":"2 Louse","floor":4,"turns":4},{"damage":6,"enemies":"Small Slimes","floor":5,"turns":4},{"damage":9,"enemies":"3 Sentries","floor":6,"turns":6},{"damage":3,"enemies":"Lagavulin","floor":8,"turns":6},{"damage":20,"enemies":"Gremlin Nob","floor":10,"turns":4},{"damage":31,"enemies":"Gremlin Gang","floor":12,"turns":4},{"damage":4,"enemies":"The Guardian","floor":16,"turns":10},{"damage":9,"enemies":"3 Byrds","floor":18,"turns":4},{"damage":0,"enemies":"Chosen","floor":21,"turns":7},{"damage":11,"enemies":"Centurion and Healer","floor":22,"turns":8},{"damage":34,"enemies":"Book of Stabbing","floor":23,"turns":5},{"damage":32,"enemies":"Slavers","floor":25,"turns":7},{"damage":9,"enemies":"Gremlin Leader","floor":27,"turns":9},{"damage":23,"enemies":"Snake Plant","floor":30,"turns":4},{"damage":0,"enemies":"Automaton","floor":33,"turns":8},{"damage":0,"enemies":"Orb Walker","floor":35,"turns":5},{"damage":37,"enemies":"3 Darklings","floor":37,"turns":3},{"damage":0,"enemies":"Giant Head","floor":40,"turns":7},{"damage":10,"enemies":"Sphere and 2 Shapes","floor":42,"turns":4},{"damage":0,"floor":45,"turns":2},{"damage":0,"enemies":"Maw","floor":46,"turns":7},{"damage":0,"enemies":"Nemesis","floor":47,"turns":9},{"damage":12,"enemies":"3 Darklings","floor":48,"turns":5},{"damage":26,"enemies":"Time Eater","floor":50,"turns":12}],"relics_obtained":[{"floor":6,"key":"Meat on the Bone"},{"floor":8,"key":"Emotion Chip"},{"floor":9,"key":"Ice Cream"},{"floor":10,"key":"Pen Nib"},{"floor":23,"key":"Pear"},{"floor":25,"key":"DataDisk"},{"floor":26,"key":"Bottled Lightning"},{"floor":27,"key":"Shuriken"},{"floor":40,"key":"Ancient Tea Set"},{"floor":43,"key":"Centennial Puzzle"},{"floor":45,"key":"Thread and Needle"},{"floor":47,"key":"Tiny Chest"}],"event_choices":[{"event_name":"Big Fish","player_choice":"Donut","floor":2,"damage_taken":0},{"event_name":"Shining Light","player_choice":"Entered Light","floor":14,"damage_taken":0},{"event_name":"The Mausoleum","player_choice":"No","floor":19,"damage_taken":0},{"event_name":"The Library","player_choice":"Read","floor":20,"damage_taken":0},{"event_name":"Wheel of Change","player_choice":"Card Removal","floor":28,"damage_taken":0},{"event_name":"Beggar","player_choice":"Ignored","floor":31,"damage_taken":0},{"event_name":"SensoryStone","player_choice":"Memory 2","floor":38,"damage_taken":0},{"event_name":"Tomb of Lord Red Mask","player_choice":"Paid","floor":39,"damage_taken":0},{"event_name":"MindBloom","player_choice":"Fight","floor":45,"damage_taken":0}],"boss_relics":[{"not_picked":["White Beast Statue","Inserter"],"picked":"Sozu"},{"not_picked":["Black Star","Busted Crown"],"picked":"Pandora\u0027s Box"}],"items_purged_floors":[36],"potions_floor_spawned":[1,4,12,18,25,27,37,40,42,47],"seed_played":"-8951213053116283186","ascension_level":13,"potions_obtained":[{"floor":1,"key":"Energy Potion"},{"floor":4,"key":"FocusPotion"},{"floor":12,"key":"Fire Potion"}],"is_trial":false}