{"gold_per_floor":[115,126,136,152,152,152,185,203,230,240,240,251,278,289,289,392,392,409,409,428,138,138,164,164,193,193,193,208,208,234,149,149,247,247,262,262,307,320,331,331,362,54,124,124,124,346,446,446],"floor_reached":48,"playtime":1884,"items_purged":[],"score":825,"play_id":"4ee6ad25-e057-4719-ba96-55e85721ddf0","local_time":"20190307193653","is_ascension_mode":true,"campfire_choices":[{"data":"Whirlwind","floor":6,"key":"SMITH"},{"data":"Searing Blow","floor":11,"key":"SMITH"},{"data":"Searing Blow+1","floor":15,"key":"SMITH"},{"data":"Searing Blow+2","floor":27,"key":"SMITH"},{"floor":29,"key":"REST"},{"data":"Double Tap","floor":32,"key":"SMITH"},{"data":"Searing Blow+3","floor":40,"key":"SMITH"},{"floor":44,"key":"REST"}],"neow_cost":"TEN_PERCENT_HP_LOSS","seed_source_timestamp":582749232993975,"circlet_count":0,"master_deck":["AscendersBane","Strike_R+1","Strike_R+1","Strike_R+1","Defend_R+1","Defend_R+1","Defend_R+1","Bash+1","Whirlwind+1","Searing Blow+4","Armaments+1","Body Slam","Inflame","Shrug It Off+1","Flame Barrier","Double Tap+1","Ghostly Armor","Finesse","J.A.X.","Offering","Immolate+1","Flame Barrier","Shrug It Off+1","Rage+1","Limit Break","Writhe","Burning Pact"],"relics":["Burning Blood","Incense Burner","Lantern","War Paint","Mark of Pain","HandDrill","Boot","Enchiridion","Juzu Bracelet","Sundial","Red Mask","Strawberry","Black Star","Du-Vu Doll","Bag of Preparation","Whetstone","Anchor","Darkstone Periapt","Calipers"],"potions_floor_usage":[16,33,33,48,48],"damage_taken":[{"damage":7,"enemies":"2 Louse","floor":1,"turns":3},{"damage":6,"enemies":"Cultist","floor":2,"turns":4},{"damage":11,"enemies":"Jaw Worm","floor":3,"turns":4},{"damage":5,"enemies":"2 Fungi Beasts","floor":4,"turns":4},{"damage":25,"enemies":"3 Sentries","floor":7,"turns":3},{"damage":3,"enemies":"3 Louse","floor":8,"turns":2},{"damage":0,"enemies":"Large Slime","floor":10,"turns":4},{"damage":0,"enemies":"Exordium Wildlife","floor":12,"turns":3},{"damage":14,"enemies":"Gremlin Nob","floor":13,"turns":4},{"damage":0,"enemies":"3 Louse","floor":14,"turns":2},{"damage":46,"enemies":"Hexaghost","floor":16,"turns":11},{"damage":7,"enemies":"Chosen","floor":18,"turns":5},{"damage":0,"enemies":"Spheric Guardian","floor":20,"turns":2},{"damage":6,"enemies":"Gremlin Leader","floor":23,"turns":5},{"damage":18,"enemies":"Book of Stabbing","floor":25,"turns":4},{"damage":14,"enemies":"Snecko","floor":28,"turns":5},{"damage":1,"enemies":"Masked Bandits","floor":30,"turns":1},{"damage":30,"enemies":"Collector","floor":33,"turns":9},{"damage":11,"enemies":"3 Shapes","floor":35,"turns":4},{"damage":6,"enemies":"2 Orb Walkers","floor":37,"turns":3},{"damage":28,"enemies":"Orb Walker","floor":38,"turns":5},{"damage":6,"enemies":"Jaw Worm Horde","floor":39,"turns":4},{"damage":31,"enemies":"Reptomancer","floor":41,"turns":5},{"damage":12,"enemies":"Mind Bloom Boss Battle","floor":47,"turns":6},{"damage":62,"enemies":"Nemesis","floor":48,"turns":5}],"seed_played":"7942675730745943290","potions_obtained":[{"floor":1,"key":"FearPotion"},{"floor":3,"key":"EssenceOfSteel"},{"floor":4,"key":"Energy Potion"},{"floor":8,"key":"Strength Potion"},{"floor":20,"key":"Dexterity Potion"},{"floor":39,"key":"SkillPotion"},{"floor":41,"key":"SkillPotion"},{"floor":47,"key":"FearPotion"}],"is_trial":false,"path_per_floor":["M","M","M","M","?","R","E","M","T","M","R","M","E","M","R","B",null,"M","?","M","$","?","E","?","E","T","R","M","R","?","?","R","B",null,"M","?","?","M","M","R","E","$","T","R","?","?","?","E"],"character_chosen":"IRONCLAD","items_purchased":["HandDrill","Finesse","Anchor","Limit Break"],"campfire_rested":2,"item_purchase_floors":[21,21,42,42],"current_hp_per_floor":[71,71,66,67,67,67,48,51,51,57,57,63,55,61,61,21,59,58,58,64,64,64,64,48,36,36,36,28,49,54,61,61,37,69,64,64,64,42,42,42,17,17,17,40,66,66,60,0],"gold":446,"neow_bonus":"REMOVE_TWO","is_prod":false,"is_daily":false,"chose_seed":false,"campfire_upgraded":6,"win_rate":0,"timestamp":1552005413,"path_taken":["M","M","M","M","?","R","E","M","T","?","R","M","E","M","R","BOSS","M","?","M","$","?","E","?","E","T","R","M","R","?","?","R","BOSS","M","?","?","M","M","R","E","$","T","R","?","?","?","E"],"build_version":"2019-01-23","purchased_purges":0,"victory":false,"max_hp_per_floor":[72,72,72,72,72,72,72,72,72,72,72,72,72,72,72,72,72,72,72,72,72,72,72,72,72,72,72,72,72,72,79,79,79,79,79,79,79,79,79,79,79,79,79,79,85,85,85,85],"card_choices":[{"not_picked":["Thunderclap","Sentinel"],"picked":"Whirlwind","floor":1},{"not_picked":["Fire Breathing","Blood for Blood"],"picked":"Searing Blow","floor":2},{"not_picked":["Twin Strike","Thunderclap"],"picked":"Armaments","floor":3},{"not_picked":["Spot Weakness","Dual Wield","Heavy Blade"],"picked":"SKIP","floor":4},{"not_picked":["Demon Form","Wild Strike"],"picked":"Body Slam","floor":7},{"not_picked":["Iron Wave","Blood for Blood"],"picked":"Inflame","floor":8},{"not_picked":["Body Slam","Clothesline"],"picked":"Shrug It Off","floor":10},{"not_picked":["Feel No Pain","Clash","Spot Weakness"],"picked":"SKIP","floor":12},{"not_picked":["Flex","Pummel","Bludgeon"],"picked":"SKIP","floor":13},{"not_picked":["Rage","Reckless Charge"],"picked":"Flame Barrier","floor":14},{"not_picked":["Dark Embrace","Berserk"],"picked":"Double Tap","floor":16},{"not_picked":["Shrug It Off","Corruption","Disarm"],"picked":"SKIP","floor":18},{"not_picked":["Shrug It Off","Corruption"],"picked":"Ghostly Armor","floor":20},{"not_picked":["Barricade","Corruption"],"picked":"Offering","floor":23},{"not_picked":["Battle Trance","Seeing Red","Evolve"],"picked":"SKIP","floor":25},{"not_picked":["True Grit","Flex","Heavy Blade"],"picked":"SKIP","floor":28},{"not_picked":["Brutality","Exhume"],"picked":"Immolate","floor":33},{"not_picked":["Iron Wave+1","Twin Strike+1"],"picked":"Flame Barrier","floor":35},{"not_picked":["Armaments+1","Evolve+1"],"picked":"Shrug It Off+1","floor":38},{"not_picked":["Bloodletting","Headbutt","Clash+1"],"picked":"SKIP","floor":39},{"not_picked":["Shrug It Off","Anger"],"picked":"Rage+1","floor":41},{"not_picked":["Thunderclap+1","Warcry"],"picked":"Burning Pact","floor":47}],"player_experience":277820,"relics_obtained":[{"floor":7,"key":"Incense Burner"},{"floor":9,"key":"Lantern"},{"floor":13,"key":"War Paint"},{"floor":23,"key":"Boot"},{"floor":24,"key":"Enchiridion"},{"floor":25,"key":"Juzu Bracelet"},{"floor":26,"key":"Sundial"},{"floor":30,"key":"Red Mask"},{"floor":37,"key":"Du-Vu Doll"},{"floor":41,"key":"Bag of Preparation"},{"floor":41,"key":"Whetstone"},{"floor":43,"key":"Darkstone Periapt"},{"floor":47,"key":"Calipers"}],"event_choices":[{"damage_healed":0,"gold_gain":0,"player_choice":"Upgraded","damage_taken":0,"max_hp_gain":0,"max_hp_loss":0,"event_name":"Upgrade Shrine","floor":5,"gold_loss":0,"cards_upgraded":["Armaments"]},{"damage_healed":0,"gold_gain":0,"player_choice":"Simplicity","damage_taken":0,"max_hp_gain":0,"max_hp_loss":0,"event_name":"Back to Basics","floor":19,"gold_loss":0,"cards_upgraded":["Strike_R","Strike_R","Strike_R","Strike_R","Defend_R","Defend_R"]},{"damage_healed":0,"gold_gain":0,"player_choice":"Obtain J.A.X.","damage_taken":0,"max_hp_gain":0,"max_hp_loss":0,"event_name":"Drug Dealer","floor":22,"gold_loss":0,"cards_obtained":["J.A.X."]},{"damage_healed":0,"gold_gain":0,"player_choice":"Obtained Book","damage_taken":16,"max_hp_gain":0,"max_hp_loss":0,"event_name":"Cursed Tome","floor":24,"gold_loss":0},{"damage_healed":0,"gold_gain":0,"player_choice":"Fought Bandits","damage_taken":0,"max_hp_gain":0,"max_hp_loss":0,"event_name":"Masked Bandits","floor":30,"gold_loss":0},{"damage_healed":0,"gold_gain":0,"player_choice":"Obtained Relic","damage_taken":0,"relics_obtained":["Strawberry"],"max_hp_gain":0,"max_hp_loss":0,"event_name":"Addict","floor":31,"gold_loss":85},{"cards_removed":["Strike_R"],"damage_healed":0,"gold_gain":0,"player_choice":"Removed Attack","damage_taken":0,"max_hp_gain":0,"max_hp_loss":0,"event_name":"Falling","floor":36,"gold_loss":0},{"damage_healed":0,"gold_gain":0,"player_choice":"Fight","damage_taken":0,"max_hp_gain":0,"max_hp_loss":0,"event_name":"Mysterious Sphere","floor":37,"gold_loss":0},{"damage_healed":20,"gold_gain":0,"player_choice":"Writhe","damage_taken":0,"max_hp_gain":0,"max_hp_loss":0,"event_name":"Winding Halls","floor":45,"gold_loss":0,"cards_obtained":["Writhe"]},{"damage_healed":0,"gold_gain":222,"player_choice":"Wore Mask","damage_taken":0,"max_hp_gain":0,"max_hp_loss":0,"event_name":"Tomb of Lord Red Mask","floor":46,"gold_loss":0},{"damage_healed":0,"gold_gain":0,"player_choice":"Fight","damage_taken":0,"max_hp_gain":0,"max_hp_loss":0,"event_name":"MindBloom","floor":47,"gold_loss":0}],"is_beta":false,"boss_relics":[{"not_picked":["Lizard Tail","Orrery"],"picked":"Mark of Pain"},{"not_picked":["Astrolabe","Eternal Feather"],"picked":"Black Star"}],"items_purged_floors":[],"is_endless":false,"potions_floor_spawned":[1,3,4,8,12,20,30,39,41,47],"killed_by":"Nemesis","ascension_level":10}