{"gold_per_floor":[19,30,41,51,51,76,76,76,76,103,114,114,129,146,146,223,223,239,239,47,59,72,107,122,122,122,157,175,202,215,248,248,320,320,339,439,59,78,90,115,115,115,115,40,40,52,65,99,99,99,99,99,59,87,87],"floor_reached":55,"playtime":3823,"items_purged":["Normality"],"score":1452,"play_id":"98a55ac9-3afd-45be-bbfe-ac541a6327ee","local_time":"20190218234142","is_ascension_mode":true,"campfire_choices":[{"data":"Anger","floor":7,"key":"SMITH"},{"data":"True Grit","floor":12,"key":"SMITH"},{"data":"Clothesline","floor":15,"key":"SMITH"},{"data":"Armaments","floor":25,"key":"SMITH"},{"data":"Corruption","floor":32,"key":"SMITH"},{"floor":41,"key":"RECALL"},{"data":"Limit Break","floor":45,"key":"SMITH"},{"data":"Bloodletting","floor":49,"key":"SMITH"},{"data":"Offering","floor":52,"key":"SMITH"}],"neow_cost":"NO_GOLD","seed_source_timestamp":87332253690037,"circlet_count":0,"master_deck":["AscendersBane","Strike_R","Strike_R","Strike_R","Strike_R","Defend_R","Defend_R","Bash","Anger+1","Shrug It Off","Offering+1","Spot Weakness+1","Shrug It Off+1","Clothesline+1","True Grit+1","Shrug It Off","Feel No Pain","Reaper","Juggernaut+1","Bludgeon+1","Headbutt+1","Armaments+1","RitualDagger","Corruption+1","Demon Form","Sword Boomerang","Reckless Charge","Pommel Strike","Flame Barrier","Impervious","Seeing Red","Warcry+1","Iron Wave+1","Limit Break+1","Pommel Strike+1","Iron Wave","Shrug It Off","Inflame+1","Sentinel","Brutality+1","Seeing Red","Body Slam+1","Burning Pact","Bloodletting+1","Evolve+1","Burning Pact+1"],"relics":["Burning Blood","Mango","Boot","Torii","Self Forming Clay","Dead Branch","Astrolabe","Anchor","Frozen Egg 2","Question Card","Red Mask","War Paint","Mercury Hourglass","Cursed Key","Ice Cream","Mummified Hand","Blood Vial","Lantern","Dodecahedron"],"potions_floor_usage":[6,14,18,24,27,28,36,40],"damage_taken":[{"damage":9,"enemies":"Cultist","floor":1,"turns":5},{"damage":5,"enemies":"Small Slimes","floor":2,"turns":4},{"damage":7,"enemies":"Jaw Worm","floor":3,"turns":4},{"damage":7,"enemies":"Large Slime","floor":4,"turns":9},{"damage":26,"enemies":"Gremlin Nob","floor":6,"turns":3},{"damage":24,"enemies":"3 Sentries","floor":10,"turns":8},{"damage":1,"enemies":"2 Fungi Beasts","floor":11,"turns":4},{"damage":1,"enemies":"Looter","floor":13,"turns":4},{"damage":0,"enemies":"Exordium Thugs","floor":14,"turns":4},{"damage":14,"enemies":"Hexaghost","floor":16,"turns":10},{"damage":11,"enemies":"Spheric Guardian","floor":18,"turns":3},{"damage":17,"enemies":"2 Thieves","floor":21,"turns":5},{"damage":21,"enemies":"Chosen and Byrds","floor":22,"turns":8},{"damage":6,"enemies":"Slavers","floor":23,"turns":4},{"damage":6,"enemies":"Centurion and Healer","floor":24,"turns":4},{"damage":49,"enemies":"Masked Bandits","floor":27,"turns":7},{"damage":13,"enemies":"3 Cultists","floor":28,"turns":5},{"damage":9,"enemies":"Book of Stabbing","floor":29,"turns":6},{"damage":0,"enemies":"Shelled Parasite and Fungi","floor":30,"turns":6},{"damage":1,"enemies":"Slavers","floor":31,"turns":5},{"damage":68,"enemies":"Collector","floor":33,"turns":9},{"damage":7,"enemies":"Orb Walker","floor":35,"turns":4},{"damage":0,"enemies":"Mind Bloom Boss Battle","floor":36,"turns":6},{"damage":2,"enemies":"3 Shapes","floor":38,"turns":3},{"damage":8,"enemies":"3 Darklings","floor":39,"turns":4},{"damage":33,"enemies":"Reptomancer","floor":40,"turns":5},{"damage":13,"enemies":"Maw","floor":46,"turns":5},{"damage":6,"enemies":"Spire Growth","floor":47,"turns":4},{"damage":17,"enemies":"Nemesis","floor":48,"turns":5},{"damage":29,"enemies":"Donu and Deca","floor":50,"turns":5},{"damage":11,"enemies":"Shield and Spear","floor":54,"turns":3},{"damage":87,"enemies":"The Heart","floor":55,"turns":4}],"seed_played":"-4615598738726412478","potions_obtained":[{"floor":4,"key":"SneckoOil"},{"floor":11,"key":"Explosive Potion"},{"floor":13,"key":"GamblersBrew"},{"floor":21,"key":"Swift Potion"},{"floor":24,"key":"Block Potion"},{"floor":27,"key":"Fire Potion"},{"floor":29,"key":"SteroidPotion"},{"floor":30,"key":"Explosive Potion"},{"floor":40,"key":"AttackPotion"},{"floor":42,"key":"Dexterity Potion"},{"floor":47,"key":"Dexterity Potion"}],"is_trial":false,"path_per_floor":["M","M","M","M","?","E","R","?","T","E","M","R","M","M","R","B",null,"M","?","$","M","M","E","M","R","T","?","M","E","M","E","R","B",null,"M","?","$","M","M","E","R","?","T","$","R","M","M","E","R","B",null,"R","$","E","B"],"character_chosen":"IRONCLAD","items_purchased":["Corruption","Anchor","Mummified Hand","Shrug It Off","Inflame+1","Evolve+1"],"campfire_rested":0,"item_purchase_floors":[20,20,37,37,37,53],"current_hp_per_floor":[79,80,79,78,78,58,58,40,40,22,27,27,32,38,38,30,74,69,63,63,68,62,76,76,76,76,33,26,23,41,76,76,14,70,69,89,89,89,87,89,89,89,89,89,89,89,89,89,89,89,89,89,89,85,0],"gold":87,"neow_bonus":"ONE_RARE_RELIC","is_prod":false,"is_daily":false,"chose_seed":false,"campfire_upgraded":8,"win_rate":0,"timestamp":1550551302,"path_taken":["M","M","M","?","?","E","R","?","T","E","M","R","M","M","R","BOSS","M","?","$","M","M","E","M","R","T","?","M","E","M","E","R","BOSS","M","?","$","M","M","E","R","?","T","$","R","?","M","E","R","BOSS","R","$","E","BOSS"],"build_version":"2019-01-23","purchased_purges":1,"victory":false,"max_hp_per_floor":[89,89,89,89,89,89,89,89,89,89,89,89,89,89,89,89,89,89,89,89,89,89,89,89,89,89,89,89,89,89,89,89,89,89,89,89,89,89,89,89,89,89,89,89,89,89,89,89,89,89,89,89,89,89,89],"card_choices":[{"not_picked":["Body Slam","Havoc"],"picked":"Anger","floor":1},{"not_picked":["Searing Blow","Flame Barrier"],"picked":"Shrug It Off","floor":2},{"not_picked":["Havoc","Heavy Blade"],"picked":"Offering","floor":3},{"not_picked":["Heavy Blade","Shrug It Off"],"picked":"Spot Weakness","floor":4},{"not_picked":["Havoc","Twin Strike"],"picked":"Shrug It Off","floor":6},{"not_picked":["Headbutt","Rampage"],"picked":"Clothesline","floor":10},{"not_picked":["Perfected Strike","Heavy Blade"],"picked":"True Grit","floor":11},{"not_picked":["Intimidate","Metallicize"],"picked":"Shrug It Off","floor":13},{"not_picked":["Headbutt","Sentinel"],"picked":"Feel No Pain","floor":14},{"not_picked":["Berserk","Exhume"],"picked":"Reaper","floor":16},{"not_picked":["Twin Strike","Body Slam"],"picked":"Armaments","floor":18},{"not_picked":["Iron Wave","Headbutt"],"picked":"Demon Form","floor":21},{"not_picked":["Warcry","Power Through"],"picked":"Sword Boomerang","floor":22},{"not_picked":["Sword Boomerang","Pommel Strike"],"picked":"Reckless Charge","floor":23},{"not_picked":["Warcry","Iron Wave"],"picked":"Pommel Strike","floor":24},{"not_picked":["Wild Strike","Iron Wave","Heavy Blade+1"],"picked":"Flame Barrier","floor":27},{"not_picked":["Inflame+1","Clothesline","Shrug It Off"],"picked":"Impervious","floor":28},{"not_picked":["Flex+1","Sword Boomerang","Havoc"],"picked":"Seeing Red","floor":29},{"not_picked":["Headbutt","Anger","Iron Wave"],"picked":"Warcry+1","floor":30},{"not_picked":["Body Slam","Havoc","Rupture+1"],"picked":"Iron Wave+1","floor":31},{"not_picked":["Bludgeon","Berserk+1","Impervious"],"picked":"Limit Break","floor":33},{"not_picked":["Headbutt","Thunderclap","True Grit+1"],"picked":"Pommel Strike+1","floor":35},{"not_picked":["Hemokinesis","Armaments","Inflame+1"],"picked":"Iron Wave","floor":36},{"not_picked":["Sword Boomerang","Rampage","Armaments"],"picked":"Sentinel","floor":38},{"not_picked":["Perfected Strike","Thunderclap","Sword Boomerang"],"picked":"Brutality+1","floor":39},{"not_picked":["Searing Blow+1","Pummel+1","Twin Strike"],"picked":"Seeing Red","floor":40},{"not_picked":["Shockwave+1","Pommel Strike","Disarm"],"picked":"Body Slam+1","floor":46},{"not_picked":["Battle Trance+1","Clash","Feed"],"picked":"Burning Pact","floor":47},{"not_picked":["Headbutt+1","Pommel Strike","Fire Breathing+1"],"picked":"Bloodletting","floor":48},{"not_picked":["Anger+1","Clothesline","True Grit"],"picked":"Burning Pact+1","floor":54}],"player_experience":473310,"relics_obtained":[{"floor":6,"key":"Boot"},{"floor":9,"key":"Self Forming Clay"},{"floor":10,"key":"Dead Branch"},{"floor":23,"key":"Frozen Egg 2"},{"floor":26,"key":"Question Card"},{"floor":27,"key":"Red Mask"},{"floor":29,"key":"War Paint"},{"floor":31,"key":"Mercury Hourglass"},{"floor":36,"key":"Ice Cream"},{"floor":40,"key":"Blood Vial"},{"floor":48,"key":"Lantern"},{"floor":54,"key":"Dodecahedron"}],"event_choices":[{"damage_healed":0,"gold_gain":0,"player_choice":"Leave","damage_taken":0,"max_hp_gain":0,"max_hp_loss":0,"event_name":"The Cleric","floor":5,"gold_loss":0},{"damage_healed":0,"gold_gain":0,"player_choice":"Success","damage_taken":18,"relics_obtained":["Torii"],"max_hp_gain":0,"max_hp_loss":0,"event_name":"Scrap Ooze","floor":8,"gold_loss":0},{"damage_healed":0,"gold_gain":0,"player_choice":"Joined the Cult","damage_taken":6,"max_hp_gain":0,"max_hp_loss":0,"event_name":"Nest","floor":19,"gold_loss":0,"cards_obtained":["RitualDagger"]},{"damage_healed":0,"gold_gain":0,"player_choice":"Fought Bandits","damage_taken":0,"max_hp_gain":0,"max_hp_loss":0,"event_name":"Masked Bandits","floor":27,"gold_loss":0},{"damage_healed":0,"gold_gain":0,"player_choice":"Fight","damage_taken":0,"max_hp_gain":0,"max_hp_loss":0,"event_name":"MindBloom","floor":36,"gold_loss":0},{"damage_healed":0,"gold_gain":0,"player_choice":"Got Potions","damage_taken":0,"max_hp_gain":0,"max_hp_loss":0,"event_name":"Lab","floor":42,"gold_loss":0}],"is_beta":false,"boss_relics":[{"not_picked":["Runic Dome","Velvet Choker"],"picked":"Astrolabe"},{"not_picked":["Eternal Feather","Runic Cube"],"picked":"Cursed Key"}],"items_purged_floors":[44],"is_endless":false,"potions_floor_spawned":[4,11,13,21,24,27,29,30,40,47,48],"killed_by":"The Heart","ascension_level":15}