{"path_per_floor":["M","?","?","?","M","R","E","R","T","$","M","R","M","?","R","B",null,"M","?","M","$","?","R","?","M","T","M","R","?","?","M","R","B",null,"M","?","?","M","M","R","M","R","T","M","M","R","$","M","R","B"],"character_chosen":"IRONCLAD","items_purchased":["Bag of Marbles"],"gold_per_floor":[116,116,116,66,78,78,107,107,107,32,50,50,62,62,62,160,160,177,177,196,96,96,96,96,115,141,157,157,82,82,95,95,194,224,237,237,237,250,264,264,281,281,281,291,309,309,35,54,54,54],"floor_reached":51,"campfire_rested":2,"playtime":883,"current_hp_per_floor":[80,80,80,80,80,80,90,90,90,90,88,88,76,76,76,73,90,90,72,67,67,95,95,95,95,95,91,91,91,91,95,95,86,100,84,84,84,90,91,91,66,66,66,25,16,61,61,48,93,59],"items_purged":["Defend_R","Strike_R","Strike_R"],"gold":54,"score":572,"play_id":"fa2a25ba-5de2-4038-9006-cc03c826c93f","local_time":"20180305181849","is_prod":false,"is_daily":false,"is_ascension_mode":false,"campfire_upgraded":9,"timestamp":1520241529,"path_taken":["M","?","?","?","M","R","E","R","T","$","M","R","?","?","R","BOSS","M","?","M","$","?","R","?","M","T","?","R","?","?","M","R","BOSS","M","?","?","M","M","R","M","R","T","M","?","R","$","M","R","BOSS"],"build_version":"2018-03-01-PROD1","purchased_purges":3,"victory":true,"master_deck":["Strike_R+1","Strike_R","Bash+1","Pummel+1","Flex+1","Limit Break+1","Bludgeon+1","Sword Boomerang+1","Battle Trance+1","Limit Break","Flex+1","Heavy Blade+1","Flex+1","Clash"],"max_hp_per_floor":[80,80,80,80,80,80,90,90,90,90,90,90,90,90,90,90,90,90,95,95,95,95,95,95,95,95,95,95,95,95,95,95,95,100,100,100,100,100,100,100,100,100,100,100,100,100,100,100,100,100],"relics":["Burning Blood","NeowsBlessing","Pear","Dead Branch","Runic Dome","Regal Pillow","Tiny House","Omamori","Bag of Marbles"],"card_choices":[{"not_picked":["Rupture","Spot Weakness"],"picked":"Pummel"},{"not_picked":["Sever Soul","Armaments"],"picked":"Flex"},{"not_picked":["Reaper","Battle Trance"],"picked":"Limit Break"},{"not_picked":["Havoc","Headbutt"],"picked":"Bludgeon"},{"not_picked":["Pommel Strike","Wild Strike"],"picked":"Sword Boomerang"},{"not_picked":["Blood for Blood","Headbutt"],"picked":"Inflame"},{"not_picked":["Shrug It Off","Power Through"],"picked":"Battle Trance"},{"not_picked":["Bludgeon","Demon Form"],"picked":"Limit Break"},{"not_picked":["Rage","Cleave"],"picked":"Flex"},{"not_picked":["Evolve","Seeing Red"],"picked":"Heavy Blade"},{"not_picked":["Headbutt","Dropkick"],"picked":"Flex"},{"not_picked":["Reaper","Armaments"],"picked":"Clash"}],"player_experience":261540,"potions_floor_usage":[45],"damage_taken":[{"damage":0,"enemies":"Jaw Worm","floor":1,"turns":1},{"damage":0,"enemies":"2 Louse","floor":5,"turns":1},{"damage":0,"enemies":"Lagavulin","floor":7,"turns":1},{"damage":8,"enemies":"Small Slimes","floor":11,"turns":2},{"damage":18,"enemies":"2 Fungi Beasts","floor":13,"turns":3},{"damage":9,"enemies":"Slime Boss","floor":16,"turns":6},{"damage":0,"enemies":"Shell Parasite","floor":18,"turns":1},{"damage":11,"enemies":"3 Byrds","floor":20,"turns":3},{"damage":6,"enemies":"3 Cultists","floor":25,"turns":3},{"damage":10,"enemies":"Chosen and Byrds","floor":27,"turns":3},{"damage":0,"enemies":"Cultist and Chosen","floor":31,"turns":3},{"damage":15,"enemies":"Champ","floor":33,"turns":3},{"damage":22,"enemies":"3 Darklings","floor":35,"turns":4},{"damage":0,"enemies":"Orb Walker","floor":38,"turns":1},{"damage":5,"enemies":"Maw","floor":39,"turns":4},{"damage":31,"enemies":"3 Darklings","floor":41,"turns":3},{"damage":47,"enemies":"4 Shapes","floor":44,"turns":4},{"damage":15,"enemies":"Sphere and 2 Shapes","floor":45,"turns":2},{"damage":19,"enemies":"3 Darklings","floor":48,"turns":2},{"damage":40,"enemies":"Awakened One","floor":50,"turns":3}],"event_choices":[{"event_name":"Living Wall","player_choice":"Forget","floor":2,"damage_taken":0},{"event_name":"Liars Game","player_choice":"disagreed","floor":3,"damage_taken":0},{"event_name":"The Cleric","player_choice":"Card Removal","floor":4,"damage_taken":0},{"event_name":"Purifier","player_choice":"One Purge","floor":14,"damage_taken":0},{"event_name":"Forgotten Altar","player_choice":"Shed Blood","floor":19,"damage_taken":0},{"event_name":"The Library","player_choice":"Heal","floor":22,"damage_taken":0},{"event_name":"The Mausoleum","player_choice":"No","floor":24,"damage_taken":0},{"event_name":"Beggar","player_choice":"Gave Gold","floor":29,"damage_taken":0},{"event_name":"Drug Dealer","player_choice":"Ignored","floor":30,"damage_taken":0},{"event_name":"Tomb of Lord Red Mask","player_choice":"Ignored","floor":36,"damage_taken":0}],"boss_relics":[{"not_picked":["Pandora\u0027s Box","White Beast Statue"],"picked":"Runic Dome"},{"not_picked":["Eternal Feather","Lizard Tail"],"picked":"Tiny House"}],"potions_floor_spawned":[1,7,13,18,20,27,31,38,41],"seed_played":"-6994199022635522787","ascension_level":0,"is_trial":false}