{"gold_per_floor":[119,137,312,262,272,347,366,381,381,7,28,58,58,68,68,173,173,190,105,105,121,135,135,166,66,66,66,66,99,119,82,82,177,177,187,198,218,25,25,25,59,79,79,79,89,138,138,0,0,0],"floor_reached":50,"playtime":3547,"items_purged":["Defend_B","Strike_B","Strike_B"],"score":721,"play_id":"b1f0bae6-79bd-4ac5-9f1c-67fe9088a423","local_time":"20181112043231","is_ascension_mode":true,"campfire_choices":[{"data":"Apotheosis","floor":13.0,"key":"SMITH"},{"floor":15.0,"key":"RECALL"},{"data":"Storm","floor":23,"key":"SMITH"},{"data":"Defragment","floor":27,"key":"SMITH"},{"data":"Self Repair","floor":32,"key":"SMITH"},{"data":"Zap","floor":40,"key":"SMITH"},{"data":"1","floor":47,"key":"LIFT"},{"data":"2","floor":49,"key":"LIFT"}],"neow_cost":"NONE","seed_source_timestamp":2747681767892311,"circlet_count":0,"master_deck":["Strike_B","Strike_B","Defend_B","Defend_B+1","Defend_B+1","Zap+1","Dualcast","Genetic Algorithm","Cold Snap","Self Repair+1","BootSequence","Defragment+1","Bandage Up","Storm+1","Apotheosis+1","Rebound+1","Go for the Eyes+1","Cold Snap+1","Rainbow","Ball Lightning+1","Streamline+1","Sunder+1","Consume","Sunder+1","Echo Form","Capacitor","Heatsinks+1","Streamline+1","Electrodynamics","Double Energy+1","Amplify","Capacitor","Amplify","Darkness+1","Hologram","Streamline+1"],"special_seed":0,"relics":["Cracked Core","War Paint","Molten Egg 2","Odd Mushroom","Meat on the Bone","Snecko Eye","Mercury Hourglass","Blue Candle","Mummified Hand","Ginger","Orrery","Darkstone Periapt","Girya","Red Mask"],"potions_floor_usage":[21,24,29,46,46,50],"damage_taken":[{"damage":0.0,"enemies":"Small Slimes","floor":1.0,"turns":3.0},{"damage":0.0,"enemies":"2 Louse","floor":2.0,"turns":3.0},{"damage":0.0,"enemies":"Jaw Worm","floor":5.0,"turns":4.0},{"damage":8.0,"enemies":"Looter","floor":7.0,"turns":4.0},{"damage":2.0,"enemies":"Exordium Wildlife","floor":8.0,"turns":4.0},{"damage":10.0,"enemies":"The Mushroom Lair","floor":11.0,"turns":4.0},{"damage":1.0,"enemies":"3 Sentries","floor":12.0,"turns":6.0},{"damage":0.0,"enemies":"Exordium Thugs","floor":14.0,"turns":4.0},{"damage":23.0,"enemies":"Hexaghost","floor":16.0,"turns":9.0},{"damage":12,"enemies":"Spheric Guardian","floor":18,"turns":4},{"damage":36,"enemies":"Colosseum Slavers","floor":20,"turns":5},{"damage":5,"enemies":"Shell Parasite","floor":21,"turns":6},{"damage":12,"enemies":"Shelled Parasite and Fungi","floor":22,"turns":5},{"damage":10,"enemies":"Slavers","floor":24,"turns":6},{"damage":0,"enemies":"Gremlin Leader","floor":29,"turns":5},{"damage":7,"enemies":"Sentry and Sphere","floor":30,"turns":3},{"damage":12,"enemies":"Champ","floor":33,"turns":7},{"damage":1,"enemies":"3 Shapes","floor":35,"turns":3},{"damage":41,"enemies":"3 Darklings","floor":36,"turns":3},{"damage":22,"enemies":"Jaw Worm Horde","floor":37,"turns":4},{"damage":13,"enemies":"Reptomancer","floor":41,"turns":4},{"damage":0,"enemies":"Writhing Mass","floor":42,"turns":3},{"damage":0,"enemies":"Transient","floor":45,"turns":5},{"damage":20,"enemies":"2 Orb Walkers","floor":46,"turns":3},{"damage":72,"enemies":"Time Eater","floor":50,"turns":3}],"seed_played":"-6385137496725377681","potions_obtained":[{"floor":1.0,"key":"Energy Potion"},{"floor":8.0,"key":"EssenceOfSteel"},{"floor":11.0,"key":"Block Potion"},{"floor":12.0,"key":"Fire Potion"},{"floor":18,"key":"Poison Potion"},{"floor":21,"key":"Block Potion"},{"floor":22,"key":"Fire Potion"},{"floor":35,"key":"FocusPotion"},{"floor":42,"key":"Swift Potion"}],"is_trial":false,"path_per_floor":["M","M","?","?","M","?","M","M","T","$","?","E","R","M","R","B",null,"M","?","?","M","M","R","E","$","T","R","$","E","M","$","R","B",null,"M","M","M","$","?","R","E","M","T","$","M","?","R","?","R","B"],"character_chosen":"DEFECT","items_purchased":["Bandage Up","Storm","Apotheosis","Sunder+1","Capacitor"],"campfire_rested":0,"item_purchase_floors":[10,10,10,31,38],"current_hp_per_floor":[68,68,68,68,68,57,56,61,61,61,67,75,75,75,75,68,73,61,61,47,56,55,55,58,58,58,58,58,65,74,74,74,72,74,73,46,52,52,52,52,45,73,73,73,75,59,59,59,59,0],"gold":0,"neow_bonus":"RANDOM_COMMON_RELIC","is_prod":false,"is_daily":false,"chose_seed":false,"campfire_upgraded":5,"win_rate":0,"timestamp":1541993551,"path_taken":["M","M","?","?","M","?","M","M","T","$","?","E","R","M","R","BOSS","M","?","?","M","M","R","E","$","T","R","?","E","M","$","R","BOSS","M","M","M","$","?","R","E","M","T","$","M","?","R","?","R","BOSS"],"build_version":"2018-11-08","purchased_purges":3,"victory":false,"max_hp_per_floor":[75,75,75,75,75,75,75,75,75,75,75,75,75,75,75,75,75,75,75,75,75,75,75,75,75,75,75,75,75,75,75,75,75,75,75,75,75,75,75,75,75,75,75,75,75,75,75,75,75,75],"card_choices":[{"not_picked":["Tempest","Reinforced Body"],"picked":"Genetic Algorithm","floor":1.0},{"not_picked":["Stack","Redo"],"picked":"Cold Snap","floor":2.0},{"not_picked":["Streamline","Melter"],"picked":"Self Repair","floor":5.0},{"not_picked":["Scrape","Hologram"],"picked":"BootSequence","floor":7.0},{"not_picked":["Heatsinks","Compile Driver"],"picked":"Defragment","floor":8.0},{"not_picked":["Beam Cell+1","Darkness"],"picked":"Rebound+1","floor":11.0},{"not_picked":["Steam Power","Ball Lightning+1"],"picked":"Go for the Eyes+1","floor":12.0},{"not_picked":["Tempest","Fission"],"picked":"Cold Snap+1","floor":14.0},{"not_picked":["Meteor Strike+1","Echo Form"],"picked":"Rainbow","floor":16.0},{"not_picked":["Static Discharge","Double Energy"],"picked":"Ball Lightning+1","floor":18},{"not_picked":["Turbo","Ball Lightning+1","Beam Cell+1"],"picked":"SKIP","floor":21},{"not_picked":["Steam","BootSequence"],"picked":"Streamline+1","floor":22},{"not_picked":["Coolheaded","Conserve Battery"],"picked":"Sunder+1","floor":24},{"not_picked":["Aggregate","Scrape+1"],"picked":"Consume","floor":29},{"not_picked":["Leap","Steam","Darkness"],"picked":"SKIP","floor":30},{"not_picked":["Seek","Core Surge+1"],"picked":"Echo Form","floor":33},{"not_picked":["Conserve Battery","Rebound+1"],"picked":"Capacitor","floor":34},{"not_picked":["Reinforced Body+1","Tempest"],"picked":"Heatsinks+1","floor":34},{"not_picked":["Redo","Fusion+1"],"picked":"Recycle","floor":34},{"not_picked":["Ball Lightning+1","Beam Cell+1"],"picked":"Streamline+1","floor":34},{"not_picked":["Reinforced Body","Sweeping Beam+1"],"picked":"Electrodynamics","floor":34},{"not_picked":["Steam","Go for the Eyes+1"],"picked":"Double Energy+1","floor":35},{"not_picked":["Steam","Rebound+1","Beam Cell+1"],"picked":"SKIP","floor":36},{"not_picked":["Compile Driver+1","Go for the Eyes+1"],"picked":"Amplify","floor":37},{"not_picked":["Redo","Steam"],"picked":"Amplify","floor":41},{"not_picked":["Hologram","Scrape+1"],"picked":"Darkness+1","floor":42},{"not_picked":["Beam Cell+1","Auto Shields+1"],"picked":"Hologram","floor":45},{"not_picked":["Coolheaded","Aggregate+1"],"picked":"Streamline+1","floor":46}],"player_experience":326502,"relics_obtained":[{"floor":9.0,"key":"Molten Egg 2"},{"floor":11.0,"key":"Odd Mushroom"},{"floor":12.0,"key":"Meat on the Bone"},{"floor":24,"key":"Blue Candle"},{"floor":26,"key":"Mummified Hand"},{"floor":29,"key":"Ginger"},{"floor":41,"key":"Darkstone Periapt"},{"floor":46,"key":"Girya"}],"event_choices":[{"damage_healed":0.0,"max_hp_gain":0.0,"max_hp_loss":0.0,"gold_gain":175.0,"event_name":"Liars Game","player_choice":"AGREE","floor":3.0,"gold_loss":0.0,"damage_taken":0.0,"cards_obtained":["Doubt"]},{"cards_removed":["Doubt"],"damage_healed":0.0,"max_hp_gain":0.0,"max_hp_loss":0.0,"gold_gain":0.0,"event_name":"The Cleric","player_choice":"Card Removal","floor":4.0,"gold_loss":50.0,"damage_taken":0.0},{"damage_healed":0.0,"max_hp_gain":0.0,"max_hp_loss":0.0,"gold_gain":75.0,"event_name":"World of Goop","player_choice":"Gather Gold","floor":6.0,"gold_loss":0.0,"damage_taken":11.0},{"damage_healed":0.0,"max_hp_gain":0.0,"max_hp_loss":0.0,"gold_gain":0.0,"event_name":"Mushrooms","player_choice":"Fought Mushrooms","floor":11.0,"gold_loss":0.0,"damage_taken":0.0},{"damage_healed":0,"gold_gain":0,"player_choice":"Obtained Relic","damage_taken":0,"relics_obtained":["Mercury Hourglass"],"max_hp_gain":0,"max_hp_loss":0,"event_name":"Addict","floor":19,"gold_loss":85},{"damage_healed":0,"gold_gain":0,"player_choice":"Fight","damage_taken":0,"max_hp_gain":0,"max_hp_loss":0,"event_name":"Colosseum","floor":20,"gold_loss":0},{"damage_healed":0,"gold_gain":0,"player_choice":"Fled From Nobs","damage_taken":0,"max_hp_gain":0,"max_hp_loss":0,"event_name":"Colosseum","floor":20,"gold_loss":0},{"cards_removed":["Recycle"],"damage_healed":0,"gold_gain":0,"player_choice":"Removed Skill","damage_taken":0,"max_hp_gain":0,"max_hp_loss":0,"event_name":"Falling","floor":39,"gold_loss":0},{"damage_healed":0,"gold_gain":0,"player_choice":"Fight","damage_taken":0,"max_hp_gain":0,"max_hp_loss":0,"event_name":"Mysterious Sphere","floor":46,"gold_loss":0},{"damage_healed":0,"gold_gain":0,"player_choice":"Paid","damage_taken":0,"relics_obtained":["Red Mask"],"max_hp_gain":0,"max_hp_loss":0,"event_name":"Tomb of Lord Red Mask","floor":48,"gold_loss":138}],"is_beta":true,"boss_relics":[{"not_picked":["Calling Bell","Velvet Choker"],"picked":"Snecko Eye"},{"not_picked":["Pandora\u0027s Box","Runic Dome"],"picked":"Orrery"}],"items_purged_floors":[10,25,38],"is_endless":false,"potions_floor_spawned":[1,8,11,12,18,20,21,22,35,42,45],"killed_by":"Time Eater","ascension_level":6}