{"path_per_floor":["M","?","$","M","?","R","$","R","T","M","E","M","E","M","R","B",null,"M","?","M","M","$","E","R","$","T","?","M","M","R","E","R"],"character_chosen":"IRONCLAD","items_purchased":["Apotheosis","Feel No Pain","Cleave","Whirlwind","Bandage Up","Feed"],"gold_per_floor":[362,362,24,44,144,144,15,15,15,28,63,80,107,122,122,217,217,231,146,161,174,3,29,29,29,53,23,38,56,56,89,89],"floor_reached":33,"campfire_rested":1,"playtime":1383,"current_hp_per_floor":[66,63,63,69,69,69,69,69,69,77,77,76,70,76,76,37,67,55,55,44,56,56,33,33,33,33,33,35,43,43,33,56],"items_purged":["Parasite","Injury"],"gold":89,"score":457,"play_id":"d34d5c67-e79b-47c3-8d63-b91c9ce95ff5","local_time":"20180322184714","is_prod":false,"is_daily":false,"is_ascension_mode":true,"campfire_upgraded":5,"timestamp":1521712034,"path_taken":["M","?","$","M","?","R","$","R","T","?","E","M","E","M","R","BOSS","M","?","M","M","$","E","R","?","T","?","?","M","R","E","R","BOSS"],"build_version":"2018-03-15v3","purchased_purges":2,"victory":false,"master_deck":["Strike_R","Strike_R","Strike_R","Strike_R","Strike_R","Defend_R","Defend_R","Defend_R","Defend_R","Bash","Flex","Apotheosis+1","Feel No Pain+1","Cleave","Iron Wave","Whirlwind+1","Bandage Up","Metallicize+1","Heavy Blade","Thunderclap","Limit Break","Warcry","Spot Weakness+1","Feed","Brutality","Seeing Red"],"max_hp_per_floor":[80,80,77,77,77,77,77,77,77,77,77,77,77,77,77,77,77,77,77,77,77,77,77,77,77,77,77,77,77,77,77,77],"relics":["Burning Blood","Champion Belt","Art of War","Ice Cream","Mark of Pain","Orichalcum","Smiling Mask","Blood Vial","Pen Nib"],"card_choices":[{"not_picked":["Metallicize","Combust"],"picked":"Flex"},{"not_picked":["Sword Boomerang","Body Slam"],"picked":"Iron Wave"},{"not_picked":["Perfected Strike","Body Slam"],"picked":"Metallicize"},{"not_picked":["Thunderclap","Havoc"],"picked":"Heavy Blade"},{"not_picked":["Clothesline","Heavy Blade"],"picked":"Thunderclap"},{"not_picked":["Immolate","Impervious"],"picked":"Limit Break"},{"not_picked":["Anger","Pommel Strike"],"picked":"Warcry"},{"not_picked":["Intimidate","Flame Barrier"],"picked":"Spot Weakness"},{"not_picked":["Limit Break","Uppercut"],"picked":"Brutality"},{"not_picked":["Sentinel","Body Slam"],"picked":"Seeing Red"}],"player_experience":334068,"potions_floor_usage":[12,23,23,23,28,31,31,31],"damage_taken":[{"damage":12,"enemies":"2 Louse","floor":1,"turns":4},{"damage":0,"enemies":"Small Slimes","floor":4,"turns":4},{"damage":4,"enemies":"Jaw Worm","floor":10,"turns":3},{"damage":9,"enemies":"Lagavulin","floor":11,"turns":7},{"damage":7,"enemies":"Looter","floor":12,"turns":3},{"damage":12,"enemies":"3 Sentries","floor":13,"turns":4},{"damage":6,"enemies":"Red Slaver","floor":14,"turns":3},{"damage":49,"enemies":"Slime Boss","floor":16,"turns":11},{"damage":24,"enemies":"Chosen","floor":18,"turns":7},{"damage":21,"enemies":"2 Thieves","floor":20,"turns":5},{"damage":0,"enemies":"3 Cultists","floor":21,"turns":5},{"damage":47,"enemies":"Gremlin Leader","floor":23,"turns":7},{"damage":10,"enemies":"Snake Plant","floor":28,"turns":4},{"damage":4,"enemies":"Snecko","floor":29,"turns":6},{"damage":22,"enemies":"Slavers","floor":31,"turns":5},{"damage":67,"enemies":"Champ","floor":33,"turns":8}],"event_choices":[{"event_name":"Scrap Ooze","player_choice":"success","floor":2,"damage_taken":3},{"event_name":"Wheel of Change","player_choice":"Gold","floor":5,"damage_taken":0},{"event_name":"Addict","player_choice":"Obtained Relic","floor":19,"damage_taken":0},{"event_name":"The Woman in Blue","player_choice":"Bought 2 Potions","floor":27,"damage_taken":0}],"boss_relics":[{"not_picked":["Eternal Feather","Runic Pyramid"],"picked":"Mark of Pain"}],"potions_floor_spawned":[1,11,13,14,16,18,23,28],"seed_played":"9088034364674852783","killed_by":"Champ","ascension_level":11,"is_trial":false}