{"gold_per_floor":[117,117,30,45,65,99,99,124,124,124],"floor_reached":10,"playtime":368,"items_purged":[],"score":122,"play_id":"f5747a2d-e93f-4606-b36e-29d38d96dc09","local_time":"20190116104839","is_ascension_mode":true,"campfire_choices":[],"neow_cost":"NONE","seed_source_timestamp":498677103257900,"circlet_count":0,"master_deck":["AscendersBane","Strike_B","Strike_B","Strike_B","Defend_B","Defend_B","Defend_B","Defend_B","Zap","Dualcast","Amplify","Streamline","Capacitor","Sunder","Auto Shields","Heatsinks","Conserve Battery"],"relics":["Cracked Core","Shuriken","DataDisk","Odd Mushroom","Turnip"],"potions_floor_usage":[6,6,10],"damage_taken":[{"damage":7,"enemies":"Small Slimes","floor":1,"turns":3},{"damage":7,"enemies":"Jaw Worm","floor":4,"turns":3},{"damage":0,"enemies":"2 Louse","floor":5,"turns":1},{"damage":11,"enemies":"3 Sentries","floor":6,"turns":7},{"damage":15,"enemies":"The Mushroom Lair","floor":8,"turns":4},{"damage":13,"enemies":"Lagavulin","floor":10,"turns":4}],"seed_played":"-5901508403967482364","potions_obtained":[{"floor":1,"key":"AttackPotion"},{"floor":5,"key":"EssenceOfSteel"},{"floor":8,"key":"SkillPotion"}],"is_trial":false,"path_per_floor":["M","?","$","M","M","E","?","?","T","E"],"character_chosen":"DEFECT","items_purchased":["Capacitor"],"campfire_rested":0,"item_purchase_floors":[3],"current_hp_per_floor":[57,50,50,43,43,32,21,6,6,0],"gold":124,"neow_bonus":"ONE_RANDOM_RARE_CARD","is_prod":false,"is_daily":false,"chose_seed":false,"campfire_upgraded":0,"win_rate":0,"timestamp":1547664519,"path_taken":["M","?","$","M","M","E","?","?","T","E"],"build_version":"2019-01-10","purchased_purges":0,"victory":false,"max_hp_per_floor":[71,71,71,71,71,71,71,71,71,71],"card_choices":[{"not_picked":["Reinforced Body","Go for the Eyes"],"picked":"Streamline","floor":1},{"not_picked":["Steam","Compile Driver"],"picked":"Sunder","floor":4},{"not_picked":["Chaos","Force Field"],"picked":"Auto Shields","floor":5},{"not_picked":["Blizzard","Darkness"],"picked":"Heatsinks","floor":6},{"not_picked":["Beam Cell","Redo"],"picked":"Conserve Battery","floor":8}],"player_experience":497229,"relics_obtained":[{"floor":6,"key":"Shuriken"},{"floor":8,"key":"Odd Mushroom"},{"floor":9,"key":"Turnip"}],"event_choices":[{"cards_removed":["Strike_B"],"damage_healed":0,"gold_gain":0,"player_choice":"Card Removal","damage_taken":7,"max_hp_gain":0,"max_hp_loss":0,"event_name":"Golden Wing","floor":2,"gold_loss":0},{"damage_healed":0,"gold_gain":0,"player_choice":"Success","damage_taken":11,"relics_obtained":["DataDisk"],"max_hp_gain":0,"max_hp_loss":0,"event_name":"Scrap Ooze","floor":7,"gold_loss":0},{"damage_healed":0,"gold_gain":0,"player_choice":"Fought Mushrooms","damage_taken":0,"max_hp_gain":0,"max_hp_loss":0,"event_name":"Mushrooms","floor":8,"gold_loss":0}],"is_beta":false,"boss_relics":[],"items_purged_floors":[],"is_endless":false,"potions_floor_spawned":[1,5,8],"killed_by":"Lagavulin","ascension_level":17}