{"gold_per_floor":[117,117,6,23,23,23,35,35,61,61,61,61,61,31,31,127,127,140,159,74,5,19,19,19,19,19,19],"floor_reached":27,"playtime":688,"items_purged":[],"score":335,"play_id":"dbe191b6-6fea-4745-9243-85926144a108","local_time":"20190222184840","is_ascension_mode":true,"campfire_choices":[{"data":"Zap","floor":6.0,"key":"SMITH"},{"data":"Defragment","floor":8.0,"key":"SMITH"},{"data":"Capacitor","floor":10.0,"key":"SMITH"},{"floor":15.0,"key":"REST"},{"floor":23,"key":"REST"},{"data":"Fission","floor":25,"key":"SMITH"}],"neow_cost":"NONE","seed_source_timestamp":82550358507462,"circlet_count":0,"master_deck":["AscendersBane","Strike_B","Strike_B","Strike_B","Defend_B","Defend_B+1","Defend_B","Defend_B","Zap+1","Dualcast","Purity","Consume","Capacitor+1","Steam Power+1","Chaos+1","Defragment+1","Self Repair","Fission+1","Capacitor","Pain"],"special_seed":0,"relics":["Cracked Core","Juzu Bracelet","Boot","Golden Idol","Cursed Key","Dodecahedron","Gremlin Horn"],"potions_floor_usage":[16,16,22,27,27],"damage_taken":[{"damage":7.0,"enemies":"Jaw Worm","floor":1.0,"turns":3.0},{"damage":11.0,"enemies":"Cultist","floor":4.0,"turns":5.0},{"damage":1.0,"enemies":"2 Louse","floor":7.0,"turns":3.0},{"damage":2.0,"enemies":"Looter","floor":14.0,"turns":4.0},{"damage":18,"enemies":"The Guardian","floor":16,"turns":7},{"damage":16,"enemies":"Chosen","floor":18,"turns":9},{"damage":24,"enemies":"3 Byrds","floor":19,"turns":5},{"damage":31,"enemies":"Snake Plant","floor":22,"turns":5},{"damage":35,"enemies":"Colosseum Slavers","floor":27,"turns":3}],"seed_played":"6423883434932578408","potions_obtained":[{"floor":1.0,"key":"Fire Potion"},{"floor":4.0,"key":"EssenceOfSteel"},{"floor":16,"key":"EssenceOfSteel"},{"floor":18,"key":"Explosive Potion"},{"floor":22,"key":"Poison Potion"}],"is_trial":false,"path_per_floor":["M","?","$","M","?","R","M","R","T","R","?","?","?","M","R","B",null,"M","M","?","$","M","R","?","R","T","?"],"character_chosen":"DEFECT","items_purchased":["Capacitor","Steam Power","Capacitor"],"campfire_rested":2,"item_purchase_floors":[3,3,21],"current_hp_per_floor":[57,57,57,46,46,46,45,45,45,45,42,25,11,9,30,19,58,49,32,32,32,8,29,29,29,29,0],"gold":19,"neow_bonus":"RANDOM_COLORLESS","is_prod":false,"is_daily":false,"chose_seed":false,"campfire_upgraded":4,"win_rate":0,"timestamp":1550821720,"path_taken":["M","?","?","M","?","R","M","R","T","R","?","?","?","M","R","BOSS","M","M","?","$","M","R","?","R","T","?"],"build_version":"2019-01-23","purchased_purges":0,"victory":false,"max_hp_per_floor":[71,71,71,71,71,71,71,71,71,71,71,71,71,71,71,71,71,71,71,71,71,71,71,71,71,71,71],"card_choices":[{"not_picked":["Skim","Redo"],"picked":"Consume","floor":1.0},{"not_picked":["Stack","Cold Snap"],"picked":"Chaos","floor":4.0},{"not_picked":["Undo","Leap"],"picked":"Defragment","floor":7.0},{"not_picked":["Streamline","Storm"],"picked":"Self Repair","floor":14.0},{"not_picked":["Seek","Amplify"],"picked":"Fission","floor":16},{"not_picked":["Gash","Hologram","Streamline"],"picked":"SKIP","floor":18},{"not_picked":["Cold Snap","Rebound","Storm"],"picked":"SKIP","floor":19},{"not_picked":["Hologram","Coolheaded+1","Compile Driver"],"picked":"SKIP","floor":22}],"player_experience":736892,"relics_obtained":[{"floor":9.0,"key":"Juzu Bracelet"},{"floor":26,"key":"Gremlin Horn"}],"event_choices":[{"cards_removed":["Strike_B"],"damage_healed":0.0,"max_hp_gain":0.0,"max_hp_loss":0.0,"gold_gain":0.0,"event_name":"Bonfire Elementals","player_choice":"Offered Basic","floor":2.0,"gold_loss":0.0,"damage_taken":0.0},{"damage_healed":0.0,"max_hp_gain":0.0,"max_hp_loss":0.0,"gold_gain":0.0,"event_name":"Living Wall","player_choice":"Grow","floor":5.0,"gold_loss":0.0,"damage_taken":0.0,"cards_upgraded":["Chaos"]},{"damage_healed":0.0,"max_hp_gain":0.0,"max_hp_loss":0.0,"gold_gain":0.0,"event_name":"Scrap Ooze","player_choice":"Success","floor":11.0,"gold_loss":0.0,"damage_taken":3.0,"relics_obtained":["Boot"]},{"damage_healed":0.0,"max_hp_gain":0.0,"max_hp_loss":0.0,"gold_gain":0.0,"event_name":"Golden Idol","player_choice":"Take Damage","floor":12.0,"gold_loss":0.0,"damage_taken":17.0,"relics_obtained":["Golden Idol"]},{"damage_healed":0.0,"max_hp_gain":0.0,"max_hp_loss":0.0,"gold_gain":0.0,"event_name":"Shining Light","player_choice":"Entered Light","floor":13.0,"gold_loss":0.0,"damage_taken":14.0,"cards_upgraded":["Defend_B","Steam Power"]},{"damage_healed":0,"gold_gain":0,"player_choice":"Obtained Relic","damage_taken":0,"relics_obtained":["Dodecahedron"],"max_hp_gain":0,"max_hp_loss":0,"event_name":"Addict","floor":20,"gold_loss":85},{"damage_healed":0,"gold_gain":0,"player_choice":"Ignored","damage_taken":0,"max_hp_gain":0,"max_hp_loss":0,"event_name":"Vampires","floor":24,"gold_loss":0},{"damage_healed":0,"gold_gain":0,"player_choice":"Fight","damage_taken":0,"max_hp_gain":0,"max_hp_loss":0,"event_name":"Colosseum","floor":27,"gold_loss":0}],"is_beta":false,"boss_relics":[{"not_picked":["Coffee Dripper","Tiny House"],"picked":"Cursed Key"}],"items_purged_floors":[],"is_endless":false,"potions_floor_spawned":[1,4,16,18,19,22],"killed_by":"Colosseum Slavers","ascension_level":14}