{"path_per_floor":["M","$","M","?","M","E","R","M","T","T","R","E","?","$","R","B",null,"M","?","$","?","M","R"],"character_chosen":"DEFECT","items_purchased":["Static Discharge","Coolheaded","Capacitor","Coolheaded+1"],"gold_per_floor":[111,25,41,41,56,88,88,74,74,99,99,127,127,20,20,117,117,133,133,58,58,78,78,78],"floor_reached":24,"campfire_rested":2,"playtime":1039,"item_purchase_floors":[2,2,14,14],"current_hp_per_floor":[66,66,64,49,43,23,45,39,39,39,61,33,26,26,26,4,57,47,47,47,47,40,40,0],"items_purged":["Decay"],"gold":78,"score":313,"play_id":"62a04c86-7eb0-40b1-bac6-67d028f78101","local_time":"20180602205912","is_prod":false,"is_daily":false,"chose_seed":false,"is_ascension_mode":true,"campfire_upgraded":2,"win_rate":0,"timestamp":1527965952,"campfire_choices":[{"floor":7,"key":"REST"},{"floor":11,"key":"REST"},{"data":"Zap","floor":15,"key":"SMITH"},{"data":"Biased Cognition","floor":23,"key":"SMITH"}],"path_taken":["M","$","M","?","M","E","R","?","T","?","R","E","?","?","R","BOSS","M","?","?","?","M","R","E"],"build_version":"2018-05-31","seed_source_timestamp":133111728249517,"purchased_purges":1,"victory":false,"master_deck":["Strike_B","Strike_B","Strike_B","Defend_B","Defend_B","Defend_B+1","Defend_B","Zap+1","Dualcast","AscendersBane","Amplify","Rebound","Static Discharge+1","Coolheaded","Biased Cognition+1","Barrage","White Noise","Stack","Chill+1","Capacitor+1","Coolheaded+1","Core Surge","White Noise+1","Injury","Recycle+1"],"max_hp_per_floor":[75,75,75,75,75,75,75,75,75,75,75,75,75,75,75,75,75,75,75,75,75,75,75,75],"relics":["Cracked Core","Matryoshka","Toxic Egg 2","Sundial","Juzu Bracelet","Happy Flower","Oddly Smooth Stone","Sozu"],"card_choices":[{"not_picked":["Turbo","Beam Cell"],"picked":"Rebound","floor":1},{"not_picked":["Skim","Stack"],"picked":"Biased Cognition","floor":3},{"not_picked":["Static Discharge","Beam Cell"],"picked":"Barrage","floor":5},{"not_picked":["Beam Cell","Redo"],"picked":"White Noise","floor":6},{"not_picked":["Beam Cell","Streamline"],"picked":"Stack","floor":8},{"not_picked":["Steam Power+1","Doom and Gloom"],"picked":"Chill+1","floor":12},{"not_picked":["Seek+1","Biased Cognition"],"picked":"Core Surge","floor":16},{"not_picked":["Stack+1","Rebound"],"picked":"White Noise+1","floor":18},{"not_picked":["Double Energy+1","Redo+1"],"picked":"Recycle+1","floor":22}],"player_experience":597194,"potions_floor_usage":[3,6,24],"damage_taken":[{"damage":2,"enemies":"2 Louse","floor":1,"turns":3},{"damage":2,"enemies":"Jaw Worm","floor":3,"turns":3},{"damage":6,"enemies":"Cultist","floor":5,"turns":3},{"damage":20,"enemies":"3 Sentries","floor":6,"turns":6},{"damage":13,"enemies":"Exordium Thugs","floor":8,"turns":4},{"damage":28,"enemies":"Lagavulin","floor":12,"turns":6},{"damage":22,"enemies":"Hexaghost","floor":16,"turns":7},{"damage":10,"enemies":"Spheric Guardian","floor":18,"turns":3},{"damage":7,"enemies":"Shell Parasite","floor":22,"turns":4},{"damage":47,"enemies":"Slavers","floor":24,"turns":6}],"relics_obtained":[{"floor":6,"key":"Matryoshka"},{"floor":9,"key":"Toxic Egg 2"},{"floor":9,"key":"Sundial"},{"floor":10,"key":"Juzu Bracelet"},{"floor":10,"key":"Happy Flower"},{"floor":12,"key":"Oddly Smooth Stone"}],"event_choices":[{"event_name":"Shining Light","player_choice":"Entered Light","floor":4,"damage_taken":0},{"event_name":"Golden Wing","player_choice":"Card Removal","floor":13,"damage_taken":0},{"event_name":"Forgotten Altar","player_choice":"Smashed Altar","floor":19,"damage_taken":0},{"event_name":"Accursed Blacksmith","player_choice":"Forge","floor":21,"damage_taken":0}],"boss_relics":[{"not_picked":["Cursed Key","Runic Pyramid"],"picked":"Sozu"}],"items_purged_floors":[20],"potions_floor_spawned":[1,5,6,8,22],"seed_played":"-666895245849709160","killed_by":"Slavers","ascension_level":11,"potions_obtained":[{"floor":1,"key":"SteroidPotion"},{"floor":5,"key":"LiquidBronze"},{"floor":6,"key":"SpeedPotion"},{"floor":8,"key":"Explosive Potion"}],"is_trial":false}