{"gold_per_floor":[17,37,56,66,77,77,77,77,158,158,171,171,171,188,188,283,283,293,293,317,25,35,64,78,78,105,122,37,64,26,40,40,137,137,148,165,115,132,150,150,177,193,193,13,45,45,145,155,155,155],"floor_reached":50,"playtime":3407,"items_purged":["Strike_G+1","Pain","Parasite"],"score":871,"play_id":"1740b098-7192-4733-8e59-2335b110af08","local_time":"20190308092353","is_ascension_mode":true,"campfire_choices":[{"data":"Strike_G","floor":6.0,"key":"PURGE"},{"data":"Strike_G","floor":8.0,"key":"PURGE"},{"data":"Strike_G","floor":10.0,"key":"PURGE"},{"data":"Strike_G","floor":12.0,"key":"PURGE"},{"floor":15.0,"key":"REST"},{"floor":25.0,"key":"REST"},{"floor":32.0,"key":"REST"},{"data":"Burst","floor":40.0,"key":"SMITH"},{"floor":46.0,"key":"REST"},{"floor":49,"key":"REST"}],"neow_cost":"NO_GOLD","seed_source_timestamp":0,"circlet_count":0,"master_deck":["AscendersBane","Defend_G+1","Defend_G+1","Defend_G+1","Defend_G+1","Defend_G+1","Survivor","Neutralize","Cloak And Dagger","Noxious Fumes","Escape Plan","Escape Plan","Deadly Poison","Prepared","Burst+1","Well Laid Plans","Noxious Fumes","Noxious Fumes","Prepared","PiercingWail+1","Deadly Poison","Backflip","After Image","PiercingWail+1","Footwork","Footwork","Deflect+1","Noxious Fumes","Footwork","Well Laid Plans","After Image"],"special_seed":0,"relics":["Ring of the Snake","Peace Pipe","The Courier","Unceasing Top","Philosopher\u0027s Stone","Bag of Preparation","Snake Skull","Omamori","Shovel","Orichalcum","Calling Bell","Smiling Mask","Gremlin Horn","Torii","Tingsha","Ninja Scroll","Bag of Marbles"],"potions_floor_usage":[50,50],"damage_taken":[{"damage":4.0,"enemies":"Jaw Worm","floor":1.0,"turns":8.0},{"damage":4.0,"enemies":"2 Louse","floor":2.0,"turns":5.0},{"damage":0.0,"enemies":"Small Slimes","floor":3.0,"turns":4.0},{"damage":8.0,"enemies":"Exordium Thugs","floor":4.0,"turns":9.0},{"damage":1.0,"enemies":"3 Louse","floor":5.0,"turns":6.0},{"damage":0.0,"enemies":"Gremlin Nob","floor":7.0,"turns":1.0},{"damage":11.0,"enemies":"Gremlin Gang","floor":11.0,"turns":6.0},{"damage":6.0,"enemies":"Lots of Slimes","floor":14.0,"turns":5.0},{"damage":18.0,"enemies":"Hexaghost","floor":16.0,"turns":12.0},{"damage":26.0,"enemies":"3 Byrds","floor":18.0,"turns":6.0},{"damage":3.0,"enemies":"2 Thieves","floor":22.0,"turns":5.0},{"damage":11.0,"enemies":"Book of Stabbing","floor":23.0,"turns":7.0},{"damage":6.0,"enemies":"Snake Plant","floor":24.0,"turns":5.0},{"damage":12.0,"enemies":"Cultist and Chosen","floor":27.0,"turns":7.0},{"damage":23.0,"enemies":"Slavers","floor":29.0,"turns":6.0},{"damage":0.0,"enemies":"Centurion and Healer","floor":31.0,"turns":6.0},{"damage":32.0,"enemies":"Champ","floor":33.0,"turns":11.0},{"damage":5.0,"enemies":"Orb Walker","floor":35.0,"turns":5.0},{"damage":2.0,"enemies":"3 Shapes","floor":36.0,"turns":5.0},{"damage":0.0,"enemies":"Writhing Mass","floor":38.0,"turns":6.0},{"damage":0.0,"enemies":"Maw","floor":39.0,"turns":9.0},{"damage":30.0,"enemies":"Reptomancer","floor":41.0,"turns":8.0},{"damage":2.0,"enemies":"Transient","floor":42.0,"turns":5.0},{"damage":1.0,"enemies":"Nemesis","floor":45.0,"turns":11.0},{"damage":23,"enemies":"Jaw Worm Horde","floor":48,"turns":5},{"damage":32,"enemies":"Awakened One","floor":50,"turns":3}],"seed_played":"167081422322619873","potions_obtained":[{"floor":2.0,"key":"Block Potion"},{"floor":3.0,"key":"SpeedPotion"},{"floor":5.0,"key":"SmokeBomb"},{"floor":11.0,"key":"SpeedPotion"},{"floor":14.0,"key":"Regen Potion"},{"floor":18.0,"key":"GamblersBrew"},{"floor":29.0,"key":"PowerPotion"},{"floor":33.0,"key":"Poison Potion"},{"floor":41.0,"key":"LiquidBronze"},{"floor":45.0,"key":"Dexterity Potion"}],"is_trial":false,"path_per_floor":["M","M","M","M","M","R","E","R","T","R","M","R","?","M","R","B",null,"M","?","T","$","M","E","M","R","T","M","?","E","$","M","R","B",null,"M","M","$","M","M","R","E","M","T","$","E","R","?","M","R","B"],"character_chosen":"THE_SILENT","items_purchased":["Noxious Fumes","Noxious Fumes","Bag of Preparation","Deadly Poison","Footwork","Well Laid Plans"],"campfire_rested":5,"item_purchase_floors":[21,21,21,30,44,44],"current_hp_per_floor":[59,55,55,47,46,46,46,46,46,46,35,35,32,26,47,29,60,49,49,49,49,46,35,29,50,50,38,38,15,15,15,36,4,54,49,47,47,47,47,47,17,15,15,15,14,34,34,11,31,0],"gold":155,"neow_bonus":"ONE_RARE_RELIC","is_prod":false,"is_daily":false,"chose_seed":false,"campfire_upgraded":1,"win_rate":0,"timestamp":1552026233,"path_taken":["M","M","M","M","M","R","E","R","T","R","M","R","?","M","R","BOSS","M","?","?","$","M","E","M","R","T","M","?","E","$","?","R","BOSS","M","M","$","M","M","R","E","M","T","$","E","R","?","?","R","BOSS"],"build_version":"2019-01-23","purchased_purges":3,"victory":false,"max_hp_per_floor":[70,70,70,70,70,70,70,70,70,70,70,70,70,70,70,70,70,70,70,70,70,70,70,70,70,70,70,70,70,70,70,70,70,70,70,70,70,70,70,70,70,70,70,67,67,67,67,67,67,67],"card_choices":[{"not_picked":["Flying Knee","Outmaneuver","Bouncing Flask"],"picked":"SKIP","floor":1.0},{"not_picked":["Choke","Bane"],"picked":"Cloak And Dagger","floor":2.0},{"not_picked":["Slice","Bane"],"picked":"Noxious Fumes","floor":3.0},{"not_picked":["All Out Attack","Blade Dance"],"picked":"Escape Plan","floor":4.0},{"not_picked":["Tactician","Riddle With Holes"],"picked":"Escape Plan","floor":5.0},{"not_picked":["Predator","Sucker Punch"],"picked":"Deadly Poison","floor":11.0},{"not_picked":["Flying Knee","Acrobatics"],"picked":"Prepared","floor":14.0},{"not_picked":["Die Die Die","Corpse Explosion"],"picked":"Burst","floor":16.0},{"not_picked":["Outmaneuver+1","Heel Hook"],"picked":"Well Laid Plans","floor":18.0},{"not_picked":["Dagger Spray","Cloak And Dagger"],"picked":"Prepared","floor":22.0},{"not_picked":["Distraction","Sucker Punch","Terror+1"],"picked":"SKIP","floor":23.0},{"not_picked":["Dodge and Roll","A Thousand Cuts"],"picked":"PiercingWail+1","floor":24.0},{"not_picked":["Skewer","Heel Hook","Acrobatics"],"picked":"SKIP","floor":27.0},{"not_picked":["Setup","Underhanded Strike","Dagger Throw"],"picked":"SKIP","floor":29.0},{"not_picked":["Dodge and Roll","Underhanded Strike"],"picked":"Backflip","floor":31.0},{"not_picked":["Doppelganger","Bullet Time"],"picked":"After Image","floor":33.0},{"not_picked":["Underhanded Strike","Cloak And Dagger"],"picked":"PiercingWail+1","floor":35.0},{"not_picked":["Blade Dance+1","Dodge and Roll","Acrobatics+1"],"picked":"SKIP","floor":36.0},{"not_picked":["Quick Slash+1","Deadly Poison"],"picked":"Footwork","floor":38.0},{"not_picked":["Quick Slash+1","Outmaneuver"],"picked":"Footwork","floor":39.0},{"not_picked":["Bouncing Flask+1","Doppelganger"],"picked":"Deflect+1","floor":41.0},{"not_picked":["Endless Agony+1","Outmaneuver"],"picked":"Noxious Fumes","floor":42.0},{"not_picked":["Heel Hook+1","Underhanded Strike+1","Flying Knee+1"],"picked":"SKIP","floor":45.0},{"not_picked":["PiercingWail+1","Riddle With Holes+1"],"picked":"After Image","floor":48}],"player_experience":391662,"relics_obtained":[{"floor":9.0,"key":"The Courier"},{"floor":23.0,"key":"Snake Skull"},{"floor":26.0,"key":"Omamori"},{"floor":29.0,"key":"Orichalcum"},{"floor":34.0,"key":"Smiling Mask"},{"floor":34.0,"key":"Gremlin Horn"},{"floor":34.0,"key":"Torii"},{"floor":41.0,"key":"Tingsha"},{"floor":43.0,"key":"Ninja Scroll"},{"floor":45.0,"key":"Bag of Marbles"}],"event_choices":[{"damage_healed":0.0,"max_hp_gain":0.0,"max_hp_loss":0.0,"gold_gain":0.0,"event_name":"Scrap Ooze","player_choice":"Success","floor":13.0,"gold_loss":0.0,"damage_taken":3.0,"relics_obtained":["Unceasing Top"]},{"damage_healed":0.0,"max_hp_gain":0.0,"max_hp_loss":0.0,"gold_gain":0.0,"event_name":"Back to Basics","player_choice":"Simplicity","floor":19.0,"gold_loss":0.0,"damage_taken":0.0,"cards_upgraded":["Defend_G","Defend_G","Defend_G","Defend_G","Defend_G","Strike_G"]},{"damage_healed":0.0,"max_hp_gain":0.0,"max_hp_loss":0.0,"gold_gain":0.0,"event_name":"Addict","player_choice":"Obtained Relic","floor":28.0,"gold_loss":85.0,"damage_taken":0.0,"relics_obtained":["Shovel"]},{"damage_healed":0.0,"max_hp_gain":0.0,"max_hp_loss":0.0,"gold_gain":100.0,"event_name":"Golden Shrine","player_choice":"Pray","floor":47.0,"gold_loss":0.0,"damage_taken":0.0}],"is_beta":false,"boss_relics":[{"not_picked":["Ectoplasm","Fusion Hammer"],"picked":"Philosopher\u0027s Stone"},{"not_picked":["Pandora\u0027s Box","HoveringKite"],"picked":"Calling Bell"}],"items_purged_floors":[21,37,44],"is_endless":false,"potions_floor_spawned":[2,3,5,11,14,18,29,33,36,41,45],"killed_by":"Awakened One","ascension_level":11}