{"gold_per_floor":[110,110,122,137,148,148,73,73,96,96,139,152,152,192,192,321,321,335,335,335,139,150,150,162,162,162,177,77,77,91,118,118,220,220,231,246,7,7,23,23,41,41,41,0,0,17,32,46,46,46],"floor_reached":51,"playtime":2123,"items_purged":["Strike_R","Strike_R","Strike_R","Strike_R"],"score":827,"play_id":"02cda5e1-d0d0-4e9a-8bf1-66b5211f110a","local_time":"20190308022526","is_ascension_mode":true,"campfire_choices":[{"data":"Juggernaut","floor":6.0,"key":"SMITH"},{"data":"Feel No Pain","floor":10.0,"key":"SMITH"},{"floor":13.0,"key":"REST"},{"data":"Flame Barrier","floor":15.0,"key":"SMITH"},{"data":"Juggernaut","floor":23.0,"key":"SMITH"},{"data":"Metallicize","floor":25.0,"key":"SMITH"},{"data":"Shrug It Off","floor":29.0,"key":"SMITH"},{"data":"Sentinel","floor":32.0,"key":"SMITH"},{"data":"Barricade","floor":40.0,"key":"SMITH"},{"data":"Metallicize","floor":42.0,"key":"SMITH"},{"data":"Metallicize","floor":45.0,"key":"SMITH"},{"floor":49.0,"key":"REST"}],"neow_cost":"NONE","seed_source_timestamp":2006646139315823,"circlet_count":0,"master_deck":["Defend_R","Defend_R","Defend_R","Defend_R","Bash","Juggernaut+1","Metallicize+1","Iron Wave","Shrug It Off+1","Feel No Pain+1","Sentinel+1","Flame Barrier+1","Juggernaut+1","Metallicize+1","Metallicize+1","Armaments+1","Barricade+1","Metallicize+1","Metallicize+1","Body Slam+1"],"special_seed":0,"relics":["Black Blood","Bloody Idol","Strawberry","Anchor","The Courier","Art of War","Pantograph","Mercury Hourglass","Cursed Key","Red Mask"],"potions_floor_usage":[50,50,50],"damage_taken":[{"damage":0.0,"enemies":"2 Louse","floor":1.0,"turns":3.0},{"damage":6.0,"enemies":"Cultist","floor":3.0,"turns":3.0},{"damage":11.0,"enemies":"Small Slimes","floor":4.0,"turns":4.0},{"damage":4.0,"enemies":"3 Louse","floor":5.0,"turns":7.0},{"damage":4.0,"enemies":"Lagavulin","floor":11.0,"turns":5.0},{"damage":14.0,"enemies":"Exordium Thugs","floor":12.0,"turns":5.0},{"damage":6.0,"enemies":"3 Sentries","floor":14.0,"turns":6.0},{"damage":8.0,"enemies":"The Guardian","floor":16.0,"turns":12.0},{"damage":21.0,"enemies":"3 Byrds","floor":18.0,"turns":3.0},{"damage":0.0,"enemies":"Shell Parasite","floor":22.0,"turns":5.0},{"damage":6.0,"enemies":"Centurion and Healer","floor":24.0,"turns":6.0},{"damage":5.0,"enemies":"Snecko","floor":27.0,"turns":5.0},{"damage":11.0,"enemies":"Shelled Parasite and Fungi","floor":30.0,"turns":4.0},{"damage":7.0,"enemies":"Book of Stabbing","floor":31.0,"turns":5.0},{"damage":13.0,"enemies":"Champ","floor":33.0,"turns":10.0},{"damage":0.0,"enemies":"3 Shapes","floor":35.0,"turns":4.0},{"damage":45.0,"enemies":"3 Darklings","floor":36.0,"turns":4.0},{"damage":1.0,"enemies":"Sphere and 2 Shapes","floor":39.0,"turns":5.0},{"damage":0.0,"enemies":"Spire Growth","floor":41.0,"turns":6.0},{"damage":15.0,"enemies":"Transient","floor":46.0,"turns":5.0},{"damage":11.0,"enemies":"Maw","floor":47.0,"turns":8.0},{"damage":40.0,"enemies":"3 Darklings","floor":48.0,"turns":5.0},{"damage":5,"enemies":"Donu and Deca","floor":50,"turns":8}],"seed_played":"2518867674576072429","potions_obtained":[{"floor":1.0,"key":"Poison Potion"},{"floor":4.0,"key":"Fire Potion"},{"floor":5.0,"key":"LiquidBronze"},{"floor":11.0,"key":"SteroidPotion"},{"floor":14.0,"key":"SkillPotion"},{"floor":22.0,"key":"FearPotion"},{"floor":24.0,"key":"GamblersBrew"},{"floor":27.0,"key":"EssenceOfSteel"},{"floor":33.0,"key":"Dexterity Potion"},{"floor":48.0,"key":"EssenceOfSteel"}],"is_trial":false,"path_per_floor":["M","?","M","M","M","R","$","?","T","R","E","M","R","E","R","B",null,"M","?","?","$","M","R","M","R","T","M","$","R","M","E","R","B",null,"M","M","$","?","M","R","M","R","T","?","R","M","M","M","R","B",null],"character_chosen":"IRONCLAD","items_purchased":["Art of War","Metallicize","Metallicize"],"campfire_rested":2,"item_purchase_floors":[21,37,37],"current_hp_per_floor":[80,80,80,75,77,77,77,57,64,64,66,58,84,84,84,82,87,76,76,76,76,87,87,87,87,87,87,87,87,87,87,87,87,87,87,57,57,57,71,71,86,86,86,86,86,86,87,62,87,87],"gold":46,"neow_bonus":"TRANSFORM_CARD","is_prod":false,"is_daily":false,"chose_seed":false,"campfire_upgraded":10,"win_rate":0,"timestamp":1552029926,"path_taken":["M","?","?","M","M","R","$","?","T","R","E","M","R","E","R","BOSS","M","?","?","$","M","R","?","R","T","?","?","R","M","E","R","BOSS","M","M","$","?","M","R","M","R","T","?","R","M","M","M","R","BOSS"],"build_version":"2019-01-23","purchased_purges":4,"victory":true,"max_hp_per_floor":[80,80,80,80,80,80,80,80,87,87,87,87,87,87,87,87,87,87,87,87,87,87,87,87,87,87,87,87,87,87,87,87,87,87,87,87,87,87,87,87,87,87,87,87,87,87,87,87,87,87],"card_choices":[{"not_picked":["Anger","Carnage"],"picked":"Metallicize","floor":1.0},{"not_picked":["Perfected Strike","Flex"],"picked":"Iron Wave","floor":3.0},{"not_picked":["Sword Boomerang","Wild Strike"],"picked":"Shrug It Off","floor":4.0},{"not_picked":["True Grit","Spot Weakness"],"picked":"Feel No Pain","floor":5.0},{"not_picked":["Pommel Strike","Double Tap"],"picked":"Sentinel","floor":11.0},{"not_picked":["Fire Breathing","Armaments"],"picked":"Flame Barrier","floor":12.0},{"not_picked":["Clash","Perfected Strike","Evolve"],"picked":"SKIP","floor":14.0},{"not_picked":["Demon Form","Exhume"],"picked":"Juggernaut","floor":16.0},{"not_picked":["Pummel","Iron Wave"],"picked":"Metallicize","floor":18.0},{"not_picked":["Warcry+1","Cleave+1","Seeing Red"],"picked":"SKIP","floor":22.0},{"not_picked":["True Grit+1","Anger"],"picked":"Metallicize","floor":24.0},{"not_picked":["Flex","Shockwave"],"picked":"Armaments+1","floor":27.0},{"not_picked":["Rage","Iron Wave","Thunderclap"],"picked":"SKIP","floor":30.0},{"not_picked":["Flex","Headbutt+1","Dropkick"],"picked":"SKIP","floor":31.0},{"not_picked":["Fiend Fire","Exhume"],"picked":"Barricade","floor":33.0},{"not_picked":["Flex+1","True Grit+1","Warcry+1"],"picked":"SKIP","floor":35.0},{"not_picked":["Headbutt+1","Rampage+1","Perfected Strike"],"picked":"SKIP","floor":36.0},{"not_picked":["Havoc+1","Bloodletting"],"picked":"Body Slam+1","floor":39.0},{"not_picked":["Twin Strike","Fire Breathing","Clash+1"],"picked":"SKIP","floor":41.0},{"not_picked":["Iron Wave","Cleave+1","Headbutt+1"],"picked":"SKIP","floor":46.0},{"not_picked":["Feel No Pain","Flex","Headbutt"],"picked":"SKIP","floor":47.0},{"not_picked":["Headbutt+1","Uppercut+1","Exhume"],"picked":"SKIP","floor":48.0}],"player_experience":518421,"relics_obtained":[{"floor":9.0,"key":"Strawberry"},{"floor":11.0,"key":"Anchor"},{"floor":14.0,"key":"The Courier"},{"floor":26.0,"key":"Pantograph"},{"floor":31.0,"key":"Mercury Hourglass"}],"event_choices":[{"damage_healed":0.0,"max_hp_gain":0.0,"max_hp_loss":0.0,"gold_gain":0.0,"event_name":"Upgrade Shrine","player_choice":"Upgraded","floor":2.0,"gold_loss":0.0,"damage_taken":0.0,"cards_upgraded":["Metallicize"]},{"damage_healed":0.0,"max_hp_gain":0.0,"max_hp_loss":0.0,"gold_gain":0.0,"event_name":"Golden Idol","player_choice":"Take Damage","floor":8.0,"gold_loss":0.0,"damage_taken":20.0,"relics_obtained":["Golden Idol"]},{"damage_healed":0.0,"max_hp_gain":0.0,"max_hp_loss":0.0,"gold_gain":0.0,"event_name":"Forgotten Altar","player_choice":"Gave Idol","floor":19.0,"relics_lost":["Golden Idol"],"gold_loss":0.0,"damage_taken":0.0,"relics_obtained":["Bloody Idol"]},{"damage_healed":0.0,"max_hp_gain":0.0,"max_hp_loss":0.0,"gold_gain":0.0,"event_name":"Upgrade Shrine","player_choice":"Upgraded","floor":20.0,"gold_loss":0.0,"damage_taken":0.0,"cards_upgraded":["Metallicize"]},{"damage_healed":0.0,"max_hp_gain":0.0,"max_hp_loss":0.0,"gold_gain":0.0,"event_name":"Mysterious Sphere","player_choice":"Ignored","floor":38.0,"gold_loss":0.0,"damage_taken":0.0},{"damage_healed":0.0,"max_hp_gain":0.0,"max_hp_loss":0.0,"gold_gain":0.0,"event_name":"Tomb of Lord Red Mask","player_choice":"Paid","floor":44.0,"gold_loss":41.0,"damage_taken":0.0,"relics_obtained":["Red Mask"]}],"is_beta":false,"boss_relics":[{"not_picked":["Runic Cube","Snecko Eye"],"picked":"Black Blood"},{"not_picked":["Tiny House","Runic Pyramid"],"picked":"Cursed Key"}],"items_purged_floors":[7,21,28,37],"is_endless":false,"potions_floor_spawned":[1,4,5,11,14,22,24,27,33,36,48],"ascension_level":3}