{"gold_per_floor":[99,99,99,69,69,69,69,69,69,69,69],"floor_reached":11,"playtime":523,"items_purged":[],"score":120,"play_id":"93648876-b580-4eba-9c70-3ed9eda35ed4","local_time":"20190213010048","is_ascension_mode":true,"campfire_choices":[],"neow_cost":"NONE","seed_source_timestamp":261001959379055,"circlet_count":0,"master_deck":["Defend_G","Defend_G","Defend_G","Defend_G","Defend_G","Strike_G","Strike_G","Strike_G","Strike_G","Strike_G","Survivor","Neutralize","Poisoned Stab","Dodge and Roll","Poisoned Stab","Bane","Backflip","Backflip","Terror","Deadly Poison"],"relics":["Ectoplasm","Vajra","Oddly Smooth Stone","Smiling Mask"],"potions_floor_usage":[4,6,6,10,10],"damage_taken":[{"damage":7,"enemies":"Cultist","floor":1,"turns":6},{"damage":8,"enemies":"Small Slimes","floor":2,"turns":3},{"damage":0,"enemies":"Jaw Worm","floor":3,"turns":5},{"damage":10,"enemies":"Exordium Thugs","floor":4,"turns":5},{"damage":11,"enemies":"Lots of Slimes","floor":5,"turns":6},{"damage":5,"enemies":"Gremlin Nob","floor":6,"turns":4},{"damage":6,"enemies":"Gremlin Gang","floor":7,"turns":5},{"damage":5,"enemies":"2 Fungi Beasts","floor":8,"turns":3},{"damage":3,"enemies":"3 Sentries","floor":10,"turns":7},{"damage":12,"enemies":"Large Slime","floor":11,"turns":1}],"seed_played":"6668974439481588597","potions_obtained":[{"floor":1,"key":"Dexterity Potion"},{"floor":3,"key":"Strength Potion"},{"floor":4,"key":"FearPotion"},{"floor":6,"key":"Explosive Potion"},{"floor":8,"key":"PowerPotion"}],"is_trial":false,"path_per_floor":["M","M","M","M","M","E","M","M","T","E","M"],"character_chosen":"THE_SILENT","items_purchased":[],"campfire_rested":0,"item_purchase_floors":[],"current_hp_per_floor":[56,48,48,38,27,22,16,11,11,8,0],"gold":69,"neow_bonus":"BOSS_RELIC","is_prod":false,"is_daily":false,"chose_seed":false,"campfire_upgraded":0,"win_rate":0,"timestamp":1550008848,"path_taken":["M","M","?","M","M","E","M","M","T","E","?"],"build_version":"2019-01-23","purchased_purges":0,"victory":false,"max_hp_per_floor":[70,70,70,70,70,70,70,70,70,70,70],"card_choices":[{"not_picked":["Setup","Deadly Poison"],"picked":"Poisoned Stab","floor":1},{"not_picked":["Dagger Spray","Terror"],"picked":"Dodge and Roll","floor":2},{"not_picked":["Flying Knee","Blade Dance","Underhanded Strike"],"picked":"SKIP","floor":3},{"not_picked":["Setup","Cloak And Dagger"],"picked":"Poisoned Stab","floor":4},{"not_picked":["Heel Hook","Leg Sweep"],"picked":"Bane","floor":5},{"not_picked":["Dagger Spray","Sucker Punch"],"picked":"Backflip","floor":6},{"not_picked":["Poisoned Stab","Skewer"],"picked":"Backflip","floor":7},{"not_picked":["Calculated Gamble","Distraction"],"picked":"Terror","floor":8},{"not_picked":["Doppelganger","Accuracy"],"picked":"Deadly Poison","floor":10}],"player_experience":282688,"relics_obtained":[{"floor":6,"key":"Vajra"},{"floor":9,"key":"Oddly Smooth Stone"},{"floor":10,"key":"Smiling Mask"}],"event_choices":[],"is_beta":false,"boss_relics":[],"items_purged_floors":[],"is_endless":false,"potions_floor_spawned":[1,3,4,6,8],"killed_by":"Large Slime","ascension_level":7}