{"gold_per_floor":[362,362,362,362,372,372,382,415,464,498,498,498,71,87,87,190,190,203,203,203,8,8,38,38,38],"floor_reached":25,"playtime":914,"items_purged":["Strike_R","Defend_R"],"score":248,"play_id":"ee468b4d-9192-4ef1-b673-9d60cfed3532","local_time":"20190130210328","is_ascension_mode":true,"campfire_choices":[{"floor":6,"key":"REST"},{"floor":12,"key":"REST"},{"floor":15,"key":"RECALL"},{"data":"Rampage","floor":24,"key":"SMITH"}],"neow_cost":"PERCENT_DAMAGE","seed_source_timestamp":1892178625898766,"circlet_count":0,"master_deck":["Strike_R","Strike_R","Defend_R","Bash","Rampage+1","Shrug It Off","Ghostly Armor","Finesse"],"relics":["Burning Blood","Regal Pillow","Bag of Marbles","Unceasing Top","GremlinMask","Red Skull","HandDrill","Busted Crown","Bronze Scales"],"potions_floor_usage":[8,10,25,25],"damage_taken":[{"damage":16,"enemies":"Jaw Worm","floor":1,"turns":5},{"damage":7,"enemies":"Small Slimes","floor":5,"turns":3},{"damage":3,"enemies":"2 Louse","floor":7,"turns":3},{"damage":27,"enemies":"3 Sentries","floor":8,"turns":11},{"damage":6,"enemies":"Gremlin Nob","floor":10,"turns":3},{"damage":0,"enemies":"Large Slime","floor":14,"turns":6},{"damage":46,"enemies":"The Guardian","floor":16,"turns":10},{"damage":38,"enemies":"Spheric Guardian","floor":18,"turns":6},{"damage":17,"enemies":"Gremlin Leader","floor":23,"turns":6},{"damage":40,"enemies":"Slavers","floor":25,"turns":4}],"seed_played":"-1680379079303341113","potions_obtained":[{"floor":1,"key":"Energy Potion"},{"floor":8,"key":"Fire Potion"},{"floor":10,"key":"SpeedPotion"},{"floor":18,"key":"LiquidBronze"},{"floor":23,"key":"EssenceOfSteel"}],"is_trial":false,"path_per_floor":["M","?","?","?","M","R","M","E","T","E","?","R","$","M","R","B",null,"M","?","?","$","?","E","R","E"],"character_chosen":"IRONCLAD","items_purchased":["Red Skull","HandDrill","Finesse"],"campfire_rested":2,"item_purchase_floors":[13,13,21],"current_hp_per_floor":[46,46,21,14,13,52,55,34,34,34,34,73,73,79,79,39,80,48,48,48,48,48,37,37,0],"gold":38,"neow_bonus":"TWO_FIFTY_GOLD","is_prod":false,"is_daily":false,"chose_seed":false,"campfire_upgraded":1,"win_rate":0,"timestamp":1548900208,"path_taken":["M","?","?","?","M","R","M","E","T","E","?","R","$","?","R","BOSS","M","?","?","$","?","E","R","E"],"build_version":"2019-01-23","purchased_purges":2,"victory":false,"max_hp_per_floor":[80,80,80,80,80,80,80,80,80,80,80,80,80,80,80,80,80,80,80,80,80,80,80,80,80],"card_choices":[{"not_picked":["Sword Boomerang","Clash"],"picked":"Rampage","floor":1},{"not_picked":["Metallicize","Entrench","Fire Breathing"],"picked":"SKIP","floor":5},{"not_picked":["Dual Wield","Sentinel"],"picked":"Shrug It Off","floor":7},{"not_picked":["Flex","Wild Strike","Entrench"],"picked":"SKIP","floor":8},{"not_picked":["Thunderclap","Carnage","Infernal Blade"],"picked":"SKIP","floor":10},{"not_picked":["Flex","Battle Trance","Iron Wave"],"picked":"SKIP","floor":14},{"not_picked":["Iron Wave"],"picked":"SKIP","floor":18},{"not_picked":["Clash"],"picked":"SKIP","floor":23}],"player_experience":123910,"relics_obtained":[{"floor":8,"key":"Bag of Marbles"},{"floor":10,"key":"Unceasing Top"},{"floor":23,"key":"Bronze Scales"}],"event_choices":[{"damage_healed":0,"gold_gain":0,"player_choice":"Ignored","damage_taken":0,"max_hp_gain":0,"max_hp_loss":0,"event_name":"Shining Light","floor":2,"gold_loss":0},{"damage_healed":0,"gold_gain":0,"player_choice":"Success","damage_taken":25,"relics_obtained":["Regal Pillow"],"max_hp_gain":0,"max_hp_loss":0,"event_name":"Scrap Ooze","floor":3,"gold_loss":0},{"cards_removed":["Defend_R"],"damage_healed":0,"gold_gain":0,"player_choice":"Card Removal","damage_taken":7,"max_hp_gain":0,"max_hp_loss":0,"event_name":"Golden Wing","floor":4,"gold_loss":0},{"damage_healed":0,"gold_gain":0,"player_choice":"Trade","damage_taken":0,"relics_obtained":["GremlinMask"],"max_hp_gain":0,"max_hp_loss":0,"event_name":"FaceTrader","floor":11,"gold_loss":0},{"damage_healed":0,"gold_gain":0,"cards_transformed":["Strike_R","Strike_R"],"player_choice":"Became Test Subject","damage_taken":0,"max_hp_gain":0,"max_hp_loss":0,"event_name":"Drug Dealer","floor":19,"gold_loss":0,"cards_obtained":["True Grit","Ghostly Armor"]},{"cards_removed":["Defend_R"],"damage_healed":0,"gold_gain":0,"player_choice":"Elegance","damage_taken":0,"max_hp_gain":0,"max_hp_loss":0,"event_name":"Back to Basics","floor":20,"gold_loss":0},{"cards_removed":["True Grit"],"damage_healed":0,"gold_gain":0,"player_choice":"Purged","damage_taken":0,"max_hp_gain":0,"max_hp_loss":0,"event_name":"Purifier","floor":22,"gold_loss":0}],"is_beta":false,"boss_relics":[{"not_picked":["Snecko Eye","Mark of Pain"],"picked":"Busted Crown"}],"items_purged_floors":[13,21],"is_endless":false,"potions_floor_spawned":[1,8,10,18,23],"killed_by":"Slavers","ascension_level":2}