{"gold_per_floor":[110,24,24,24,42,75,75,107,159,188,113,132,132,132,132,132],"floor_reached":16,"playtime":544,"items_purged":["Strike_R"],"score":247,"play_id":"a0a9315d-0019-49b8-814f-abaf56968b9a","local_time":"20181205192454","is_ascension_mode":true,"campfire_choices":[{"data":"Flash of Steel","floor":7,"key":"SMITH"},{"floor":13,"key":"REST"},{"floor":15,"key":"REST"}],"neow_cost":"NONE","seed_source_timestamp":351355956836155,"circlet_count":0,"master_deck":["AscendersBane","Strike_R","Strike_R","Defend_R","Defend_R","Defend_R","Defend_R","Bash","Pummel","Flash of Steel+1","Pummel","Iron Wave","Flex","Uppercut+1","Pommel Strike+1"],"relics":["Burning Blood","NeowsBlessing","Lantern","Letter Opener","Vajra","Anchor"],"potions_floor_usage":[],"damage_taken":[{"damage":0,"enemies":"2 Louse","floor":1,"turns":1},{"damage":0,"enemies":"Cultist","floor":5,"turns":1},{"damage":0,"enemies":"3 Sentries","floor":6,"turns":1},{"damage":50,"enemies":"Lagavulin","floor":8,"turns":8},{"damage":30,"enemies":"3 Sentries","floor":10,"turns":9},{"damage":0,"enemies":"Small Slimes","floor":12,"turns":1},{"damage":41,"enemies":"Slime Boss","floor":16,"turns":6}],"seed_played":"-8945054513020985932","potions_obtained":[{"floor":5,"key":"FearPotion"},{"floor":8,"key":"Strength Potion"}],"is_trial":false,"path_per_floor":["M","$","?","?","M","E","R","E","T","E","$","M","R","?","R","B"],"character_chosen":"IRONCLAD","items_purchased":["Flash of Steel"],"campfire_rested":2,"item_purchase_floors":[2],"current_hp_per_floor":[74,74,74,74,75,75,75,31,31,7,7,13,35,12,34,0],"gold":132,"neow_bonus":"THREE_ENEMY_KILL","is_prod":false,"is_daily":false,"chose_seed":false,"campfire_upgraded":1,"win_rate":0,"timestamp":1544055894,"path_taken":["M","$","?","?","M","E","R","E","T","E","$","?","R","?","R","BOSS"],"build_version":"2018-12-05","purchased_purges":1,"victory":false,"max_hp_per_floor":[75,75,75,75,75,75,75,75,75,75,75,75,75,75,75,75],"card_choices":[{"not_picked":["Armaments","Sword Boomerang"],"picked":"Pummel","floor":1},{"not_picked":["Clothesline","Rupture"],"picked":"Pummel","floor":5},{"not_picked":["Warcry","Havoc"],"picked":"Iron Wave","floor":6},{"not_picked":["Headbutt","Power Through"],"picked":"Flex","floor":8},{"not_picked":["Impervious","Sentinel"],"picked":"Uppercut","floor":10},{"not_picked":["Havoc","Cleave"],"picked":"Pommel Strike","floor":12}],"player_experience":441126,"relics_obtained":[{"floor":6,"key":"Lantern"},{"floor":8,"key":"Letter Opener"},{"floor":9,"key":"Vajra"},{"floor":10,"key":"Anchor"}],"event_choices":[{"cards_removed":["Strike_R"],"damage_healed":0,"gold_gain":0,"player_choice":"Forget","damage_taken":0,"max_hp_gain":0,"max_hp_loss":0,"event_name":"Living Wall","floor":3,"gold_loss":0},{"cards_removed":["Strike_R"],"damage_healed":0,"gold_gain":0,"player_choice":"Offered Basic","damage_taken":0,"max_hp_gain":0,"max_hp_loss":0,"event_name":"Bonfire Elementals","floor":4,"gold_loss":0},{"damage_healed":0,"gold_gain":0,"player_choice":"Entered Light","damage_taken":23,"max_hp_gain":0,"max_hp_loss":0,"event_name":"Shining Light","floor":14,"gold_loss":0,"cards_upgraded":["Uppercut","Pommel Strike"]}],"is_beta":true,"boss_relics":[],"items_purged_floors":[11],"is_endless":false,"potions_floor_spawned":[5,8,10],"killed_by":"Slime Boss","ascension_level":15}