{"gold_per_floor":[112,112,77,94,94,94,104,131,131,161,161,36,36,54,54,54],"floor_reached":16,"playtime":588,"items_purged":[],"score":189,"play_id":"212b7f5c-3010-4f5a-91c3-8e66b1a893df","local_time":"20180710190315","is_ascension_mode":true,"campfire_choices":[{"data":"Sunder","floor":6,"key":"SMITH"},{"floor":11,"key":"REST"},{"data":"Creative AI","floor":15,"key":"SMITH"}],"neow_cost":"NONE","seed_source_timestamp":151941954845182,"circlet_count":0,"master_deck":["Strike_B","Strike_B","Strike_B","Strike_B","Defend_B","Defend_B","Defend_B","Defend_B","Zap+1","Dualcast","AscendersBane","Genetic Algorithm","Sunder+1","Creative AI+1","Chill","Barrage","Genetic Algorithm","Parasite","Coolheaded"],"relics":["Cracked Core","Smiling Mask","Pear","Art of War"],"potions_floor_usage":[8,16],"damage_taken":[{"damage":7,"enemies":"2 Louse","floor":1,"turns":3},{"damage":7,"enemies":"Jaw Worm","floor":4,"turns":3},{"damage":7,"enemies":"Small Slimes","floor":7,"turns":2},{"damage":19,"enemies":"3 Sentries","floor":8,"turns":6},{"damage":34,"enemies":"Gremlin Nob","floor":10,"turns":5},{"damage":18,"enemies":"Exordium Wildlife","floor":14,"turns":2},{"damage":42,"enemies":"Slime Boss","floor":16,"turns":9}],"seed_played":"-5768691116242291233","potions_obtained":[{"floor":1,"key":"SpeedPotion"},{"floor":7,"key":"Strength Potion"},{"floor":14,"key":"FearPotion"}],"is_trial":false,"path_per_floor":["M","?","?","M","$","R","M","E","T","E","R","$","?","M","R"],"character_chosen":"DEFECT","items_purchased":["Barrage","Genetic Algorithm"],"campfire_rested":1,"item_purchase_floors":[12,12],"current_hp_per_floor":[57,57,71,64,64,64,57,38,48,14,38,38,58,40,40,0],"gold":54,"neow_bonus":"UPGRADE_CARD","is_prod":false,"is_daily":false,"chose_seed":false,"campfire_upgraded":2,"win_rate":0,"timestamp":1531242195,"path_taken":["M","?","?","M","$","R","M","E","T","E","R","$","?","M","R","BOSS"],"build_version":"2018-07-05","purchased_purges":0,"victory":false,"max_hp_per_floor":[71,71,71,71,71,71,71,71,81,81,81,81,81,81,81,81],"card_choices":[{"not_picked":["Rip and Tear","Stack"],"picked":"Genetic Algorithm","floor":1},{"not_picked":["Chill","Ball Lightning"],"picked":"Sunder","floor":4},{"not_picked":["Stack","Redo"],"picked":"Creative AI","floor":7},{"not_picked":["Storm","Hyperbeam"],"picked":"Chill","floor":8},{"not_picked":["Sweeping Beam","Beam Cell","Redo"],"picked":"SKIP","floor":10},{"not_picked":["Gash","Genetic Algorithm"],"picked":"Coolheaded","floor":14}],"player_experience":797843,"relics_obtained":[{"floor":8,"key":"Smiling Mask"},{"floor":9,"key":"Pear"},{"floor":10,"key":"Art of War"}],"event_choices":[{"event_name":"Golden Wing","player_choice":"Ignored","floor":2,"damage_taken":0},{"event_name":"The Cleric","player_choice":"Healed","floor":3,"damage_taken":0},{"event_name":"Mushrooms","player_choice":"Healed and dodged fight","floor":13,"damage_taken":0}],"boss_relics":[],"items_purged_floors":[],"is_endless":false,"potions_floor_spawned":[1,7,14],"killed_by":"Slime Boss","ascension_level":15}