{"gold_per_floor":[112,112,112,124,193,193,210,210,236,271,82,82,109,143,143,214,214,225,235,252,265,275,275,294,294,371,371,421,440,260,274,274,352,352,365,381,381,381,397,397,397,413,413,428,61,61,61,76,76,76,76],"floor_reached":52,"playtime":3195,"items_purged":["Strike_B","Writhe"],"score":1678,"play_id":"d2534dcb-2997-4bf9-af1a-3568b7287045","local_time":"20190125141305","is_ascension_mode":true,"campfire_choices":[{"data":"Sunder","floor":6,"key":"SMITH"},{"data":"Defragment","floor":8,"key":"SMITH"},{"data":"Zap","floor":15,"key":"SMITH"},{"floor":23,"key":"REST"},{"floor":25,"key":"REST"},{"floor":32,"key":"REST"},{"floor":40,"key":"REST"},{"floor":46,"key":"REST"},{"floor":49,"key":"REST"}],"neow_cost":"NONE","seed_source_timestamp":1418973008816010,"circlet_count":0,"master_deck":["AscendersBane","Strike_B","Strike_B","Strike_B","Defend_B","Defend_B+1","Defend_B","Defend_B+1","Zap+1","Dualcast","Sunder+1","Cold Snap+1","Defragment+1","Glacier","Ball Lightning+1","Cold Snap+1","Conserve Battery","Capacitor+1","Echo Form+1","Stack","Blizzard+1","White Noise","Defragment+1","Hologram","Hologram","Amplify","Stack+1","Go for the Eyes+1","Defragment+1","Core Surge+1","Apotheosis"],"relics":["Cracked Core","War Paint","Molten Egg 2","Odd Mushroom","Frozen Egg 2","Runic Pyramid","Question Card","Happy Flower","Sozu","Peace Pipe","Singing Bowl","Pen Nib"],"potions_floor_usage":[13,14,21,22,22,33,51],"damage_taken":[{"damage":2,"enemies":"Small Slimes","floor":1,"turns":2},{"damage":0,"enemies":"2 Louse","floor":4,"turns":1},{"damage":0,"enemies":"Cultist","floor":7,"turns":2},{"damage":3,"enemies":"3 Sentries","floor":10,"turns":6},{"damage":0,"enemies":"The Mushroom Lair","floor":13,"turns":2},{"damage":11,"enemies":"Gremlin Nob","floor":14,"turns":3},{"damage":31,"enemies":"Hexaghost","floor":16,"turns":11},{"damage":28,"enemies":"2 Thieves","floor":18,"turns":4},{"damage":0,"enemies":"Chosen","floor":19,"turns":5},{"damage":6,"enemies":"Sentry and Sphere","floor":20,"turns":6},{"damage":16,"enemies":"Shelled Parasite and Fungi","floor":21,"turns":6},{"damage":10,"enemies":"Centurion and Healer","floor":22,"turns":6},{"damage":0,"enemies":"Snecko","floor":24,"turns":5},{"damage":4,"enemies":"3 Cultists","floor":29,"turns":6},{"damage":12,"enemies":"Snake Plant","floor":31,"turns":4},{"damage":11,"enemies":"Automaton","floor":33,"turns":10},{"damage":7,"enemies":"3 Shapes","floor":35,"turns":4},{"damage":30,"enemies":"3 Darklings","floor":36,"turns":6},{"damage":3,"enemies":"4 Shapes","floor":39,"turns":7},{"damage":0,"enemies":"Maw","floor":42,"turns":9},{"damage":0,"enemies":"3 Darklings","floor":44,"turns":5},{"damage":21,"enemies":"Transient","floor":48,"turns":6},{"damage":19,"enemies":"Time Eater","floor":50,"turns":22},{"damage":28,"enemies":"Donu and Deca","floor":51,"turns":12}],"seed_played":"6009434946222953148","potions_obtained":[{"floor":1,"key":"PowerPotion"},{"floor":4,"key":"AttackPotion"},{"floor":16,"key":"GamblersBrew"},{"floor":19,"key":"PowerPotion"},{"floor":21,"key":"Dexterity Potion"},{"floor":33,"key":"Strength Potion"}],"is_trial":false,"path_per_floor":["M","?","?","M","?","R","M","R","T","E","$","?","?","E","R","B",null,"M","M","M","M","M","R","M","R","T","?","?","M","$","M","R","B",null,"M","M","?","T","M","R","$","M","T","M","$","R","?","M","R","B","B",null],"character_chosen":"DEFECT","items_purchased":["Ball Lightning+1","Cold Snap+1","Hologram","Swift Potion","Apotheosis","Pen Nib"],"campfire_rested":6,"item_purchase_floors":[11,11,30,30,45,45],"current_hp_per_floor":[62,51,51,51,51,51,51,51,51,48,48,71,71,60,60,29,61,33,33,27,11,1,22,22,43,43,43,43,39,39,27,48,37,63,56,26,26,26,23,44,44,44,44,44,44,65,65,46,66,47,19],"gold":76,"neow_bonus":"THREE_CARDS","is_prod":false,"is_daily":false,"chose_seed":false,"campfire_upgraded":3,"win_rate":0,"timestamp":1548443585,"path_taken":["M","?","?","?","?","R","M","R","T","E","$","?","?","E","R","BOSS","M","M","M","M","M","R","M","R","T","?","?","M","$","?","R","BOSS","M","?","?","?","M","R","?","?","T","M","$","R","?","M","R","BOSS","BOSS"],"build_version":"2019-01-23","purchased_purges":2,"victory":true,"max_hp_per_floor":[71,71,71,71,71,71,71,71,71,71,71,71,71,71,71,71,71,71,71,71,71,71,71,71,71,71,71,71,71,71,71,71,71,71,71,71,71,71,71,71,71,71,71,71,71,71,67,69,69,69,69],"card_choices":[{"not_picked":["Coolheaded","Heatsinks"],"picked":"Sunder","floor":0},{"not_picked":["Redo","Hello World"],"picked":"Cold Snap","floor":1},{"not_picked":["Sunder","Rebound","Heatsinks"],"picked":"SKIP","floor":4},{"not_picked":["Gash","Go for the Eyes"],"picked":"Defragment","floor":7},{"not_picked":["Conserve Battery","Doom and Gloom"],"picked":"Glacier","floor":10},{"not_picked":["Auto Shields","Streamline+1"],"picked":"Conserve Battery","floor":13},{"not_picked":["FTL+1","Auto Shields"],"picked":"Capacitor","floor":14},{"not_picked":["Seek","Amplify"],"picked":"Echo Form+1","floor":16},{"not_picked":["Force Field","Blizzard+1"],"picked":"Stack","floor":18},{"not_picked":["Beam Cell+1","Double Energy"],"picked":"Blizzard+1","floor":19},{"not_picked":["Streamline+1","Redo+1"],"picked":"White Noise","floor":20},{"not_picked":["White Noise","Gash+1"],"picked":"Defragment+1","floor":21},{"not_picked":["Hello World+1","Thunder Strike+1","Redo"],"picked":"SKIP","floor":22},{"not_picked":["Rebound+1","Conserve Battery"],"picked":"Hologram","floor":24},{"not_picked":["Beam Cell+1","Ball Lightning+1","Redo","Hologram"],"picked":"SKIP","floor":29},{"not_picked":["FTL+1","Leap","Gash+1","Barrage+1"],"picked":"SKIP","floor":31},{"not_picked":["Core Surge+1","Rainbow","Buffer+1"],"picked":"Amplify","floor":33},{"not_picked":["Hologram","Tempest","Steam","Chill"],"picked":"SKIP","floor":35},{"not_picked":["Leap","Turbo","Coolheaded"],"picked":"Stack+1","floor":36},{"not_picked":["Storm+1","Beam Cell+1","Sweeping Beam+1"],"picked":"Go for the Eyes+1","floor":39},{"not_picked":["Static Discharge+1","Coolheaded+1","Redo"],"picked":"Defragment+1","floor":42},{"not_picked":["Blizzard+1","Auto Shields","Aggregate"],"picked":"Core Surge+1","floor":44},{"not_picked":["Stack","Conserve Battery+1","Sweeping Beam+1","Hologram"],"picked":"Singing Bowl","floor":48}],"player_experience":501623,"relics_obtained":[{"floor":9,"key":"War Paint"},{"floor":10,"key":"Molten Egg 2"},{"floor":13,"key":"Odd Mushroom"},{"floor":14,"key":"Frozen Egg 2"},{"floor":26,"key":"Question Card"},{"floor":38,"key":"Peace Pipe"},{"floor":43,"key":"Singing Bowl"}],"event_choices":[{"damage_healed":0,"gold_gain":0,"player_choice":"Fled","damage_taken":11,"max_hp_gain":0,"max_hp_loss":0,"event_name":"Scrap Ooze","floor":2,"gold_loss":0},{"damage_healed":0,"gold_gain":0,"player_choice":"Upgraded","damage_taken":0,"max_hp_gain":0,"max_hp_loss":0,"event_name":"Upgrade Shrine","floor":3,"gold_loss":0,"cards_upgraded":["Cold Snap"]},{"damage_healed":0,"gold_gain":69,"player_choice":"Gained Gold","damage_taken":0,"max_hp_gain":0,"max_hp_loss":0,"event_name":"Golden Wing","floor":5,"gold_loss":0},{"damage_healed":23,"gold_gain":0,"player_choice":"Banana","damage_taken":0,"max_hp_gain":0,"max_hp_loss":0,"event_name":"Big Fish","floor":12,"gold_loss":0},{"damage_healed":0,"gold_gain":0,"player_choice":"Fought Mushrooms","damage_taken":0,"max_hp_gain":0,"max_hp_loss":0,"event_name":"Mushrooms","floor":13,"gold_loss":0},{"damage_healed":0,"gold_gain":0,"player_choice":"Opened","damage_taken":0,"relics_obtained":["Happy Flower"],"max_hp_gain":0,"max_hp_loss":0,"event_name":"The Mausoleum","floor":27,"gold_loss":0,"cards_obtained":["Writhe"]},{"damage_healed":0,"gold_gain":50,"player_choice":"Pray","damage_taken":0,"max_hp_gain":0,"max_hp_loss":0,"event_name":"Golden Shrine","floor":28,"gold_loss":0},{"damage_healed":0,"gold_gain":0,"player_choice":"Ignored","damage_taken":0,"max_hp_gain":0,"max_hp_loss":0,"event_name":"Tomb of Lord Red Mask","floor":37,"gold_loss":0},{"damage_healed":0,"gold_gain":0,"player_choice":"Max HP","damage_taken":0,"max_hp_gain":0,"max_hp_loss":4,"event_name":"Winding Halls","floor":47,"gold_loss":0}],"is_beta":true,"boss_relics":[{"not_picked":["White Beast Statue","Pandora\u0027s Box"],"picked":"Runic Pyramid"},{"not_picked":["Astrolabe","Inserter"],"picked":"Sozu"}],"items_purged_floors":[11,30],"is_endless":false,"potions_floor_spawned":[1,4,10,16,19,21,33,36,42,44],"ascension_level":20}