{"gold_per_floor":[140,159,33,45,64,64,95,95,122,122,139,139,170,185,185,258,258,277,277,296,316,136,136,148,160,160,193,206,220,254,40,40,40],"floor_reached":33,"playtime":2296,"items_purged":["Writhe","Pain","Parasite"],"score":702,"play_id":"8032ab7c-8de7-4201-a169-747b8facc5d6","local_time":"20190216185932","is_ascension_mode":true,"campfire_choices":[{"floor":6,"key":"REST"},{"floor":8,"key":"REST"},{"data":"Dash","floor":10,"key":"SMITH"},{"data":"Neutralize","floor":15,"key":"SMITH"},{"floor":23,"key":"REST"},{"floor":32,"key":"REST"}],"neow_cost":"NONE","seed_source_timestamp":75111446142901,"circlet_count":0,"master_deck":["AscendersBane","Defend_G+1","Defend_G","Defend_G","Defend_G","Defend_G","Strike_G","Strike_G","Strike_G","Strike_G","Strike_G","Survivor","Neutralize+1","Clumsy","PiercingWail","Predator","PiercingWail+1","Dash+1","Backstab","Leg Sweep","Storm of Steel","Blur","Infinite Blades","Endless Agony","PiercingWail+1","Crippling Poison","Backstab+1"],"relics":["Calling Bell","Tiny Chest","Matryoshka","Dead Branch","Anchor","Boot","War Paint","PreservedInsect","Pantograph","Sozu","WarpedTongs","Molten Egg 2","Singing Bowl","Bottled Lightning","Frozen Egg 2"],"potions_floor_usage":[2,13,16,16,21],"damage_taken":[{"damage":8,"enemies":"Cultist","floor":1,"turns":5},{"damage":7,"enemies":"Jaw Worm","floor":2,"turns":4},{"damage":1,"enemies":"2 Louse","floor":4,"turns":2},{"damage":12,"enemies":"Exordium Thugs","floor":5,"turns":8},{"damage":9,"enemies":"3 Sentries","floor":7,"turns":8},{"damage":1,"enemies":"Large Slime","floor":11,"turns":5},{"damage":13,"enemies":"Lagavulin","floor":13,"turns":7},{"damage":0,"enemies":"2 Fungi Beasts","floor":14,"turns":4},{"damage":15,"enemies":"The Guardian","floor":16,"turns":13},{"damage":10,"enemies":"3 Byrds","floor":18,"turns":5},{"damage":0,"enemies":"Chosen","floor":20,"turns":4},{"damage":15,"enemies":"Snake Plant","floor":21,"turns":6},{"damage":0,"enemies":"Centurion and Healer","floor":24,"turns":5},{"damage":15,"enemies":"3 Cultists","floor":25,"turns":4},{"damage":0,"enemies":"Slavers","floor":27,"turns":6},{"damage":12,"enemies":"Snake Plant","floor":28,"turns":5},{"damage":11,"enemies":"Cultist and Chosen","floor":29,"turns":5},{"damage":0,"enemies":"Book of Stabbing","floor":30,"turns":4},{"damage":83,"enemies":"Collector","floor":33,"turns":11}],"seed_played":"3880691803115012578","potions_obtained":[{"floor":1,"key":"AttackPotion"},{"floor":11,"key":"Regen Potion"},{"floor":13,"key":"SteroidPotion"},{"floor":14,"key":"SteroidPotion"},{"floor":16,"key":"Weak Potion"}],"is_trial":false,"path_per_floor":["M","M","$","M","M","R","E","R","T","R","M","?","E","M","R","B",null,"M","?","M","M","$","R","M","M","T","E","M","M","E","$","R","B"],"character_chosen":"THE_SILENT","items_purchased":["PiercingWail","Infinite Blades","Backstab+1"],"campfire_rested":4,"item_purchase_floors":[3,22,31],"current_hp_per_floor":[51,44,44,43,31,50,41,60,60,60,59,54,55,55,55,51,62,52,52,52,37,37,56,56,41,41,43,33,22,22,22,42,0],"gold":40,"neow_bonus":"BOSS_RELIC","is_prod":false,"is_daily":false,"chose_seed":false,"campfire_upgraded":2,"win_rate":0,"timestamp":1550372372,"path_taken":["M","M","$","?","M","R","E","R","T","R","M","?","E","M","R","BOSS","M","?","M","M","$","R","M","M","T","E","?","M","E","$","R","BOSS"],"build_version":"2019-01-23","purchased_purges":3,"victory":false,"max_hp_per_floor":[66,66,66,66,66,66,66,66,66,66,66,66,66,66,66,66,66,66,66,66,66,66,66,66,66,66,68,70,70,70,67,67,67],"card_choices":[{"not_picked":["Bane","Dagger Throw"],"picked":"PiercingWail","floor":1},{"not_picked":["Outmaneuver","Venomology"],"picked":"Predator","floor":2},{"not_picked":["Eviscerate","Sucker Punch","Dagger Throw"],"picked":"SKIP","floor":4},{"not_picked":["Prepared","Deadly Poison"],"picked":"Dash","floor":5},{"not_picked":["Bane","Flying Knee"],"picked":"Backstab","floor":7},{"not_picked":["Prepared","Underhanded Strike"],"picked":"Leg Sweep","floor":11},{"not_picked":["Slice","Quick Slash","Burst"],"picked":"SKIP","floor":13},{"not_picked":["Dagger Spray","Dagger Throw","Underhanded Strike"],"picked":"SKIP","floor":14},{"not_picked":["Doppelganger","Wraith Form v2"],"picked":"Storm of Steel","floor":16},{"not_picked":["Acrobatics","Slice","Dodge and Roll"],"picked":"SKIP","floor":18},{"not_picked":["Poisoned Stab","Catalyst"],"picked":"Blur","floor":20},{"not_picked":["Flying Knee","Poisoned Stab+1","Dagger Throw"],"picked":"SKIP","floor":21},{"not_picked":["Prepared","Heel Hook","Setup"],"picked":"SKIP","floor":24},{"not_picked":["Acrobatics","Blade Dance"],"picked":"Endless Agony","floor":25},{"not_picked":["Phantasmal Killer","Bane+1","Deflect"],"picked":"Singing Bowl","floor":27},{"not_picked":["Flying Knee+1","Dagger Spray+1","Bane+1"],"picked":"Singing Bowl","floor":28},{"not_picked":["Poisoned Stab+1","Well Laid Plans"],"picked":"PiercingWail+1","floor":29},{"not_picked":["Finisher+1","Deadly Poison"],"picked":"Crippling Poison","floor":30}],"player_experience":726555,"relics_obtained":[{"floor":0,"key":"Tiny Chest"},{"floor":0,"key":"Matryoshka"},{"floor":0,"key":"Dead Branch"},{"floor":7,"key":"Anchor"},{"floor":9,"key":"Boot"},{"floor":9,"key":"War Paint"},{"floor":13,"key":"Pantograph"},{"floor":26,"key":"Molten Egg 2"},{"floor":26,"key":"Singing Bowl"},{"floor":27,"key":"Bottled Lightning"},{"floor":30,"key":"Frozen Egg 2"}],"event_choices":[{"damage_healed":0,"gold_gain":0,"player_choice":"Success","damage_taken":5,"relics_obtained":["PreservedInsect"],"max_hp_gain":0,"max_hp_loss":0,"event_name":"Scrap Ooze","floor":12,"gold_loss":0},{"damage_healed":0,"gold_gain":0,"player_choice":"Rummage","damage_taken":0,"relics_obtained":["WarpedTongs"],"max_hp_gain":0,"max_hp_loss":0,"event_name":"Accursed Blacksmith","floor":19,"gold_loss":0,"cards_obtained":["Pain"]}],"is_beta":false,"boss_relics":[{"not_picked":["White Beast Statue","Empty Cage"],"picked":"Sozu"}],"items_purged_floors":[3,22,31],"is_endless":false,"potions_floor_spawned":[1,11,13,14,16,20,21,25,28],"killed_by":"Collector","ascension_level":20}