{"gold_per_floor":[111,111,121,136,136,136,166,166,166,179,204,125,97,34,34,135,135,152,152,152,170,170,170,170,10,10,28,28,43,57,57,57,57],"floor_reached":33,"playtime":1313,"items_purged":["Strike_B"],"score":316,"play_id":"f6d9ce41-7fd9-4ebc-bc8b-cd1751c83607","local_time":"20180916130144","is_ascension_mode":true,"campfire_choices":[{"data":"Beam Cell","floor":6,"key":"SMITH"},{"data":"Conserve Battery","floor":8,"key":"SMITH"},{"floor":15,"key":"REST"},{"data":"Double Energy","floor":23,"key":"SMITH"},{"data":"Meteor Strike","floor":32,"key":"SMITH"}],"neow_cost":"NONE","seed_source_timestamp":153391622574358,"circlet_count":0,"master_deck":["Strike_B","Defend_B","Defend_B","Defend_B","Zap","Dualcast","Streamline+1","Double Energy+1","Beam Cell+1","Conserve Battery+1","Auto Shields","Meteor Strike+1","Sweeping Beam","Coolheaded","Conserve Battery","Core Surge","Capacitor","Cold Snap+1","Streamline","Self Repair","Go for the Eyes+1","Aggregate+1"],"relics":["Cracked Core","Bronze Scales","Peace Pipe","The Courier","Lantern","Eternal Feather","Oddly Smooth Stone","Ice Cream"],"potions_floor_usage":[21,29,33],"damage_taken":[{"damage":2,"enemies":"Jaw Worm","floor":1,"turns":4},{"damage":7,"enemies":"Small Slimes","floor":3,"turns":2},{"damage":1,"enemies":"2 Louse","floor":4,"turns":2},{"damage":25,"enemies":"3 Sentries","floor":7,"turns":7},{"damage":0,"enemies":"Large Slime","floor":10,"turns":4},{"damage":18,"enemies":"Gremlin Nob","floor":11,"turns":4},{"damage":9,"enemies":"The Guardian","floor":16,"turns":11},{"damage":5,"enemies":"Chosen","floor":18,"turns":4},{"damage":6,"enemies":"Spheric Guardian","floor":21,"turns":5},{"damage":21,"enemies":"Colosseum Slavers","floor":22,"turns":4},{"damage":16,"enemies":"Shelled Parasite and Fungi","floor":27,"turns":4},{"damage":11,"enemies":"Centurion and Healer","floor":29,"turns":6},{"damage":6,"enemies":"Snecko","floor":30,"turns":4},{"damage":111,"enemies":"Automaton","floor":33,"turns":12}],"seed_played":"39353459279027666","potions_obtained":[{"floor":3,"key":"SneckoOil"},{"floor":10,"key":"Block Potion"},{"floor":16,"key":"Dexterity Potion"},{"floor":18,"key":"Energy Potion"},{"floor":29,"key":"Regen Potion"}],"is_trial":false,"path_per_floor":["M","?","M","M","?","R","E","R","T","M","E","$","?","$","R","B",null,"M","?","?","M","?","R","?","$","T","M","$","M","M","?","R"],"character_chosen":"DEFECT","items_purchased":["Sweeping Beam","Coolheaded","Conserve Battery","Oddly Smooth Stone","Streamline"],"campfire_rested":1,"item_purchase_floors":[12,14,14,25,25],"current_hp_per_floor":[73,66,59,58,58,58,33,33,33,33,15,15,15,15,37,28,63,58,58,58,52,31,40,65,65,65,49,49,45,46,46,58,0],"gold":57,"neow_bonus":"RANDOM_COMMON_RELIC","is_prod":false,"is_daily":false,"chose_seed":false,"campfire_upgraded":4,"win_rate":0,"timestamp":1537117304,"path_taken":["M","?","?","M","?","R","E","R","T","M","E","$","?","$","R","BOSS","M","?","?","M","?","R","?","$","T","M","?","M","?","?","R","BOSS"],"build_version":"2018-09-06","purchased_purges":1,"victory":false,"max_hp_per_floor":[75,75,75,75,75,75,75,75,75,75,75,75,75,75,75,75,75,75,75,75,75,75,75,75,75,75,75,75,75,75,75,75,75],"card_choices":[{"not_picked":["Rebound","Stack"],"picked":"Streamline","floor":1},{"not_picked":["Consume","Leap"],"picked":"Double Energy","floor":3},{"not_picked":["Streamline","Skim"],"picked":"Beam Cell","floor":4},{"not_picked":["Steam","Go for the Eyes"],"picked":"Conserve Battery","floor":7},{"not_picked":["Tempest","Barrage"],"picked":"Auto Shields","floor":10},{"not_picked":["Capacitor","Leap"],"picked":"Meteor Strike","floor":11},{"not_picked":["Buffer","Thunder Strike"],"picked":"Core Surge","floor":16},{"not_picked":["Hello World","Static Discharge"],"picked":"Capacitor","floor":18},{"not_picked":["Leap","Barrage"],"picked":"Cold Snap+1","floor":21},{"not_picked":["Hello World","Chill"],"picked":"Self Repair","floor":27},{"not_picked":["Turbo","Reprogram+1"],"picked":"Go for the Eyes+1","floor":29},{"not_picked":["Compile Driver","Ball Lightning"],"picked":"Aggregate+1","floor":30}],"player_experience":190257,"relics_obtained":[{"floor":7,"key":"Peace Pipe"},{"floor":9,"key":"The Courier"},{"floor":11,"key":"Lantern"},{"floor":26,"key":"Ice Cream"}],"event_choices":[{"event_name":"Golden Wing","player_choice":"Card Removal","floor":2,"damage_taken":0},{"event_name":"Upgrade Shrine","player_choice":"Upgraded","floor":5,"damage_taken":0},{"event_name":"World of Goop","player_choice":"Left","floor":13,"damage_taken":0},{"event_name":"Purifier","player_choice":"One Purge","floor":19,"damage_taken":0},{"event_name":"Back to Basics","player_choice":"Elegance","floor":20,"damage_taken":0},{"event_name":"Colosseum","player_choice":"Fight","floor":22,"damage_taken":0},{"event_name":"Colosseum","player_choice":"Fled From Nobs","floor":22,"damage_taken":0},{"event_name":"The Library","player_choice":"Heal","floor":24,"damage_taken":0},{"event_name":"Vampires","player_choice":"Ignored","floor":31,"damage_taken":0}],"is_beta":false,"boss_relics":[{"not_picked":["Busted Crown","Black Star"],"picked":"Eternal Feather"}],"items_purged_floors":[12],"is_endless":false,"potions_floor_spawned":[3,10,16,18,29],"killed_by":"Automaton","ascension_level":5}