{"gold_per_floor":[18,18,38,38,54,82,82,112,112,112,139,150,150,162,162,259,259,282,294,306,139,159,188,188,188,188,188,188],"floor_reached":28,"playtime":1004,"items_purged":[],"score":279,"play_id":"920cd588-b467-49e8-a6d1-a14a2c5ce7b5","local_time":"20190126152857","is_ascension_mode":true,"campfire_choices":[{"floor":7,"key":"RECALL"},{"floor":10,"key":"REST"},{"data":"Inflame","floor":13,"key":"SMITH"},{"floor":15,"key":"REST"},{"floor":27,"key":"REST"}],"neow_cost":"NO_GOLD","seed_source_timestamp":1526411779620171,"circlet_count":0,"master_deck":["Strike_R+1","Strike_R+1","Strike_R+1","Strike_R+1","Strike_R+1","Defend_R+1","Defend_R+1","Defend_R+1","Defend_R+1","Bash","Battle Trance","Headbutt","Wild Strike","Inflame+1","Intimidate","Rampage","Clash","Pommel Strike","Fiend Fire","Writhe","Doubt","Regret","Clothesline+1","Perfected Strike","Cleave+1","Rage+1"],"relics":["Burning Blood","Magic Flower","Mummified Hand","Bottled Lightning","Du-Vu Doll","Calling Bell","MawBank","WingedGreaves","Paper Frog","Self Forming Clay","Vajra","Oddly Smooth Stone","Nilry\u0027s Codex","Nunchaku"],"potions_floor_usage":[16,16,22,23],"damage_taken":[{"damage":6,"enemies":"Small Slimes","floor":1,"turns":3},{"damage":6,"enemies":"2 Louse","floor":3,"turns":3},{"damage":1,"enemies":"Cultist","floor":5,"turns":4},{"damage":27,"enemies":"Gremlin Nob","floor":6,"turns":4},{"damage":31,"enemies":"3 Sentries","floor":8,"turns":7},{"damage":21,"enemies":"Lagavulin","floor":11,"turns":5},{"damage":4,"enemies":"Large Slime","floor":12,"turns":4},{"damage":5,"enemies":"Exordium Thugs","floor":14,"turns":4},{"damage":68,"enemies":"Hexaghost","floor":16,"turns":10},{"damage":32,"enemies":"3 Byrds","floor":18,"turns":6},{"damage":7,"enemies":"Spheric Guardian","floor":22,"turns":3},{"damage":45,"enemies":"Slavers","floor":23,"turns":5},{"damage":31,"enemies":"Centurion and Healer","floor":28,"turns":3}],"seed_played":"-3965016345810330773","potions_obtained":[{"floor":1,"key":"LiquidBronze"},{"floor":5,"key":"Weak Potion"},{"floor":8,"key":"EssenceOfSteel"},{"floor":11,"key":"Strength Potion"},{"floor":18,"key":"Energy Potion"}],"is_trial":false,"path_per_floor":["M","?","M","?","M","E","R","E","T","R","E","M","R","M","R","B",null,"M","?","T","$","M","E","?","?","T","R","M"],"character_chosen":"IRONCLAD","items_purchased":["Vajra","Perfected Strike"],"campfire_rested":3,"item_purchase_floors":[21,21],"current_hp_per_floor":[80,80,80,80,80,62,62,40,40,64,52,57,57,61,80,21,80,57,57,57,57,59,23,7,7,7,31,0],"gold":188,"neow_bonus":"ONE_RARE_RELIC","is_prod":false,"is_daily":false,"chose_seed":false,"campfire_upgraded":1,"win_rate":0,"timestamp":1548534537,"path_taken":["M","?","M","?","M","E","R","E","T","R","E","M","R","?","R","BOSS","M","?","?","$","M","E","?","?","T","R","M"],"build_version":"2019-01-23","purchased_purges":0,"victory":false,"max_hp_per_floor":[80,80,80,80,80,80,80,80,80,80,80,80,80,80,80,80,80,80,80,80,80,80,80,80,80,80,80,80],"card_choices":[{"not_picked":["Fire Breathing","Sword Boomerang"],"picked":"Battle Trance","floor":1},{"not_picked":["Intimidate","Twin Strike"],"picked":"Headbutt","floor":3},{"not_picked":["Shrug It Off","Searing Blow"],"picked":"Wild Strike","floor":5},{"not_picked":["Rage","Combust"],"picked":"Inflame","floor":6},{"not_picked":["Armaments","Exhume"],"picked":"Intimidate","floor":8},{"not_picked":["Thunderclap","Iron Wave"],"picked":"Rampage","floor":11},{"not_picked":["Headbutt","Warcry"],"picked":"Clash","floor":12},{"not_picked":["Bloodletting","Disarm"],"picked":"Pommel Strike","floor":14},{"not_picked":["Exhume","Impervious"],"picked":"Fiend Fire","floor":16},{"not_picked":["Armaments","Body Slam"],"picked":"Clothesline+1","floor":18},{"not_picked":["Headbutt+1","Perfected Strike"],"picked":"Cleave+1","floor":22},{"not_picked":["Body Slam","Cleave"],"picked":"Rage+1","floor":23}],"player_experience":105514,"relics_obtained":[{"floor":6,"key":"Mummified Hand"},{"floor":8,"key":"Bottled Lightning"},{"floor":11,"key":"Du-Vu Doll"},{"floor":17,"key":"MawBank"},{"floor":17,"key":"WingedGreaves"},{"floor":17,"key":"Paper Frog"},{"floor":20,"key":"Self Forming Clay"},{"floor":23,"key":"Oddly Smooth Stone"},{"floor":24,"key":"Nilry\u0027s Codex"},{"floor":26,"key":"Nunchaku"}],"event_choices":[{"damage_healed":0,"gold_gain":0,"player_choice":"Ignored","damage_taken":0,"max_hp_gain":0,"max_hp_loss":0,"event_name":"Golden Wing","floor":2,"gold_loss":0},{"damage_healed":0,"gold_gain":0,"player_choice":"Ignored","damage_taken":0,"max_hp_gain":0,"max_hp_loss":0,"event_name":"Purifier","floor":4,"gold_loss":0},{"damage_healed":0,"gold_gain":0,"player_choice":"Ignored","damage_taken":0,"max_hp_gain":0,"max_hp_loss":0,"event_name":"Ghosts","floor":19,"gold_loss":0},{"damage_healed":0,"gold_gain":0,"player_choice":"Obtained Book","damage_taken":16,"max_hp_gain":0,"max_hp_loss":0,"event_name":"Cursed Tome","floor":24,"gold_loss":0},{"damage_healed":0,"gold_gain":0,"player_choice":"Simplicity","damage_taken":0,"max_hp_gain":0,"max_hp_loss":0,"event_name":"Back to Basics","floor":25,"gold_loss":0,"cards_upgraded":["Strike_R","Strike_R","Strike_R","Strike_R","Strike_R","Defend_R","Defend_R","Defend_R","Defend_R"]}],"is_beta":false,"boss_relics":[{"not_picked":["Tiny House","Lizard Tail"],"picked":"Calling Bell"}],"items_purged_floors":[],"is_endless":false,"potions_floor_spawned":[1,5,8,11,18],"killed_by":"Centurion and Healer","ascension_level":2}