{"gold_per_floor":[210,230,9,9,9,41,41,76,99,99,249,263,22,47,47,47],"floor_reached":16,"playtime":536,"items_purged":["Doubt"],"score":209,"play_id":"1b5ed6ee-6b8f-486f-9b9e-0ae533ffb1ff","local_time":"20190219203357","is_ascension_mode":true,"campfire_choices":[{"floor":7.0,"key":"REST"},{"data":"Coolheaded","floor":15.0,"key":"SMITH"}],"neow_cost":"NONE","seed_source_timestamp":165721560933855,"circlet_count":0,"master_deck":["AscendersBane","Strike_B","Strike_B","Defend_B","Defend_B","Defend_B","Defend_B","Zap","Dualcast","Compile Driver","Leap","Recycle","Go for the Eyes","Coolheaded+1","Cold Snap","Melter"],"special_seed":0,"relics":["Cracked Core","Runic Capacitor","Art of War","Pen Nib","Bag of Marbles","Oddly Smooth Stone","Centennial Puzzle"],"potions_floor_usage":[16],"damage_taken":[{"damage":11.0,"enemies":"Small Slimes","floor":1.0,"turns":4.0},{"damage":0.0,"enemies":"2 Louse","floor":2.0,"turns":2.0},{"damage":27.0,"enemies":"Lagavulin","floor":6.0,"turns":10.0},{"damage":22.0,"enemies":"3 Sentries","floor":8.0,"turns":8.0},{"damage":7.0,"enemies":"Jaw Worm","floor":12.0,"turns":3.0},{"damage":24.0,"enemies":"Gremlin Nob","floor":14.0,"turns":6.0},{"damage":14,"enemies":"The Guardian","floor":16,"turns":2}],"seed_played":"-485986679090226641","potions_obtained":[{"floor":6.0,"key":"Weak Potion"},{"floor":8.0,"key":"FearPotion"}],"is_trial":false,"path_per_floor":["M","M","$","?","?","E","R","E","T","?","?","M","$","E","R","B"],"character_chosen":"DEFECT","items_purchased":["Runic Capacitor","Oddly Smooth Stone"],"campfire_rested":1,"item_purchase_floors":[3,13],"current_hp_per_floor":[53,53,53,46,46,19,40,18,18,41,41,34,34,10,10,0],"gold":47,"neow_bonus":"HUNDRED_GOLD","is_prod":false,"is_daily":false,"chose_seed":false,"campfire_upgraded":1,"win_rate":0,"timestamp":1550626437,"path_taken":["M","M","$","?","?","E","R","E","T","?","?","M","?","E","R","BOSS"],"build_version":"2019-01-23","purchased_purges":1,"victory":false,"max_hp_per_floor":[71,71,71,71,71,71,71,71,71,71,71,71,71,71,71,71],"card_choices":[{"not_picked":["Sweeping Beam","Coolheaded"],"picked":"Compile Driver","floor":1.0},{"not_picked":["Static Discharge","Capacitor"],"picked":"Leap","floor":2.0},{"not_picked":["Gash","Redo"],"picked":"Go for the Eyes","floor":6.0},{"not_picked":["Fusion","Hologram"],"picked":"Coolheaded","floor":8.0},{"not_picked":["Coolheaded","Hologram"],"picked":"Cold Snap","floor":12.0},{"not_picked":["Blizzard","Reinforced Body"],"picked":"Melter","floor":14.0}],"player_experience":511250,"relics_obtained":[{"floor":6.0,"key":"Art of War"},{"floor":8.0,"key":"Pen Nib"},{"floor":9.0,"key":"Bag of Marbles"},{"floor":14.0,"key":"Centennial Puzzle"}],"event_choices":[{"cards_removed":["Strike_B"],"damage_healed":0.0,"max_hp_gain":0.0,"max_hp_loss":0.0,"gold_gain":0.0,"event_name":"Golden Wing","player_choice":"Card Removal","floor":4.0,"gold_loss":0.0,"damage_taken":7.0},{"damage_healed":0.0,"max_hp_gain":0.0,"max_hp_loss":0.0,"gold_gain":0.0,"cards_transformed":["Strike_B"],"event_name":"Living Wall","player_choice":"Change","floor":5.0,"gold_loss":0.0,"damage_taken":0.0,"cards_obtained":["Recycle"]},{"damage_healed":23.0,"max_hp_gain":0.0,"max_hp_loss":0.0,"gold_gain":0.0,"event_name":"Big Fish","player_choice":"Banana","floor":10.0,"gold_loss":0.0,"damage_taken":0.0},{"damage_healed":0.0,"max_hp_gain":0.0,"max_hp_loss":0.0,"gold_gain":150.0,"event_name":"Liars Game","player_choice":"AGREE","floor":11.0,"gold_loss":0.0,"damage_taken":0.0,"cards_obtained":["Doubt"]}],"is_beta":false,"boss_relics":[],"items_purged_floors":[13],"is_endless":false,"potions_floor_spawned":[6,8],"killed_by":"The Guardian","ascension_level":16}