{"gold_per_floor":[109,120,295,9,9,44,44,75,128,141,29,44],"floor_reached":12,"playtime":798,"items_purged":["Doubt"],"score":101,"play_id":"f2b77f66-5deb-4438-a9c4-92c00140b73c","local_time":"20190125224336","is_ascension_mode":true,"campfire_choices":[{"data":"Cloak And Dagger","floor":7,"key":"SMITH"}],"neow_cost":"NONE","seed_source_timestamp":0,"circlet_count":0,"master_deck":["Defend_G","Defend_G","Defend_G","Defend_G","Defend_G","Strike_G","Strike_G","Strike_G+1","Strike_G","Strike_G","Survivor","Neutralize","Quick Slash+1","Cloak And Dagger+1","Grand Finale","Cloak And Dagger","Infinite Blades","Escape Plan"],"special_seed":0,"relics":["Ring of the Snake","Dead Branch","Whetstone","Art of War"],"potions_floor_usage":[6,10],"damage_taken":[{"damage":0.0,"enemies":"Small Slimes","floor":1.0,"turns":3.0},{"damage":0.0,"enemies":"Jaw Worm","floor":2.0,"turns":5.0},{"damage":17,"enemies":"3 Sentries","floor":6,"turns":10},{"damage":35,"enemies":"Gremlin Nob","floor":8,"turns":5},{"damage":0,"enemies":"2 Louse","floor":10,"turns":2},{"damage":0,"enemies":"2 Fungi Beasts","floor":12,"turns":4}],"seed_played":"3875444265194400424","potions_obtained":[{"floor":2.0,"key":"EssenceOfSteel"},{"floor":8,"key":"GhostInAJar"},{"floor":10,"key":"Fruit Juice"}],"is_trial":false,"path_per_floor":["M","M","?","$","?","E","R","E","T","M","$","M"],"character_chosen":"THE_SILENT","items_purchased":["Dead Branch","Infinite Blades"],"campfire_rested":0,"item_purchase_floors":[4,11],"current_hp_per_floor":[77,77,77,77,77,60,60,25,25,30,30,30],"gold":44,"neow_bonus":"TEN_PERCENT_HP_BONUS","is_prod":false,"is_daily":false,"chose_seed":false,"campfire_upgraded":1,"win_rate":0,"timestamp":1548474216,"path_taken":["M","M","?","$","?","E","R","E","T","M","$","?"],"build_version":"2019-01-23","purchased_purges":1,"victory":false,"max_hp_per_floor":[77,77,77,77,77,77,77,77,77,82,82,82],"card_choices":[{"not_picked":["Flying Knee","Sucker Punch"],"picked":"Quick Slash","floor":1.0},{"not_picked":["Dodge and Roll","Dagger Spray"],"picked":"Cloak And Dagger","floor":2.0},{"not_picked":["Riddle With Holes","Blade Dance"],"picked":"Grand Finale","floor":6},{"not_picked":["Caltrops","Bouncing Flask","Flechettes"],"picked":"SKIP","floor":8},{"not_picked":["Blur","Underhanded Strike"],"picked":"Cloak And Dagger","floor":10},{"not_picked":["Deadly Poison","Bane"],"picked":"Escape Plan","floor":12}],"player_experience":148482,"relics_obtained":[{"floor":6,"key":"Whetstone"},{"floor":8,"key":"Art of War"}],"event_choices":[{"damage_healed":0.0,"max_hp_gain":0.0,"max_hp_loss":0.0,"gold_gain":175.0,"event_name":"Liars Game","player_choice":"AGREE","floor":3.0,"gold_loss":0.0,"damage_taken":0.0,"cards_obtained":["Doubt"]},{"damage_healed":0.0,"max_hp_gain":0.0,"max_hp_loss":0.0,"gold_gain":0.0,"event_name":"The Cleric","player_choice":"Leave","floor":5.0,"gold_loss":0.0,"damage_taken":0.0}],"is_beta":false,"boss_relics":[],"items_purged_floors":[11],"is_endless":false,"potions_floor_spawned":[2,8,10],"killed_by":"2 Fungi Beasts","ascension_level":3}