{"path_per_floor":["M","?","M","M","?","E","R","E","T","M","$","R","?","M","R","B",null,"M","?","M","$","?","R","E","R","T","E","R","?","M","E","R","B",null,"M","$","?","?","M","E","R","M","T","M","E","M","R","$","R","B"],"character_chosen":"IRONCLAD","items_purchased":["Apotheosis","Shockwave","Fiend Fire","Lee\u0027s Waffle"],"gold_per_floor":[112,112,123,135,135,170,170,211,211,224,149,149,179,198,198,327,327,342,342,356,58,58,58,98,98,122,163,163,88,101,142,142,263,263,279,77,136,136,160,200,200,214,214,229,272,287,287,74,74,74],"floor_reached":51,"campfire_rested":3,"playtime":1747,"current_hp_per_floor":[65,58,57,63,63,45,45,29,29,29,29,29,29,35,57,9,58,43,43,38,38,38,60,40,40,40,41,41,41,39,24,46,52,88,74,74,67,67,73,72,72,77,77,65,70,56,56,117,117,76],"items_purged":["Strike_R","Anger","Normality"],"gold":74,"score":1464,"play_id":"44cb6d3e-a10f-4c25-aaf2-5ccfabcb79e9","local_time":"20180327201835","is_prod":false,"is_daily":false,"is_ascension_mode":true,"campfire_upgraded":2,"timestamp":1522149515,"path_taken":["M","?","M","?","?","E","R","E","T","M","$","R","?","M","R","BOSS","M","?","?","$","?","R","E","R","T","E","R","?","M","E","R","BOSS","M","$","?","?","M","E","R","M","T","M","E","M","R","?","R","BOSS"],"build_version":"2018-03-22v2","purchased_purges":3,"victory":true,"master_deck":["Strike_R","Strike_R","Strike_R","Defend_R","Defend_R","Defend_R","Defend_R+1","Bash+1","AscendersBane","Shockwave+1","Shrug It Off","Rage","Uppercut","Demon Form","Heavy Blade","Apotheosis+1","Flame Barrier","Bludgeon","Perfected Strike","Double Tap","Pain","Clumsy","Shockwave","Fiend Fire"],"max_hp_per_floor":[80,80,80,80,74,74,74,74,74,74,74,74,74,74,74,74,74,74,74,74,74,74,74,74,74,74,74,74,74,74,76,76,76,94,96,96,98,98,100,102,102,104,104,106,108,110,110,117,117,117],"relics":["Burning Blood","Paper Frog","Golden Idol","Du-Vu Doll","Centennial Puzzle","Gremlin Horn","Snecko Eye","War Paint","Shovel","Darkstone Periapt","Pen Nib","Singing Bowl","Orichalcum","Ancient Tea Set","Calling Bell","Omamori","Ornamental Fan","Mercury Hourglass","Champion Belt","The Courier","Toolbox","Ice Cream","Red Skull","Oddly Smooth Stone","Lee\u0027s Waffle","Bag of Preparation"],"card_choices":[{"not_picked":["Clothesline","Hemokinesis"],"picked":"Anger","floor":1},{"not_picked":["Headbutt","Sever Soul"],"picked":"Shockwave","floor":3},{"not_picked":["Twin Strike","Double Tap"],"picked":"Shrug It Off","floor":4},{"not_picked":["Power Through","Wild Strike"],"picked":"Rage","floor":6},{"not_picked":["Anger","Body Slam"],"picked":"Intimidate","floor":8},{"not_picked":["Dark Embrace","Shrug It Off"],"picked":"Uppercut","floor":14},{"not_picked":["Reaper","Barricade"],"picked":"Demon Form","floor":16},{"not_picked":["Perfected Strike","Armaments"],"picked":"Heavy Blade","floor":20},{"not_picked":["Anger","Metallicize"],"picked":"Flame Barrier","floor":24},{"not_picked":["Uppercut","Sever Soul"],"picked":"Bludgeon","floor":27},{"not_picked":["True Grit","Havoc"],"picked":"Perfected Strike","floor":30},{"not_picked":["Exhume","Dark Embrace"],"picked":"Double Tap","floor":33}],"player_experience":377174,"potions_floor_usage":[16,24,24,27,33,35,50,50,50],"damage_taken":[{"damage":13,"enemies":"Jaw Worm","floor":1,"turns":5},{"damage":7,"enemies":"2 Louse","floor":3,"turns":3},{"damage":0,"enemies":"Cultist","floor":4,"turns":3},{"damage":24,"enemies":"Gremlin Nob","floor":6,"turns":4},{"damage":22,"enemies":"Lagavulin","floor":8,"turns":5},{"damage":6,"enemies":"Blue Slaver","floor":10,"turns":3},{"damage":0,"enemies":"2 Fungi Beasts","floor":14,"turns":3},{"damage":54,"enemies":"The Guardian","floor":16,"turns":13},{"damage":21,"enemies":"Spheric Guardian","floor":18,"turns":5},{"damage":11,"enemies":"Chosen","floor":20,"turns":5},{"damage":38,"enemies":"Book of Stabbing","floor":24,"turns":6},{"damage":5,"enemies":"Gremlin Leader","floor":27,"turns":4},{"damage":8,"enemies":"3 Cultists","floor":30,"turns":4},{"damage":23,"enemies":"Book of Stabbing","floor":31,"turns":5},{"damage":0,"enemies":"Champ","floor":33,"turns":5},{"damage":22,"enemies":"3 Shapes","floor":35,"turns":3},{"damage":15,"enemies":"신비한 구체","floor":37,"turns":4},{"damage":2,"enemies":"Orb Walker","floor":39,"turns":2},{"damage":9,"enemies":"Giant Head","floor":40,"turns":5},{"damage":3,"enemies":"3 Darklings","floor":42,"turns":2},{"damage":20,"enemies":"Maw","floor":44,"turns":3},{"damage":3,"enemies":"Nemesis","floor":45,"turns":3},{"damage":22,"enemies":"Sphere and 2 Shapes","floor":46,"turns":3},{"damage":47,"enemies":"Time Eater","floor":50,"turns":8}],"event_choices":[{"event_name":"Scrap Ooze","player_choice":"success","floor":2,"damage_taken":7},{"event_name":"Golden Idol","player_choice":"Lose Max HP","floor":5,"damage_taken":0},{"event_name":"Dead Adventurer","player_choice":"Searched \u00272\u0027 times","floor":13,"damage_taken":0},{"event_name":"The Lab","player_choice":"Got Potions","floor":19,"damage_taken":0},{"event_name":"The Mausoleum","player_choice":"Yes","floor":22,"damage_taken":0},{"event_name":"Beggar","player_choice":"Gave Gold","floor":29,"damage_taken":0},{"event_name":"Mysterious Sphere","player_choice":"Fight","floor":37,"damage_taken":0}],"boss_relics":[{"not_picked":["Black Blood","Runic Pyramid"],"picked":"Snecko Eye"},{"not_picked":["Black Star","Runic Dome"],"picked":"Calling Bell"}],"potions_floor_spawned":[4,14,16,31,33,37,39,45],"seed_played":"9132864136678486976","ascension_level":12,"is_trial":false}