{"gold_per_floor":[110,80,93,43,55,87,99,133,186,199,199,199,213,213,213,316,316,316,271,271,271,271,271,271,271,271,271],"floor_reached":27,"playtime":1071,"items_purged":[],"score":318,"play_id":"906d3236-535a-40ba-98d3-9edd36261f1e","local_time":"20181112180539","is_ascension_mode":true,"campfire_choices":[{"data":"Heavy Blade","floor":11,"key":"SMITH"},{"data":"1","floor":15,"key":"LIFT"},{"data":"Limit Break","floor":23,"key":"SMITH"}],"neow_cost":"NONE","seed_source_timestamp":719598333502222,"circlet_count":0,"master_deck":["Strike_R","Strike_R","Defend_R","Defend_R","Defend_R","Defend_R","Bash","Inflame","Carnage","Clash","Heavy Blade+1","Warcry","Shrug It Off","Metallicize","Limit Break+1","Disarm","Dark Embrace","Inflame","True Grit"],"relics":["Burning Blood","NeowsBlessing","Girya","Sundial","Juzu Bracelet","Ectoplasm","MutagenicStrength","Darkstone Periapt"],"potions_floor_usage":[6,22,27],"damage_taken":[{"damage":0,"enemies":"2 Louse","floor":1,"turns":1},{"damage":0,"enemies":"Cultist","floor":3,"turns":1},{"damage":0,"enemies":"Jaw Worm","floor":5,"turns":1},{"damage":16,"enemies":"Gremlin Nob","floor":6,"turns":3},{"damage":8,"enemies":"Blue Slaver","floor":7,"turns":3},{"damage":30,"enemies":"3 Sentries","floor":8,"turns":9},{"damage":11,"enemies":"Looter","floor":10,"turns":2},{"damage":3,"enemies":"3 Louse","floor":13,"turns":4},{"damage":40,"enemies":"The Guardian","floor":16,"turns":13},{"damage":9,"enemies":"Chosen","floor":18,"turns":4},{"damage":18,"enemies":"2 Thieves","floor":19,"turns":4},{"damage":9,"enemies":"Centurion and Healer","floor":21,"turns":5},{"damage":22,"enemies":"Snecko","floor":22,"turns":5},{"damage":28,"enemies":"Chosen and Byrds","floor":24,"turns":8},{"damage":18,"enemies":"Snake Plant","floor":27,"turns":1}],"seed_played":"1818664037661515932","potions_obtained":[{"floor":2,"key":"FairyPotion"},{"floor":2,"key":"Energy Potion"},{"floor":3,"key":"SteroidPotion"},{"floor":8,"key":"SpeedPotion"},{"floor":16,"key":"SkillPotion"},{"floor":24,"key":"EssenceOfSteel"}],"is_trial":false,"path_per_floor":["M","?","M","?","M","E","M","E","T","M","R","?","M","?","R","B",null,"M","M","?","M","M","R","M","?","T","M"],"character_chosen":"IRONCLAD","items_purchased":[],"campfire_rested":0,"item_purchase_floors":[],"current_hp_per_floor":[78,78,80,80,80,70,68,44,44,39,39,32,35,40,40,14,67,64,52,52,49,33,33,11,11,11,0],"gold":271,"neow_bonus":"THREE_ENEMY_KILL","is_prod":false,"is_daily":false,"chose_seed":false,"campfire_upgraded":2,"win_rate":0,"timestamp":1542063939,"path_taken":["M","?","?","?","M","E","M","E","T","M","R","?","M","?","R","BOSS","M","M","?","M","M","R","M","?","T","M"],"build_version":"2018-11-08","purchased_purges":0,"victory":false,"max_hp_per_floor":[80,80,80,80,80,80,80,80,80,80,80,80,80,85,85,85,85,85,85,85,85,85,85,85,85,85,85],"card_choices":[{"not_picked":["Flex","Body Slam"],"picked":"Inflame","floor":1},{"not_picked":["Thunderclap","Body Slam","Cleave"],"picked":"SKIP","floor":3},{"not_picked":["Dropkick","Battle Trance"],"picked":"Carnage","floor":5},{"not_picked":["Juggernaut","Uppercut"],"picked":"Clash","floor":6},{"not_picked":["True Grit","Pommel Strike"],"picked":"Heavy Blade","floor":7},{"not_picked":["Pommel Strike","Heavy Blade"],"picked":"Warcry","floor":8},{"not_picked":["Hemokinesis","Warcry"],"picked":"Shrug It Off","floor":10},{"not_picked":["Juggernaut","Sword Boomerang"],"picked":"Metallicize","floor":13},{"not_picked":["Feed","Offering"],"picked":"Limit Break","floor":16},{"not_picked":["Clothesline","Clash"],"picked":"Disarm","floor":18},{"not_picked":["Wild Strike","Havoc"],"picked":"Dark Embrace","floor":19},{"not_picked":["Dropkick","Combust","Ghostly Armor"],"picked":"SKIP","floor":21},{"not_picked":["Sword Boomerang","Rage"],"picked":"Inflame","floor":22},{"not_picked":["Shrug It Off","Armaments"],"picked":"True Grit","floor":24}],"player_experience":355966,"relics_obtained":[{"floor":6,"key":"Girya"},{"floor":8,"key":"Sundial"},{"floor":9,"key":"Juzu Bracelet"},{"floor":26,"key":"Darkstone Periapt"}],"event_choices":[{"damage_healed":0,"gold_gain":0,"player_choice":"Bought 2 Potions","damage_taken":0,"max_hp_gain":0,"max_hp_loss":0,"event_name":"The Woman in Blue","floor":2,"gold_loss":0},{"cards_removed":["Strike_R"],"damage_healed":0,"gold_gain":0,"player_choice":"Card Removal","damage_taken":0,"max_hp_gain":0,"max_hp_loss":0,"event_name":"The Cleric","floor":4,"gold_loss":50},{"cards_removed":["Strike_R"],"damage_healed":0,"gold_gain":0,"player_choice":"Card Removal","damage_taken":7,"max_hp_gain":0,"max_hp_loss":0,"event_name":"Golden Wing","floor":12,"gold_loss":0},{"damage_healed":0,"gold_gain":0,"player_choice":"Donut","damage_taken":0,"max_hp_gain":5,"max_hp_loss":0,"event_name":"Big Fish","floor":14,"gold_loss":0},{"cards_removed":["Strike_R"],"damage_healed":0,"gold_gain":0,"player_choice":"Purged","damage_taken":0,"max_hp_gain":0,"max_hp_loss":0,"event_name":"Purifier","floor":20,"gold_loss":0},{"damage_healed":0,"gold_gain":0,"player_choice":"Inject Mutagens","damage_taken":0,"relics_obtained":["MutagenicStrength"],"max_hp_gain":0,"max_hp_loss":0,"event_name":"Drug Dealer","floor":25,"gold_loss":0}],"is_beta":true,"boss_relics":[{"not_picked":["Black Star","Pandora\u0027s Box"],"picked":"Ectoplasm"}],"items_purged_floors":[],"is_endless":false,"potions_floor_spawned":[3,5,8,16,19,24],"killed_by":"Snake Plant","ascension_level":8}