{"gold_per_floor":[119,119,139,139,30,60,60,60,60,135,155,174,174,207,207,309,309,319,11,11,23,37,66,90,35,35,51,62,87,87,107,107,107],"floor_reached":33,"playtime":1456,"items_purged":["Strike_R"],"score":432,"play_id":"4b5b1406-f7db-47ce-b0eb-67b96804afea","local_time":"20181110133613","is_ascension_mode":true,"campfire_choices":[{"data":"Armaments","floor":8,"key":"SMITH"},{"data":"Inflame","floor":13,"key":"SMITH"},{"data":"Bash","floor":15,"key":"SMITH"},{"floor":32,"key":"REST"}],"neow_cost":"NONE","seed_source_timestamp":530222128607947,"circlet_count":0,"master_deck":["Strike_R+1","Strike_R+1","Defend_R","Defend_R","Defend_R","Bash+1","Armaments+1","Corruption","Inflame+1","Intimidate","Shockwave","Limit Break","Shrug It Off","Flex+1","Searing Blow+1","Finesse","Heavy Blade"],"relics":["Burning Blood","NeowsBlessing","Pocketwatch","Whetstone","Bronze Scales","Mercury Hourglass","Juzu Bracelet","Empty Cage","Singing Bowl","Frozen Egg 2","Lantern","Ornamental Fan","Centennial Puzzle","Dream Catcher"],"potions_floor_usage":[23,23,23,23,28,29,31],"damage_taken":[{"damage":0,"enemies":"Small Slimes","floor":1,"turns":1},{"damage":0,"enemies":"Jaw Worm","floor":3,"turns":1},{"damage":0,"enemies":"Lagavulin","floor":6,"turns":1},{"damage":0,"enemies":"Cultist","floor":11,"turns":3},{"damage":5,"enemies":"Lots of Slimes","floor":12,"turns":3},{"damage":25,"enemies":"Gremlin Nob","floor":14,"turns":3},{"damage":18,"enemies":"Slime Boss","floor":16,"turns":9},{"damage":5,"enemies":"Shell Parasite","floor":18,"turns":4},{"damage":11,"enemies":"2 Thieves","floor":21,"turns":4},{"damage":14,"enemies":"Centurion and Healer","floor":22,"turns":5},{"damage":35,"enemies":"Book of Stabbing","floor":23,"turns":5},{"damage":13,"enemies":"Snecko","floor":27,"turns":4},{"damage":13,"enemies":"Sentry and Sphere","floor":28,"turns":5},{"damage":14,"enemies":"Slavers","floor":29,"turns":5},{"damage":13,"enemies":"Snake Plant","floor":31,"turns":3},{"damage":72,"enemies":"Automaton","floor":33,"turns":6}],"seed_played":"2782812032457101466","potions_obtained":[{"floor":3,"key":"Poison Potion"},{"floor":6,"key":"PowerPotion"},{"floor":21,"key":"EntropicBrew"},{"floor":23,"key":"SteroidPotion"},{"floor":28,"key":"Block Potion"}],"is_trial":false,"path_per_floor":["M","?","M","?","$","E","$","R","T","T","M","M","R","E","R","B",null,"M","$","?","M","M","E","T","?","T","M","M","E","?","M","R","B"],"character_chosen":"IRONCLAD","items_purchased":["Inflame","Shrug It Off","Singing Bowl"],"campfire_rested":1,"item_purchase_floors":[5,19,19],"current_hp_per_floor":[78,78,80,73,73,79,79,79,79,79,80,80,80,61,61,49,72,73,73,73,68,60,33,33,33,33,28,23,17,17,10,38,0],"gold":107,"neow_bonus":"THREE_ENEMY_KILL","is_prod":false,"is_daily":false,"chose_seed":false,"campfire_upgraded":3,"win_rate":0,"timestamp":1541874973,"path_taken":["M","?","M","?","$","E","$","R","T","?","?","M","R","E","R","BOSS","M","?","?","M","M","E","?","?","T","M","M","E","?","M","R","BOSS"],"build_version":"2018-11-08","purchased_purges":1,"victory":false,"max_hp_per_floor":[80,80,80,80,80,80,80,80,80,80,80,80,80,80,80,80,80,80,80,80,80,80,82,82,82,82,84,86,88,88,88,90,90],"card_choices":[{"not_picked":["Uppercut","Sword Boomerang"],"picked":"Armaments","floor":1},{"not_picked":["Headbutt","Second Wind"],"picked":"Corruption","floor":3},{"not_picked":["Fire Breathing","Wild Strike"],"picked":"Intimidate","floor":6},{"not_picked":["Reckless Charge","Thunderclap","Entrench"],"picked":"SKIP","floor":11},{"not_picked":["Body Slam","Flex","Sword Boomerang"],"picked":"SKIP","floor":12},{"not_picked":["Whirlwind","Flame Barrier"],"picked":"Shockwave","floor":14},{"not_picked":["Brutality","Double Tap"],"picked":"Limit Break","floor":16},{"not_picked":["Cleave","Combust+1","Wild Strike"],"picked":"SKIP","floor":18},{"not_picked":["Infernal Blade+1","Shrug It Off"],"picked":"Flex+1","floor":21},{"not_picked":["Headbutt","Combust"],"picked":"Searing Blow+1","floor":22},{"not_picked":["Pommel Strike","Wild Strike+1","Flame Barrier+1"],"picked":"Singing Bowl","floor":23},{"not_picked":["Headbutt","Armaments","Juggernaut+1"],"picked":"Singing Bowl","floor":27},{"not_picked":["Sword Boomerang","Perfected Strike","Clothesline+1"],"picked":"Singing Bowl","floor":28},{"not_picked":["Wild Strike+1","Entrench","Havoc"],"picked":"Singing Bowl","floor":29},{"not_picked":["Twin Strike","Thunderclap"],"picked":"Heavy Blade","floor":31},{"not_picked":["Combust+1","Iron Wave","Twin Strike+1"],"picked":"Singing Bowl","floor":32}],"player_experience":346456,"relics_obtained":[{"floor":6,"key":"Whetstone"},{"floor":9,"key":"Bronze Scales"},{"floor":10,"key":"Mercury Hourglass"},{"floor":14,"key":"Juzu Bracelet"},{"floor":23,"key":"Frozen Egg 2"},{"floor":24,"key":"Lantern"},{"floor":26,"key":"Centennial Puzzle"},{"floor":29,"key":"Dream Catcher"}],"event_choices":[{"cards_removed":["Strike_R"],"damage_healed":0,"gold_gain":0,"player_choice":"Forget","damage_taken":0,"max_hp_gain":0,"max_hp_loss":0,"event_name":"Living Wall","floor":2,"gold_loss":0},{"damage_healed":0,"gold_gain":0,"player_choice":"Success","damage_taken":7,"relics_obtained":["Pocketwatch"],"max_hp_gain":0,"max_hp_loss":0,"event_name":"Scrap Ooze","floor":4,"gold_loss":0},{"damage_healed":0,"gold_gain":0,"player_choice":"Ignored","damage_taken":0,"max_hp_gain":0,"max_hp_loss":0,"event_name":"Vampires","floor":20,"gold_loss":0},{"damage_healed":0,"gold_gain":0,"player_choice":"Paid Gold","damage_taken":0,"relics_obtained":["Ornamental Fan"],"max_hp_gain":0,"max_hp_loss":0,"event_name":"WeMeetAgain","floor":25,"gold_loss":55},{"damage_healed":0,"gold_gain":0,"player_choice":"1 cards matched","damage_taken":0,"max_hp_gain":0,"max_hp_loss":0,"event_name":"Match and Keep!","floor":30,"gold_loss":0,"cards_obtained":["Finesse"]}],"is_beta":true,"boss_relics":[{"not_picked":["Cursed Key","Snecko Eye"],"picked":"Empty Cage"}],"items_purged_floors":[5],"is_endless":false,"potions_floor_spawned":[3,6,21,23,28],"killed_by":"Automaton","ascension_level":7}