{"gold_per_floor":[212,148,162,177,21,53,53,84,108,122,134,165,145,157,157,229,229,240,214,13,13,24,24,24],"floor_reached":24,"playtime":957,"items_purged":["Strike_R"],"score":436,"play_id":"95ffbb2f-f21a-4d12-895f-0dbf409bf43e","local_time":"20181120225259","is_ascension_mode":true,"campfire_choices":[{"floor":7.0,"key":"REST"},{"floor":15.0,"key":"REST"},{"floor":23,"key":"REST"}],"neow_cost":"NONE","seed_source_timestamp":129635913019206,"circlet_count":0,"master_deck":["AscendersBane","Strike_R","Strike_R","Strike_R","Strike_R","Defend_R","Defend_R","Defend_R+1","Defend_R+1","Bash","Feel No Pain","Whirlwind","Feel No Pain","Shockwave","Flame Barrier","Spot Weakness","Demon Form","Ghostly Armor","Feel No Pain","Apotheosis","Necronomicurse"],"special_seed":0,"relics":["Burning Blood","Art of War","War Paint","Self Forming Clay","Smiling Mask","Dodecahedron","Philosopher\u0027s Stone","Necronomicon"],"potions_floor_usage":[16,16,16,24],"damage_taken":[{"damage":11.0,"enemies":"Jaw Worm","floor":1.0,"turns":5.0},{"damage":1.0,"enemies":"Cultist","floor":3.0,"turns":3.0},{"damage":2.0,"enemies":"2 Louse","floor":4.0,"turns":3.0},{"damage":33.0,"enemies":"3 Sentries","floor":6.0,"turns":10.0},{"damage":60.0,"enemies":"Lagavulin","floor":8.0,"turns":8.0},{"damage":7.0,"enemies":"Gremlin Gang","floor":10.0,"turns":5.0},{"damage":4.0,"enemies":"3 Louse","floor":11.0,"turns":3.0},{"damage":2.0,"enemies":"3 Sentries","floor":12.0,"turns":11.0},{"damage":9.0,"enemies":"Exordium Thugs","floor":14.0,"turns":4.0},{"damage":18,"enemies":"Slime Boss","floor":16,"turns":11},{"damage":21,"enemies":"Chosen","floor":18,"turns":7},{"damage":10,"enemies":"2 Thieves","floor":19,"turns":4},{"damage":9,"enemies":"Centurion and Healer","floor":22,"turns":7},{"damage":46,"enemies":"Gremlin Leader","floor":24,"turns":2}],"seed_played":"-5856401343328991457","potions_obtained":[{"floor":4.0,"key":"Poison Potion"},{"floor":11.0,"key":"SpeedPotion"},{"floor":12.0,"key":"EssenceOfSteel"},{"floor":13.0,"key":"Fire Potion"},{"floor":14.0,"key":"EntropicBrew"},{"floor":18,"key":"FearPotion"}],"is_trial":false,"path_per_floor":["M","?","M","M","$","E","R","E","T","M","M","E","?","M","R","B",null,"M","M","$","?","M","R","E"],"character_chosen":"IRONCLAD","items_purchased":["Whirlwind","Apotheosis"],"campfire_rested":3,"item_purchase_floors":[5,20],"current_hp_per_floor":[63,63,68,72,72,45,67,13,13,12,14,18,18,15,37,25,63,48,44,44,23,20,42,0],"gold":24,"neow_bonus":"HUNDRED_GOLD","is_prod":false,"is_daily":false,"chose_seed":false,"campfire_upgraded":0,"win_rate":0,"timestamp":1542783179,"path_taken":["M","?","M","?","?","E","R","E","T","?","M","E","?","?","R","BOSS","M","M","$","?","M","R","E"],"build_version":"2018-11-15","purchased_purges":1,"victory":false,"max_hp_per_floor":[75,75,75,75,75,75,75,75,75,75,75,75,75,75,75,75,75,75,75,75,75,75,75,75],"card_choices":[{"not_picked":["Iron Wave","Infernal Blade","Cleave"],"picked":"SKIP","floor":1.0},{"not_picked":["Havoc","Armaments","Twin Strike"],"picked":"SKIP","floor":3.0},{"not_picked":["Reckless Charge","Cleave"],"picked":"Feel No Pain","floor":4.0},{"not_picked":["Clothesline","Thunderclap"],"picked":"Feel No Pain","floor":6.0},{"not_picked":["Iron Wave","Feel No Pain"],"picked":"Shockwave","floor":8.0},{"not_picked":["Twin Strike","Rage","Anger"],"picked":"SKIP","floor":10.0},{"not_picked":["Heavy Blade","Rampage"],"picked":"Flame Barrier","floor":11.0},{"not_picked":["Hemokinesis","Dual Wield","Flex"],"picked":"SKIP","floor":12.0},{"not_picked":["Rage","Flame Barrier"],"picked":"Spot Weakness","floor":14.0},{"not_picked":["Limit Break","Berserk"],"picked":"Demon Form","floor":16},{"not_picked":["Armaments","Warcry"],"picked":"Ghostly Armor","floor":18},{"not_picked":["Wild Strike","Havoc"],"picked":"Feel No Pain","floor":19},{"not_picked":["Sever Soul","Inflame","Dual Wield"],"picked":"SKIP","floor":22}],"player_experience":660873,"relics_obtained":[{"floor":6.0,"key":"War Paint"},{"floor":8.0,"key":"Self Forming Clay"},{"floor":9.0,"key":"Smiling Mask"},{"floor":12.0,"key":"Dodecahedron"},{"floor":21,"key":"Necronomicon"}],"event_choices":[{"damage_healed":0.0,"max_hp_gain":0.0,"max_hp_loss":0.0,"gold_gain":0.0,"event_name":"WeMeetAgain","player_choice":"Paid Gold","floor":2.0,"gold_loss":64.0,"damage_taken":0.0,"relics_obtained":["Art of War"]},{"damage_healed":0.0,"max_hp_gain":0.0,"max_hp_loss":0.0,"gold_gain":0.0,"event_name":"The Woman in Blue","player_choice":"Bought 1 Potion","floor":13.0,"gold_loss":0.0,"damage_taken":0.0},{"damage_healed":0,"gold_gain":0,"player_choice":"Obtained Book","damage_taken":21,"max_hp_gain":0,"max_hp_loss":0,"event_name":"Cursed Tome","floor":21,"gold_loss":0}],"is_beta":false,"boss_relics":[{"not_picked":["Calling Bell","Runic Pyramid"],"picked":"Philosopher\u0027s Stone"}],"items_purged_floors":[5],"is_endless":false,"potions_floor_spawned":[4,11,12,14,18],"killed_by":"Gremlin Leader","ascension_level":20}