{"gold_per_floor":[112,287,287,306,323,323,352,372,372,404,404,419,419,448,448,547,547,557,568,843,843,843,874,874,874,874,874],"floor_reached":27,"playtime":1633,"items_purged":[],"score":286,"play_id":"f8b8cae0-e592-4e65-9d00-1fcaed7399c7","local_time":"20181010231144","is_ascension_mode":true,"campfire_choices":[{"data":"Inflame","floor":6,"key":"SMITH"},{"data":"Demon Form","floor":13,"key":"SMITH"},{"data":"Anger","floor":15,"key":"SMITH"},{"floor":24,"key":"REST"}],"neow_cost":"NONE","seed_source_timestamp":5308834051273,"circlet_count":0,"master_deck":["Strike_R+1","Strike_R+1","Strike_R+1","Strike_R+1","Defend_R+1","Defend_R+1","Defend_R+1","Bash","Ghostly Armor","Anger+1","Flex","Inflame+1","Demon Form+1","Flex","Second Wind","Warcry","Sentinel","Offering+1","Sever Soul","Clash+1","Sentinel"],"relics":["Burning Blood","The Courier","Pantograph","Bottled Tornado","Blood Vial","Busted Crown","Darkstone Periapt","Orichalcum"],"potions_floor_usage":[12,12,14,23,23,23],"damage_taken":[{"damage":4,"enemies":"2 Louse","floor":1,"turns":3},{"damage":2,"enemies":"Small Slimes","floor":4,"turns":4},{"damage":2,"enemies":"Jaw Worm","floor":5,"turns":2},{"damage":30,"enemies":"3 Sentries","floor":7,"turns":7},{"damage":12,"enemies":"Looter","floor":8,"turns":3},{"damage":25,"enemies":"Lagavulin","floor":10,"turns":6},{"damage":17,"enemies":"Lots of Slimes","floor":12,"turns":6},{"damage":14,"enemies":"Gremlin Nob","floor":14,"turns":4},{"damage":45,"enemies":"The Guardian","floor":16,"turns":8},{"damage":17,"enemies":"Shell Parasite","floor":18,"turns":3},{"damage":41,"enemies":"2 Thieves","floor":19,"turns":4},{"damage":37,"enemies":"Book of Stabbing","floor":23,"turns":6},{"damage":42,"enemies":"Slavers","floor":27,"turns":3}],"seed_played":"7368812862163776744","potions_obtained":[{"floor":5,"key":"Regen Potion"},{"floor":10,"key":"Poison Potion"},{"floor":12,"key":"AttackPotion"},{"floor":14,"key":"SpeedPotion"},{"floor":18,"key":"Dexterity Potion"},{"floor":23,"key":"Fruit Juice"}],"is_trial":false,"path_per_floor":["M","?","?","M","M","R","E","M","T","E","?","M","R","E","R","B",null,"M","M","?","?","?","E","R","?","T"],"character_chosen":"IRONCLAD","items_purchased":[],"campfire_rested":1,"item_purchase_floors":[],"current_hp_per_floor":[80,80,80,80,80,80,56,50,50,31,24,28,28,20,20,8,80,69,36,36,36,36,12,37,37,37,0],"gold":874,"neow_bonus":"TRANSFORM_CARD","is_prod":false,"is_daily":false,"chose_seed":false,"campfire_upgraded":3,"win_rate":0,"timestamp":1539238304,"path_taken":["M","?","?","?","M","R","E","M","T","E","?","M","R","E","R","BOSS","M","M","?","?","?","E","R","?","T","E"],"build_version":"2018-10-04v2","purchased_purges":0,"victory":false,"max_hp_per_floor":[80,80,80,80,80,80,80,80,80,80,80,80,80,80,80,80,80,80,80,80,80,80,85,85,85,85,85],"card_choices":[{"not_picked":["Clothesline","Wild Strike"],"picked":"Anger","floor":1},{"not_picked":["Wild Strike","Havoc"],"picked":"Flex","floor":4},{"not_picked":["Perfected Strike","Uppercut"],"picked":"Inflame","floor":5},{"not_picked":["Shockwave","Flex"],"picked":"Demon Form","floor":7},{"not_picked":["Headbutt","Whirlwind"],"picked":"Flex","floor":8},{"not_picked":["Corruption","Clash"],"picked":"Second Wind","floor":10},{"not_picked":["Headbutt","Evolve"],"picked":"Warcry","floor":12},{"not_picked":["Blood for Blood","Anger"],"picked":"Sentinel","floor":14},{"not_picked":["Exhume","Juggernaut"],"picked":"Offering","floor":16},{"not_picked":[],"picked":"Sever Soul","floor":18},{"not_picked":[],"picked":"Clash+1","floor":19},{"not_picked":[],"picked":"Sentinel","floor":23}],"player_experience":226352,"relics_obtained":[{"floor":7,"key":"The Courier"},{"floor":9,"key":"Pantograph"},{"floor":10,"key":"Bottled Tornado"},{"floor":14,"key":"Blood Vial"},{"floor":23,"key":"Darkstone Periapt"},{"floor":26,"key":"Orichalcum"}],"event_choices":[{"event_name":"Liars Game","player_choice":"agreed","floor":2,"damage_taken":0},{"event_name":"Wheel of Change","player_choice":"Card Removal","floor":3,"damage_taken":0},{"event_name":"Golden Wing","player_choice":"Card Removal","floor":11,"damage_taken":0},{"event_name":"Golden Shrine","player_choice":"Desecrate","floor":20,"damage_taken":0},{"event_name":"Upgrade Shrine","player_choice":"Upgraded","floor":21,"damage_taken":0},{"event_name":"Back to Basics","player_choice":"Simplicity","floor":22,"damage_taken":0},{"event_name":"Fountain of Cleansing","player_choice":"Removed Curse","floor":25,"damage_taken":0}],"is_beta":false,"boss_relics":[{"not_picked":["Tiny House","Orrery"],"picked":"Busted Crown"}],"items_purged_floors":[],"is_endless":false,"potions_floor_spawned":[5,10,12,14,18,23],"killed_by":"Slavers","ascension_level":3}