{"gold_per_floor":[113,213,226,240,240,240,270,281,281,281,63,63,63,80,80,182,182,197,213,232,232,247,247],"floor_reached":23,"playtime":1480,"items_purged":["Strike_R"],"score":193,"play_id":"a43cab94-c70a-4bcf-ad43-c184ca59b12a","local_time":"20190305232328","is_ascension_mode":false,"campfire_choices":[{"floor":6,"key":"RECALL"},{"data":"Entrench","floor":12,"key":"SMITH"},{"floor":15,"key":"REST"}],"neow_cost":"PERCENT_DAMAGE","seed_source_timestamp":11606401178829,"circlet_count":0,"master_deck":["Strike_R","Strike_R","Strike_R","Defend_R+1","Defend_R","Defend_R+1","Defend_R","Bash","Entrench+1","Twin Strike","Spot Weakness","Warcry","Perfected Strike","Pommel Strike","Demon Form","Heavy Blade","Shrug It Off","Thunderclap","Iron Wave","Flex"],"relics":["Black Blood","Pocketwatch","Red Skull","Vajra","Letter Opener","Blood Vial","Bottled Lightning"],"potions_floor_usage":[16,16,16,22],"damage_taken":[{"damage":6,"enemies":"Jaw Worm","floor":1,"turns":3},{"damage":1,"enemies":"Cultist","floor":3,"turns":3},{"damage":4,"enemies":"Small Slimes","floor":4,"turns":4},{"damage":16,"enemies":"Lagavulin","floor":7,"turns":6},{"damage":10,"enemies":"Gremlin Gang","floor":8,"turns":5},{"damage":3,"enemies":"Red Slaver","floor":14,"turns":2},{"damage":5,"enemies":"Hexaghost","floor":16,"turns":9},{"damage":22,"enemies":"2 Thieves","floor":18,"turns":4},{"damage":27,"enemies":"3 Byrds","floor":19,"turns":7},{"damage":10,"enemies":"Centurion and Healer","floor":20,"turns":5},{"damage":15,"enemies":"Snecko","floor":22,"turns":5},{"damage":65,"enemies":"Book of Stabbing","floor":23,"turns":6}],"seed_played":"7096455462107660476","potions_obtained":[{"floor":1,"key":"LiquidBronze"},{"floor":3,"key":"SkillPotion"},{"floor":8,"key":"LiquidBronze"},{"floor":20,"key":"BloodPotion"}],"is_trial":false,"path_per_floor":["M","?","M","M","?","R","E","M","T","?","$","R","T","M","R","B",null,"M","M","M","?","M","E"],"character_chosen":"IRONCLAD","items_purchased":["Blood Vial"],"campfire_rested":1,"item_purchase_floors":[11],"current_hp_per_floor":[56,56,61,63,47,47,37,33,33,21,21,21,21,26,50,53,80,68,53,55,55,60,0],"gold":247,"neow_bonus":"ONE_RARE_RELIC","is_prod":false,"is_daily":false,"chose_seed":false,"campfire_upgraded":1,"win_rate":0,"timestamp":1551795808,"path_taken":["M","?","M","?","?","R","E","M","T","?","$","R","?","?","R","BOSS","M","?","M","?","?","E"],"build_version":"2019-01-23","purchased_purges":1,"victory":false,"max_hp_per_floor":[80,80,80,80,80,80,80,80,80,80,80,80,80,80,80,80,80,80,80,80,80,80,80],"card_choices":[{"not_picked":["Dual Wield","Iron Wave"],"picked":"Entrench","floor":1},{"not_picked":["Clothesline","Wild Strike"],"picked":"Twin Strike","floor":3},{"not_picked":["Iron Wave","Pommel Strike"],"picked":"Spot Weakness","floor":4},{"not_picked":["Headbutt","Body Slam"],"picked":"Warcry","floor":7},{"not_picked":["Bloodletting","Evolve"],"picked":"Perfected Strike","floor":8},{"not_picked":["Sword Boomerang","True Grit"],"picked":"Pommel Strike","floor":14},{"not_picked":["Dark Embrace","Exhume"],"picked":"Demon Form","floor":16},{"not_picked":["Blood for Blood","Reckless Charge+1"],"picked":"Heavy Blade","floor":18},{"not_picked":["Corruption","Cleave"],"picked":"Shrug It Off","floor":19},{"not_picked":["Shockwave","Armaments"],"picked":"Thunderclap","floor":20},{"not_picked":["Anger+1","Armaments"],"picked":"Flex","floor":22}],"player_experience":101027,"relics_obtained":[{"floor":7,"key":"Red Skull"},{"floor":9,"key":"Vajra"},{"floor":13,"key":"Bottled Lightning"}],"event_choices":[{"damage_healed":0,"gold_gain":100,"player_choice":"Gold","damage_taken":0,"max_hp_gain":0,"max_hp_loss":0,"event_name":"Wheel of Change","floor":2,"gold_loss":0},{"damage_healed":0,"gold_gain":0,"player_choice":"Entered Light","damage_taken":16,"max_hp_gain":0,"max_hp_loss":0,"event_name":"Shining Light","floor":5,"gold_loss":0,"cards_upgraded":["Defend_R","Defend_R"]},{"damage_healed":0,"gold_gain":0,"player_choice":"Success","damage_taken":12,"relics_obtained":["Letter Opener"],"max_hp_gain":0,"max_hp_loss":0,"event_name":"Scrap Ooze","floor":10,"gold_loss":0},{"cards_removed":["Strike_R"],"damage_healed":0,"gold_gain":0,"player_choice":"Took Card","damage_taken":0,"max_hp_gain":0,"max_hp_loss":0,"event_name":"NoteForYourself","floor":21,"gold_loss":0,"cards_obtained":["Iron Wave"]}],"is_beta":false,"boss_relics":[{"not_picked":["White Beast Statue","Mark of Pain"],"picked":"Black Blood"}],"items_purged_floors":[11],"is_endless":false,"potions_floor_spawned":[1,3,8,20],"killed_by":"Book of Stabbing","ascension_level":0}