{"gold_per_floor":[166,183,153,2,18,80,80,106,133,133],"floor_reached":10,"playtime":1082,"items_purged":["Strike_G"],"score":95,"play_id":"65dd3c18-f732-47b3-8fd2-3116312f8b99","local_time":"20190211183256","is_ascension_mode":true,"campfire_choices":[{"data":"Neutralize","floor":7.0,"key":"SMITH"}],"neow_cost":"NONE","seed_source_timestamp":0,"circlet_count":0,"master_deck":["Defend_G","Defend_G","Defend_G+1","Defend_G","Defend_G","Strike_G","Strike_G","Strike_G","Strike_G","Survivor","Neutralize+1","Escape Plan","Deflect","Backflip","Footwork","Footwork","Noxious Fumes"],"special_seed":0,"relics":["Tiny House","Tiny Chest","Smiling Mask"],"potions_floor_usage":[8,8,8,8,8,10],"damage_taken":[{"damage":6.0,"enemies":"Jaw Worm","floor":1.0,"turns":6.0},{"damage":0.0,"enemies":"Cultist","floor":2.0,"turns":5.0},{"damage":0.0,"enemies":"2 Louse","floor":5.0,"turns":4.0},{"damage":35.0,"enemies":"Gremlin Nob","floor":6.0,"turns":5.0},{"damage":24,"enemies":"3 Sentries","floor":8,"turns":24},{"damage":19,"enemies":"Gremlin Nob","floor":10,"turns":5}],"seed_played":"-4163564236393594594","potions_obtained":[{"floor":0.0,"key":"EntropicBrew"},{"floor":3.0,"key":"EntropicBrew"},{"floor":3.0,"key":"Strength Potion"},{"floor":6.0,"key":"SkillPotion"}],"is_trial":false,"path_per_floor":["M","M","?","$","M","E","R","E","T","E"],"character_chosen":"THE_SILENT","items_purchased":["Footwork"],"campfire_rested":0,"item_purchase_floors":[4],"current_hp_per_floor":[69,69,69,69,69,34,34,10,10,0],"gold":133,"neow_bonus":"BOSS_RELIC","is_prod":false,"is_daily":false,"chose_seed":false,"campfire_upgraded":1,"win_rate":0,"timestamp":1549899176,"path_taken":["M","M","?","$","?","E","R","E","T","E"],"build_version":"2019-01-23","purchased_purges":1,"victory":false,"max_hp_per_floor":[75,75,75,75,75,75,75,75,75,75],"card_choices":[{"not_picked":["Cloak And Dagger","Slice"],"picked":"Escape Plan","floor":0.0},{"not_picked":["Accuracy","Sucker Punch"],"picked":"Deflect","floor":1.0},{"not_picked":["Poisoned Stab","PiercingWail"],"picked":"Backflip","floor":2.0},{"not_picked":["Cloak And Dagger","Acrobatics","Terror"],"picked":"SKIP","floor":5.0},{"not_picked":["Backstab","Acrobatics"],"picked":"Footwork","floor":6.0},{"not_picked":["Dagger Spray","Bullet Time"],"picked":"Noxious Fumes","floor":8}],"player_experience":269241,"relics_obtained":[{"floor":6.0,"key":"Tiny Chest"},{"floor":8,"key":"Smiling Mask"}],"event_choices":[{"damage_healed":0.0,"max_hp_gain":0.0,"max_hp_loss":0.0,"gold_gain":0.0,"event_name":"The Woman in Blue","player_choice":"Bought 2 Potions","floor":3.0,"gold_loss":0.0,"damage_taken":0.0}],"is_beta":false,"boss_relics":[],"items_purged_floors":[4],"is_endless":false,"potions_floor_spawned":[6],"killed_by":"Gremlin Nob","ascension_level":5}