{"gold_per_floor":[111,14,32,50,64,89,89,113,181,191,222,222,233,158,158,260,260,270,170,170,189,205,205,223,223,223,223,253,264,264],"floor_reached":30,"playtime":1473,"items_purged":["Defend_R","Strike_R"],"score":301,"play_id":"9d22112d-8660-4e20-bf8b-b0ff2a97c140","local_time":"20181029192250","is_ascension_mode":true,"campfire_choices":[{"data":"True Grit","floor":7,"key":"SMITH"},{"data":"Bash","floor":15,"key":"SMITH"},{"data":"Inflame","floor":23,"key":"SMITH"},{"data":"Berserk","floor":25,"key":"SMITH"}],"neow_cost":"NONE","seed_source_timestamp":1672981948750832,"circlet_count":0,"master_deck":["Strike_R","Strike_R","Strike_R+1","Defend_R","Bash+1","Clash","Flex","Inflame+1","Anger+1","True Grit+1","Iron Wave","Clash","Clothesline","Metallicize","Berserk+1","Flex","Twin Strike+1","Shrug It Off+1","Disarm"],"relics":["Burning Blood","Turnip","Odd Mushroom","Bottled Lightning","Bronze Scales","Empty Cage","Dodecahedron","Letter Opener","Gambling Chip"],"potions_floor_usage":[16,16,24,29,30],"damage_taken":[{"damage":13,"enemies":"Jaw Worm","floor":1,"turns":4},{"damage":5,"enemies":"2 Louse","floor":3,"turns":2},{"damage":1,"enemies":"Cultist","floor":4,"turns":3},{"damage":0,"enemies":"Large Slime","floor":5,"turns":5},{"damage":24,"enemies":"Gremlin Nob","floor":6,"turns":4},{"damage":11,"enemies":"The Mushroom Lair","floor":8,"turns":4},{"damage":0,"enemies":"3 Louse","floor":10,"turns":3},{"damage":16,"enemies":"Lagavulin","floor":11,"turns":6},{"damage":0,"enemies":"Looter","floor":13,"turns":2},{"damage":51,"enemies":"Slime Boss","floor":16,"turns":9},{"damage":16,"enemies":"Chosen","floor":18,"turns":4},{"damage":16,"enemies":"3 Byrds","floor":21,"turns":3},{"damage":12,"enemies":"Snake Plant","floor":22,"turns":3},{"damage":15,"enemies":"3 Cultists","floor":24,"turns":4},{"damage":39,"enemies":"Book of Stabbing","floor":28,"turns":4},{"damage":23,"enemies":"Snecko","floor":29,"turns":4},{"damage":15,"enemies":"Snake Plant","floor":30,"turns":1}],"seed_played":"8513525816703073199","potions_obtained":[{"floor":3,"key":"Regen Potion"},{"floor":5,"key":"Regen Potion"},{"floor":11,"key":"Block Potion"},{"floor":16,"key":"EssenceOfSteel"},{"floor":21,"key":"Dexterity Potion"},{"floor":29,"key":"BloodPotion"}],"is_trial":false,"path_per_floor":["M","$","M","M","M","E","R","?","T","M","E","?","M","$","R","B",null,"M","$","?","M","M","R","M","R","T","?","E","M"],"character_chosen":"IRONCLAD","items_purchased":["Inflame","Anger"],"campfire_rested":0,"item_purchase_floors":[2,2],"current_hp_per_floor":[73,73,74,79,80,62,62,57,57,63,53,37,43,43,43,12,80,70,70,70,60,54,54,57,57,57,57,24,7,0],"gold":264,"neow_bonus":"THREE_CARDS","is_prod":false,"is_daily":false,"chose_seed":false,"campfire_upgraded":4,"win_rate":0,"timestamp":1540855370,"path_taken":["M","$","M","M","M","E","R","?","T","M","E","?","?","$","R","BOSS","M","$","?","M","M","R","M","R","T","?","E","?","M"],"build_version":"2018-10-29","purchased_purges":2,"victory":false,"max_hp_per_floor":[80,80,80,80,80,80,80,80,80,80,80,80,80,80,80,80,80,80,80,80,80,80,80,80,80,80,80,80,80,80],"card_choices":[{"not_picked":["Sword Boomerang","Spot Weakness"],"picked":"Clash","floor":0},{"not_picked":["Heavy Blade","Thunderclap"],"picked":"Flex","floor":1},{"not_picked":["Body Slam","Iron Wave"],"picked":"True Grit","floor":3},{"not_picked":["Body Slam","Anger","Evolve"],"picked":"SKIP","floor":4},{"not_picked":["Combust","Perfected Strike","Sentinel"],"picked":"SKIP","floor":5},{"not_picked":["Cleave","Bloodletting"],"picked":"Iron Wave","floor":6},{"not_picked":["Twin Strike","Exhume"],"picked":"Clash","floor":8},{"not_picked":["True Grit","Shrug It Off","Body Slam"],"picked":"SKIP","floor":10},{"not_picked":["Power Through","Shrug It Off"],"picked":"Clothesline","floor":11},{"not_picked":["Iron Wave","Twin Strike"],"picked":"Metallicize","floor":13},{"not_picked":["Limit Break","Double Tap"],"picked":"Berserk","floor":16},{"not_picked":["Perfected Strike","Clothesline"],"picked":"Flex","floor":18},{"not_picked":["Perfected Strike","Sentinel","Wild Strike"],"picked":"SKIP","floor":21},{"not_picked":["Anger","Thunderclap+1"],"picked":"Twin Strike+1","floor":22},{"not_picked":["Sever Soul","Sword Boomerang+1"],"picked":"Shrug It Off+1","floor":24},{"not_picked":["True Grit","Flex+1"],"picked":"Disarm","floor":28},{"not_picked":["Warcry","Heavy Blade","Armaments"],"picked":"SKIP","floor":29}],"player_experience":311660,"relics_obtained":[{"floor":6,"key":"Turnip"},{"floor":8,"key":"Odd Mushroom"},{"floor":9,"key":"Bottled Lightning"},{"floor":11,"key":"Bronze Scales"},{"floor":26,"key":"Dodecahedron"},{"floor":28,"key":"Gambling Chip"}],"event_choices":[{"damage_healed":0,"gold_gain":0,"player_choice":"Fought Mushrooms","damage_taken":0,"max_hp_gain":0,"max_hp_loss":0,"event_name":"Mushrooms","floor":8,"gold_loss":0},{"damage_healed":0,"gold_gain":0,"player_choice":"Entered Light","damage_taken":16,"max_hp_gain":0,"max_hp_loss":0,"event_name":"Shining Light","floor":12,"gold_loss":0,"cards_upgraded":["Strike_R","Anger"]},{"cards_removed":["Strike_R"],"damage_healed":0,"gold_gain":0,"player_choice":"Elegance","damage_taken":0,"max_hp_gain":0,"max_hp_loss":0,"event_name":"Back to Basics","floor":20,"gold_loss":0},{"damage_healed":0,"gold_gain":0,"player_choice":"Gave Potion","damage_taken":0,"relics_obtained":["Letter Opener"],"max_hp_gain":0,"max_hp_loss":0,"event_name":"WeMeetAgain","floor":27,"gold_loss":0}],"is_beta":true,"boss_relics":[{"not_picked":["Mark of Pain","Lizard Tail"],"picked":"Empty Cage"}],"items_purged_floors":[14,19],"is_endless":false,"potions_floor_spawned":[3,5,11,13,16,21,29],"killed_by":"Snake Plant","ascension_level":3}