{"gold_per_floor":[118,131,30,205,205,232,232,257,336,354,366,441,441,475,475,578,578,563,575,575,590,228,263,263,276,276,103,103],"floor_reached":28,"playtime":2558,"items_purged":["Defend_B","Doubt","Defend_B"],"score":358,"play_id":"32d3d0d4-7971-45aa-9351-8340f673e45c","local_time":"20181118045847","is_ascension_mode":true,"campfire_choices":[{"floor":7,"key":"REST"},{"floor":13,"key":"REST"},{"floor":15,"key":"REST"},{"floor":24,"key":"REST"}],"neow_cost":"NONE","seed_source_timestamp":144854419350978,"circlet_count":0,"master_deck":["Strike_B","Strike_B","Strike_B","Strike_B","Defend_B","Defend_B","Zap","Dualcast","FTL+1","Reinforced Body+1","Go for the Eyes","Chaos","Hello World","Conserve Battery","Conserve Battery","Auto Shields","Biased Cognition","Tempest+1","Go for the Eyes","BootSequence","Capacitor","Secret Technique","Reinforced Body+1","Cold Snap","Barrage"],"relics":["FrozenCore","Orichalcum","DataDisk","Strawberry","Happy Flower","Bag of Marbles","Omamori"],"potions_floor_usage":[6,8,16,23,23,25,28],"damage_taken":[{"damage":9,"enemies":"Small Slimes","floor":1,"turns":4},{"damage":0,"enemies":"Jaw Worm","floor":2,"turns":3},{"damage":17,"enemies":"Gremlin Nob","floor":6,"turns":4},{"damage":25,"enemies":"Lagavulin","floor":8,"turns":7},{"damage":0,"enemies":"Cultist","floor":10,"turns":2},{"damage":12,"enemies":"Large Slime","floor":11,"turns":5},{"damage":14,"enemies":"3 Sentries","floor":14,"turns":8},{"damage":19,"enemies":"Slime Boss","floor":16,"turns":12},{"damage":14,"enemies":"2 Thieves","floor":18,"turns":4},{"damage":7,"enemies":"Shell Parasite","floor":19,"turns":7},{"damage":3,"enemies":"Snake Plant","floor":21,"turns":4},{"damage":25,"enemies":"Slavers","floor":23,"turns":9},{"damage":17,"enemies":"3 Cultists","floor":25,"turns":5},{"damage":31,"enemies":"Gremlin Leader","floor":28,"turns":8}],"seed_played":"-7764912272285423366","potions_obtained":[{"floor":1,"key":"SteroidPotion"},{"floor":6,"key":"AttackPotion"},{"floor":8,"key":"FearPotion"},{"floor":11,"key":"Ancient Potion"},{"floor":18,"key":"Strength Potion"},{"floor":20,"key":"EssenceOfSteel"},{"floor":20,"key":"EssenceOfSteel"},{"floor":23,"key":"EssenceOfSteel"}],"is_trial":false,"path_per_floor":["M","M","$","?","?","E","R","E","T","M","M","?","R","E","R","B",null,"M","M","?","M","$","E","R","M","T","$","E"],"character_chosen":"DEFECT","items_purchased":["Go for the Eyes","Capacitor","Secret Technique","Barrage"],"campfire_rested":4,"item_purchase_floors":[3,22,22,27],"current_hp_per_floor":[59,59,59,59,44,27,49,31,31,31,19,8,32,18,42,23,67,53,46,46,43,43,18,42,25,25,25,0],"gold":103,"neow_bonus":"RANDOM_COMMON_RELIC","is_prod":false,"is_daily":false,"chose_seed":false,"campfire_upgraded":0,"win_rate":0,"timestamp":1542513527,"path_taken":["M","M","$","?","?","E","R","E","T","M","M","?","R","E","R","BOSS","M","M","?","M","$","E","R","M","T","$","E"],"build_version":"2018-11-15","purchased_purges":3,"victory":false,"max_hp_per_floor":[75,75,75,75,75,75,75,82,82,82,82,82,82,82,82,82,82,82,82,82,82,82,82,82,82,82,82,82],"card_choices":[{"not_picked":["Melter","Hologram"],"picked":"FTL","floor":1},{"not_picked":["Rebound","Sweeping Beam"],"picked":"Reinforced Body","floor":2},{"not_picked":["Melter","Fusion"],"picked":"Chaos","floor":6},{"not_picked":["Stack","Beam Cell"],"picked":"Hello World","floor":8},{"not_picked":["Turbo","Beam Cell"],"picked":"Conserve Battery","floor":10},{"not_picked":["Heatsinks","Turbo"],"picked":"Conserve Battery","floor":11},{"not_picked":["Sweeping Beam","Steam"],"picked":"Auto Shields","floor":14},{"not_picked":["Thunder Strike","Fission"],"picked":"Biased Cognition","floor":16},{"not_picked":["Chill","Double Energy"],"picked":"Tempest+1","floor":18},{"not_picked":["Sweeping Beam","Hello World"],"picked":"Go for the Eyes","floor":19},{"not_picked":["Scrape","Sweeping Beam"],"picked":"BootSequence","floor":21},{"not_picked":["Beam Cell","Cold Snap"],"picked":"Reinforced Body+1","floor":23},{"not_picked":["Reinforced Body","Sweeping Beam"],"picked":"Cold Snap","floor":25}],"player_experience":429063,"relics_obtained":[{"floor":6,"key":"DataDisk"},{"floor":8,"key":"Strawberry"},{"floor":14,"key":"Happy Flower"},{"floor":23,"key":"Bag of Marbles"},{"floor":26,"key":"Omamori"}],"event_choices":[{"damage_healed":0,"gold_gain":175,"player_choice":"AGREE","damage_taken":0,"max_hp_gain":0,"max_hp_loss":0,"event_name":"Liars Game","floor":4,"gold_loss":0,"cards_obtained":["Doubt"]},{"damage_healed":0,"gold_gain":0,"player_choice":"Entered Light","damage_taken":15,"max_hp_gain":0,"max_hp_loss":0,"event_name":"Shining Light","floor":5,"gold_loss":0,"cards_upgraded":["Reinforced Body","FTL"]},{"damage_healed":0,"gold_gain":75,"player_choice":"Gather Gold","damage_taken":11,"max_hp_gain":0,"max_hp_loss":0,"event_name":"World of Goop","floor":12,"gold_loss":0},{"damage_healed":0,"gold_gain":0,"player_choice":"Got Potions","damage_taken":0,"max_hp_gain":0,"max_hp_loss":0,"event_name":"Lab","floor":20,"gold_loss":0}],"is_beta":true,"boss_relics":[{"not_picked":["Black Star","Runic Dome"],"picked":"FrozenCore"}],"items_purged_floors":[3,22,27],"is_endless":false,"potions_floor_spawned":[1,6,8,11,18,23],"killed_by":"Gremlin Leader","ascension_level":8}