{"gold_per_floor":[361,17,17,17,29,54,74,74],"floor_reached":8,"playtime":381,"items_purged":[],"score":101,"play_id":"4215bb5a-afe3-458c-bf6d-cbf0d14ba61c","local_time":"20190219174123","is_ascension_mode":true,"campfire_choices":[],"neow_cost":"TEN_PERCENT_HP_LOSS","seed_source_timestamp":155533193439816,"circlet_count":0,"master_deck":["AscendersBane","Defend_G","Defend_G","Defend_G","Defend_G","Defend_G","Strike_G","Strike_G","Strike_G","Strike_G","Strike_G","Survivor","Neutralize","Slice","Footwork","Sucker Punch","Flying Knee","Dash","Dagger Spray"],"special_seed":0,"relics":["Ring of the Snake","Toy Ornithopter","Gremlin Horn"],"potions_floor_usage":[],"damage_taken":[{"damage":3.0,"enemies":"2 Louse","floor":1.0,"turns":4.0},{"damage":0.0,"enemies":"Small Slimes","floor":5.0,"turns":4.0},{"damage":42.0,"enemies":"3 Sentries","floor":6.0,"turns":16.0},{"damage":0.0,"enemies":"Jaw Worm","floor":7.0,"turns":4.0},{"damage":36,"enemies":"Gremlin Nob","floor":8,"turns":4}],"seed_played":"6916925552966045413","potions_obtained":[{"floor":1.0,"key":"Poison Potion"}],"is_trial":false,"path_per_floor":["M","$","?","?","M","E","M","E"],"character_chosen":"THE_SILENT","items_purchased":["Footwork","Toy Ornithopter","Sucker Punch"],"campfire_rested":0,"item_purchase_floors":[2,2,2],"current_hp_per_floor":[56,56,56,61,61,24,24,0],"gold":74,"neow_bonus":"TWO_FIFTY_GOLD","is_prod":false,"is_daily":false,"chose_seed":false,"campfire_upgraded":0,"win_rate":0,"timestamp":1550616083,"path_taken":["M","$","?","?","M","E","M","E"],"build_version":"2019-01-23","purchased_purges":0,"victory":false,"max_hp_per_floor":[60,60,60,65,65,65,65,65],"card_choices":[{"not_picked":["Escape Plan","Prepared"],"picked":"Slice","floor":1.0},{"not_picked":["Quick Slash","Bane"],"picked":"Flying Knee","floor":5.0},{"not_picked":["Escape Plan","Poisoned Stab"],"picked":"Dash","floor":6.0},{"not_picked":["Blur","Bouncing Flask"],"picked":"Dagger Spray","floor":7.0}],"player_experience":502301,"relics_obtained":[{"floor":6.0,"key":"Gremlin Horn"}],"event_choices":[{"damage_healed":0.0,"max_hp_gain":0.0,"max_hp_loss":0.0,"gold_gain":0.0,"event_name":"The Cleric","player_choice":"Leave","floor":3.0,"gold_loss":0.0,"damage_taken":0.0},{"damage_healed":0.0,"max_hp_gain":5.0,"max_hp_loss":0.0,"gold_gain":0.0,"event_name":"Big Fish","player_choice":"Donut","floor":4.0,"gold_loss":0.0,"damage_taken":0.0}],"is_beta":false,"boss_relics":[],"items_purged_floors":[],"is_endless":false,"potions_floor_spawned":[1],"killed_by":"Gremlin Nob","ascension_level":16}