{"gold_per_floor":[216,227,71,91,51,51,78,78,78,111,126,141,156,174,174,272,272,285,128,141,141,141,141,172,183,207,219,219],"floor_reached":28,"playtime":2440,"items_purged":["Perfected Strike"],"score":252,"play_id":"c206e179-e860-4786-9bc6-833076e3307c","local_time":"20190308195022","is_ascension_mode":false,"campfire_choices":[{"data":"Flex","floor":6,"key":"SMITH"},{"data":"Flame Barrier","floor":8,"key":"SMITH"},{"floor":15,"key":"REST"},{"floor":23,"key":"REST"}],"neow_cost":"NONE","seed_source_timestamp":199705871394455,"circlet_count":0,"master_deck":["Strike_R","Strike_R","Defend_R","Defend_R","Defend_R","Defend_R","Bash","Shrug It Off","Flame Barrier+1","Flex+1","Rupture","Dropkick","Feed+1","Anger","Heavy Blade","Infernal Blade","Heavy Blade","Double Tap","Rupture+1","Impervious+1","Burning Pact+1","Combust+1","Inflame","Warcry+1","Bludgeon","Dual Wield+1","Cleave+1"],"relics":["Burning Blood","Sundial","Self Forming Clay","Bronze Scales","Astrolabe","Frozen Egg 2","Bag of Preparation","Regal Pillow"],"potions_floor_usage":[7,7,11,13,16,16,18,27,28],"damage_taken":[{"damage":7,"enemies":"2 Louse","floor":1,"turns":3},{"damage":15,"enemies":"Cultist","floor":2,"turns":4},{"damage":8,"enemies":"Jaw Worm","floor":4,"turns":4},{"damage":18,"enemies":"3 Sentries","floor":7,"turns":4},{"damage":25,"enemies":"Gremlin Nob","floor":10,"turns":4},{"damage":5,"enemies":"Looter","floor":11,"turns":3},{"damage":11,"enemies":"Gremlin Gang","floor":12,"turns":3},{"damage":15,"enemies":"Exordium Wildlife","floor":13,"turns":6},{"damage":13,"enemies":"Lots of Slimes","floor":14,"turns":3},{"damage":70,"enemies":"The Guardian","floor":16,"turns":13},{"damage":33,"enemies":"Shell Parasite","floor":18,"turns":6},{"damage":24,"enemies":"2 Thieves","floor":20,"turns":4},{"damage":58,"enemies":"Slavers","floor":24,"turns":7},{"damage":21,"enemies":"3 Cultists","floor":25,"turns":6},{"damage":6,"enemies":"Snake Plant","floor":27,"turns":5},{"damage":31,"enemies":"Gremlin Leader","floor":28,"turns":6}],"seed_played":"-3446929769169279952","potions_obtained":[{"floor":5,"key":"SpeedPotion"},{"floor":5,"key":"Explosive Potion"},{"floor":5,"key":"Fire Potion"},{"floor":7,"key":"Swift Potion"},{"floor":10,"key":"BloodPotion"},{"floor":14,"key":"Regen Potion"},{"floor":16,"key":"Regen Potion"},{"floor":20,"key":"Dexterity Potion"},{"floor":24,"key":"LiquidBronze"},{"floor":25,"key":"Poison Potion"}],"is_trial":false,"path_per_floor":["?","M","T","?"],"character_chosen":"IRONCLAD","items_purchased":["Flex","Rupture","Dropkick","Inflame"],"campfire_rested":2,"item_purchase_floors":[3,3,3,19],"current_hp_per_floor":[79,70,70,68,68,68,56,56,56,37,38,36,27,23,48,7,86,73,73,55,55,55,80,28,17,17,17,0],"gold":219,"neow_bonus":"HUNDRED_GOLD","is_prod":false,"is_daily":false,"chose_seed":false,"campfire_upgraded":2,"win_rate":0.0,"timestamp":1552071022,"path_taken":["M","M","$","M","?","R","E","R","T","E","?","M","M","M","R","BOSS","M","$","M","?","?","R","E","M","T","M","E"],"build_version":"2019-01-23","purchased_purges":1,"victory":false,"max_hp_per_floor":[80,80,80,80,80,80,80,80,80,80,80,83,83,86,86,86,86,86,86,86,86,86,86,86,90,90,90,90],"card_choices":[{"not_picked":["Corruption","Iron Wave"],"picked":"Shrug It Off","floor":1},{"not_picked":["Warcry","Fiend Fire"],"picked":"Flame Barrier","floor":2},{"not_picked":["True Grit","Thunderclap"],"picked":"Perfected Strike","floor":4},{"not_picked":["Sword Boomerang","Reckless Charge","Fiend Fire"],"picked":"SKIP","floor":7},{"not_picked":["Anger","Sever Soul"],"picked":"Feed","floor":10},{"not_picked":["Warcry","Thunderclap"],"picked":"Anger","floor":11},{"not_picked":["Rage","Headbutt"],"picked":"Heavy Blade","floor":12},{"not_picked":["Body Slam","Power Through"],"picked":"Infernal Blade","floor":13},{"not_picked":["Twin Strike","Headbutt"],"picked":"Heavy Blade","floor":14},{"not_picked":["Berserk","Offering"],"picked":"Double Tap","floor":16},{"not_picked":["Perfected Strike+1","Shrug It Off"],"picked":"Combust+1","floor":18},{"not_picked":["Perfected Strike","Metallicize"],"picked":"Warcry+1","floor":20},{"not_picked":["Warcry","Twin Strike"],"picked":"Bludgeon","floor":24},{"not_picked":["Iron Wave+1","Body Slam"],"picked":"Dual Wield+1","floor":25},{"not_picked":["Warcry","Uppercut+1"],"picked":"Cleave+1","floor":27}],"player_experience":72843,"relics_obtained":[{"floor":7,"key":"Sundial"},{"floor":9,"key":"Self Forming Clay"},{"floor":10,"key":"Bronze Scales"},{"floor":21,"key":"Frozen Egg 2"},{"floor":24,"key":"Bag of Preparation"},{"floor":26,"key":"Regal Pillow"}],"event_choices":[{"damage_healed":0,"gold_gain":0,"player_choice":"Bought 3 Potions","damage_taken":0,"max_hp_gain":0,"max_hp_loss":0,"event_name":"The Woman in Blue","floor":5,"gold_loss":0},{"damage_healed":0,"gold_gain":0,"player_choice":"Upgraded","damage_taken":0,"max_hp_gain":0,"max_hp_loss":0,"event_name":"Upgrade Shrine","floor":22,"gold_loss":0,"cards_upgraded":["Feed"]}],"is_beta":false,"boss_relics":[{"not_picked":["Black Star","Mark of Pain"],"picked":"Astrolabe"}],"items_purged_floors":[19],"is_endless":false,"potions_floor_spawned":[7,10,14,16,20,24,25],"killed_by":"Gremlin Leader","ascension_level":0}