{"gold_per_floor":[115,135,159,159,13,13,13,27,73,102,2,17,17,27,27,123,123,137,137,137,151,163,163,163,1,1,20,20,20],"floor_reached":29,"playtime":1455,"items_purged":["Strike_G","Defend_G"],"score":223,"play_id":"d46ae46e-e538-4c8b-9dbd-6520aab6a20b","local_time":"20180808105710","is_ascension_mode":false,"campfire_choices":[{"data":"Neutralize","floor":6,"key":"SMITH"},{"data":"Footwork","floor":13,"key":"SMITH"},{"data":"Outmaneuver","floor":15,"key":"SMITH"},{"data":"Acrobatics","floor":23,"key":"SMITH"}],"neow_cost":"TEN_PERCENT_HP_LOSS","seed_source_timestamp":117688718200566,"circlet_count":0,"master_deck":["Defend_G","Defend_G","Defend_G","Strike_G","Survivor","Neutralize+1","Acrobatics+1","Dagger Throw","Infinite Blades","Footwork+1","Backflip","Outmaneuver+1","Malaise","Storm of Steel","Cloak And Dagger+1","Underhanded Strike","Reflex","Well Laid Plans"],"relics":["Ring of the Serpent","Calipers","Orichalcum","Blood Vial","Ancient Tea Set","Strawberry"],"potions_floor_usage":[10,27],"damage_taken":[{"damage":0,"enemies":"Cultist","floor":1,"turns":5},{"damage":0,"enemies":"Jaw Worm","floor":2,"turns":5},{"damage":2,"enemies":"2 Louse","floor":8,"turns":4},{"damage":1,"enemies":"Lagavulin","floor":10,"turns":8},{"damage":0,"enemies":"Exordium Thugs","floor":12,"turns":5},{"damage":0,"enemies":"Looter","floor":14,"turns":4},{"damage":8,"enemies":"The Guardian","floor":16,"turns":18},{"damage":0,"enemies":"Chosen","floor":18,"turns":10},{"damage":13,"enemies":"Spheric Guardian","floor":21,"turns":9},{"damage":0,"enemies":"Centurion and Healer","floor":22,"turns":12},{"damage":2,"enemies":"Snake Plant","floor":27,"turns":8},{"damage":25,"enemies":"Slaver and Parasite","floor":29,"turns":4}],"seed_played":"-1173585994700941344","potions_obtained":[{"floor":1,"key":"Strength Potion"},{"floor":2,"key":"GamblersBrew"},{"floor":10,"key":"Strength Potion"},{"floor":14,"key":"SpeedPotion"},{"floor":21,"key":"Block Potion"},{"floor":27,"key":"Dexterity Potion"}],"is_trial":false,"path_per_floor":["M","M","T","?","$","R","?","M","T","E","$","M","R","M","R","B",null,"M","?","?","M","M","R","?","$","T","M","$"],"character_chosen":"THE_SILENT","items_purchased":["Infinite Blades","Reflex","Well Laid Plans"],"campfire_rested":0,"item_purchase_floors":[5,25,25],"current_hp_per_floor":[63,63,63,63,63,63,63,61,61,62,62,63,63,63,63,55,63,63,63,63,50,52,52,52,52,59,59,59,36],"gold":20,"neow_bonus":"ONE_RARE_RELIC","is_prod":false,"is_daily":false,"chose_seed":false,"campfire_upgraded":4,"win_rate":0,"timestamp":1533693430,"path_taken":["M","?","?","?","$","R","?","M","T","E","$","M","R","?","R","BOSS","M","?","?","?","M","R","?","$","T","?","?","M"],"build_version":"2018-08-02","purchased_purges":2,"victory":false,"max_hp_per_floor":[63,63,63,63,63,63,63,63,63,63,63,63,63,63,63,63,63,63,63,63,63,63,63,63,63,70,70,70,70],"card_choices":[{"not_picked":["Predator","Bane"],"picked":"Acrobatics","floor":1},{"not_picked":["Slice","Cloak And Dagger"],"picked":"Dagger Throw","floor":2},{"not_picked":["Poisoned Stab","Quick Slash","Outmaneuver"],"picked":"SKIP","floor":8},{"not_picked":["Crippling Poison","Footwork","Underhanded Strike"],"picked":"SKIP","floor":10},{"not_picked":["Slice","Prepared"],"picked":"Backflip","floor":12},{"not_picked":["Cloak And Dagger","Distraction"],"picked":"Outmaneuver","floor":14},{"not_picked":["Bullet Time","Glass Knife"],"picked":"Malaise","floor":16},{"not_picked":["Caltrops","Sucker Punch","Bane"],"picked":"SKIP","floor":18},{"not_picked":["Distraction+1","Eviscerate"],"picked":"Cloak And Dagger+1","floor":21},{"not_picked":["Flying Knee","PiercingWail"],"picked":"Underhanded Strike","floor":22},{"not_picked":["Prepared","Crippling Poison","Outmaneuver"],"picked":"SKIP","floor":27}],"player_experience":591091,"relics_obtained":[{"floor":3,"key":"Orichalcum"},{"floor":9,"key":"Blood Vial"},{"floor":10,"key":"Ancient Tea Set"},{"floor":26,"key":"Strawberry"}],"event_choices":[{"event_name":"Bonfire Elementals","player_choice":"BASIC","floor":4,"damage_taken":0},{"event_name":"Transmorgrifier","player_choice":"Transform","floor":7,"damage_taken":0},{"event_name":"Vampires","player_choice":"Ignored","floor":19,"damage_taken":0},{"event_name":"Transmorgrifier","player_choice":"Transform","floor":20,"damage_taken":0},{"event_name":"Back to Basics","player_choice":"Elegance","floor":24,"damage_taken":0}],"is_beta":false,"boss_relics":[{"not_picked":["HoveringKite","Velvet Choker"],"picked":"Ring of the Serpent"}],"items_purged_floors":[5,11],"is_endless":false,"potions_floor_spawned":[1,2,10,14,21,27],"killed_by":"Slaver and Parasite","ascension_level":0}