{"gold_per_floor":[111,111,129,139,157,157,170,199,238,250,262,254,278,315,327,415,427,452,479,501,358,378,378,105,121,197,197,225,242,89,89,89,166,166,179,193,1,13,13,13],"floor_reached":40,"playtime":2012,"items_purged":["Strike_B","Strike_B","Strike_B","Injury"],"score":840,"play_id":"f2bc19f6-25c9-4e71-94bb-0d61d2ba8e7d","local_time":"20190121005452","is_ascension_mode":true,"campfire_choices":[{"data":"Consume","floor":6,"key":"SMITH"},{"data":"Ball Lightning","floor":10,"key":"SMITH"},{"data":"Seek","floor":15,"key":"SMITH"},{"data":"Defragment","floor":23,"key":"SMITH"},{"data":"Capacitor","floor":27,"key":"SMITH"},{"floor":32,"key":"REST"}],"neow_cost":"NONE","seed_source_timestamp":1026663602172638,"circlet_count":0,"master_deck":["AscendersBane","Strike_B","Defend_B","Defend_B","Defend_B","Zap+1","Dualcast","Consume+1","Hologram","Gash","Ball Lightning+1","Conserve Battery","Leap","Glacier","Seek+1","Seek","Capacitor+1","Defragment","Defragment+1","Redo+1","Defragment","Force Field","Tempest","Go for the Eyes","Self Repair","Cold Snap","Clumsy","Compile Driver","Chaos","Echo Form","Storm","Storm"],"relics":["Cracked Core","Pen Nib","MawBank","Happy Flower","Bronze Scales","Lizard Tail","Mercury Hourglass","Gambling Chip","Nuclear Battery"],"potions_floor_usage":[16,28,33,40],"damage_taken":[{"damage":0,"enemies":"Cultist","floor":1,"turns":3},{"damage":0,"enemies":"Jaw Worm","floor":3,"turns":4},{"damage":0,"enemies":"2 Louse","floor":4,"turns":1},{"damage":7,"enemies":"Lots of Slimes","floor":5,"turns":4},{"damage":3,"enemies":"Blue Slaver","floor":7,"turns":3},{"damage":18,"enemies":"Lagavulin","floor":8,"turns":6},{"damage":9,"enemies":"Red Slaver","floor":13,"turns":3},{"damage":10,"enemies":"3 Sentries","floor":14,"turns":5},{"damage":13,"enemies":"Slime Boss","floor":16,"turns":10},{"damage":6,"enemies":"Chosen","floor":18,"turns":4},{"damage":0,"enemies":"Spheric Guardian","floor":19,"turns":3},{"damage":4,"enemies":"Centurion and Healer","floor":20,"turns":8},{"damage":3,"enemies":"Snecko","floor":22,"turns":4},{"damage":6,"enemies":"Shelled Parasite and Fungi","floor":25,"turns":9},{"damage":16,"enemies":"Book of Stabbing","floor":28,"turns":5},{"damage":3,"enemies":"Snake Plant","floor":29,"turns":3},{"damage":49,"enemies":"Automaton","floor":33,"turns":9},{"damage":7,"enemies":"Orb Walker","floor":35,"turns":4},{"damage":39,"enemies":"3 Darklings","floor":36,"turns":5},{"damage":24,"enemies":"Spire Growth","floor":38,"turns":5},{"damage":16,"enemies":"Reptomancer","floor":40,"turns":2}],"seed_played":"3386652531851820082","potions_obtained":[{"floor":1,"key":"Strength Potion"},{"floor":3,"key":"Explosive Potion"},{"floor":4,"key":"PowerPotion"},{"floor":16,"key":"Block Potion"},{"floor":28,"key":"EssenceOfSteel"},{"floor":29,"key":"SkillPotion"}],"is_trial":false,"path_per_floor":["M","?","M","M","M","R","M","E","T","R","?","?","M","E","R","B",null,"M","M","M","$","M","R","$","M","T","R","E","M","$","?","R","B",null,"M","M","$","M","?","E"],"character_chosen":"DEFECT","items_purchased":["Defragment","Defragment","Force Field","Cold Snap","Storm"],"campfire_rested":1,"item_purchase_floors":[21,24,24,30,37],"current_hp_per_floor":[64,59,59,59,52,52,49,31,31,31,54,54,45,35,35,22,59,53,53,49,49,46,46,46,40,40,40,24,21,21,21,42,35,62,62,30,30,13,13,0],"gold":13,"neow_bonus":"UPGRADE_CARD","is_prod":false,"is_daily":false,"chose_seed":false,"campfire_upgraded":5,"win_rate":0,"timestamp":1548050092,"path_taken":["M","?","M","M","M","R","M","E","T","R","?","?","M","E","R","BOSS","M","M","M","$","M","R","?","M","T","R","E","M","$","?","R","BOSS","M","M","$","M","?","E"],"build_version":"2019-01-19","purchased_purges":4,"victory":false,"max_hp_per_floor":[71,71,71,71,71,71,71,71,71,71,71,71,71,71,71,71,71,71,71,71,71,71,71,71,71,71,71,71,71,71,71,71,71,71,71,71,71,71,71,71],"card_choices":[{"not_picked":["Turbo","Beam Cell"],"picked":"Consume","floor":1},{"not_picked":["Beam Cell","Sweeping Beam"],"picked":"Hologram","floor":3},{"not_picked":["Barrage","Conserve Battery"],"picked":"Gash","floor":4},{"not_picked":["Redo","Auto Shields"],"picked":"Ball Lightning","floor":5},{"not_picked":["Sweeping Beam","Compile Driver"],"picked":"Conserve Battery","floor":7},{"not_picked":["Stack","Beam Cell"],"picked":"Leap","floor":8},{"not_picked":["Recycle","Storm"],"picked":"Glacier","floor":13},{"not_picked":["Gash","Reprogram"],"picked":"Seek","floor":14},{"not_picked":["Amplify","Meteor Strike"],"picked":"Seek","floor":16},{"not_picked":["BootSequence","Turbo"],"picked":"Capacitor","floor":18},{"not_picked":["Leap","Stack","Ball Lightning"],"picked":"SKIP","floor":19},{"not_picked":["Leap","Darkness"],"picked":"Defragment","floor":20},{"not_picked":["Sweeping Beam","Skim"],"picked":"Redo+1","floor":22},{"not_picked":["BootSequence","Recycle"],"picked":"Tempest","floor":25},{"not_picked":["Undo","Compile Driver"],"picked":"Go for the Eyes","floor":28},{"not_picked":["Undo","FTL"],"picked":"Self Repair","floor":29},{"not_picked":["Fission","Electrodynamics"],"picked":"Echo Form","floor":33},{"not_picked":["Hologram","Gash","Rip and Tear"],"picked":"SKIP","floor":35},{"not_picked":["Cold Snap","Darkness+1"],"picked":"Storm","floor":36},{"not_picked":["Undo","Go for the Eyes","Compile Driver"],"picked":"SKIP","floor":38}],"player_experience":473703,"relics_obtained":[{"floor":8,"key":"MawBank"},{"floor":9,"key":"Happy Flower"},{"floor":14,"key":"Bronze Scales"},{"floor":26,"key":"Mercury Hourglass"},{"floor":28,"key":"Gambling Chip"}],"event_choices":[{"damage_healed":0,"gold_gain":0,"player_choice":"Success","damage_taken":5,"relics_obtained":["Pen Nib"],"max_hp_gain":0,"max_hp_loss":0,"event_name":"Scrap Ooze","floor":2,"gold_loss":0},{"damage_healed":23,"gold_gain":0,"player_choice":"Banana","damage_taken":0,"max_hp_gain":0,"max_hp_loss":0,"event_name":"Big Fish","floor":11,"gold_loss":0},{"damage_healed":0,"gold_gain":0,"player_choice":"Bought 1 Potion","damage_taken":0,"max_hp_gain":0,"max_hp_loss":0,"event_name":"The Woman in Blue","floor":12,"gold_loss":0},{"damage_healed":0,"gold_gain":0,"player_choice":"4 cards matched","damage_taken":0,"max_hp_gain":0,"max_hp_loss":0,"event_name":"Match and Keep!","floor":31,"gold_loss":0,"cards_obtained":["Clumsy","Compile Driver","Chaos","Injury"]},{"cards_removed":["Defend_B"],"damage_healed":0,"gold_gain":0,"player_choice":"Removed Skill","damage_taken":0,"max_hp_gain":0,"max_hp_loss":0,"event_name":"Falling","floor":39,"gold_loss":0}],"is_beta":true,"boss_relics":[{"not_picked":["Velvet Choker","Busted Crown"],"picked":"Lizard Tail"},{"not_picked":["Runic Pyramid","Pandora\u0027s Box"],"picked":"Nuclear Battery"}],"items_purged_floors":[21,24,30,37],"is_endless":false,"potions_floor_spawned":[1,3,4,14,16,22,28,29],"killed_by":"Reptomancer","ascension_level":20}