{"path_per_floor":["M","M","?","M","?","E","R","E","T","M","M","$","?","?","R","B",null,"M","$","M","?"],"character_chosen":"IRONCLAD","items_purchased":["Omamori","Battle Trance","Havoc","Bottled Lightning","Clothesline"],"gold_per_floor":[112,126,126,144,144,177,177,203,227,242,258,10,10,185,185,288,288,305,20,31,31],"floor_reached":22,"campfire_rested":2,"playtime":1202,"current_hp_per_floor":[80,71,55,50,50,17,41,35,42,41,28,28,38,38,67,20,97,78,78,45,45],"items_purged":[],"gold":31,"play_id":"7fdf17ad-f85b-44e3-b800-26d17d2c2210","is_prod":false,"is_daily":false,"campfire_rituals":0,"campfire_upgraded":0,"is_hardmode":false,"path_taken":["M","M","?","M","?","E","R","E","T","M","M","$","?","?","R","BOSS","M","$","M","?","M"],"build_version":"2017-12-21-PROD1","purchased_purges":0,"victory":false,"master_deck":["Strike_R","Strike_R","Strike_R","Strike_R","Strike_R","Defend_R","Defend_R","Defend_R","Defend_R","Bash","Whirlwind","Anger","Flex","Finesse","Searing Blow","Fire Breathing","Combust","Demon Form","Battle Trance","Havoc","Armaments","Exhume","Havoc","Clothesline","Dark Embrace"],"max_hp_per_floor":[80,80,80,80,80,80,80,80,87,87,87,87,97,97,97,97,97,97,97,97,97],"relics":["Burning Blood","Blood Vial","Dream Catcher","Strawberry","Omamori","Pear","Eternal Feather","Bottled Lightning"],"campfire_meditates":0,"card_choices":[{"not_picked":["Battle Trance","Iron Wave"],"picked":"Whirlwind"},{"not_picked":["Feel No Pain","Blood for Blood"],"picked":"Anger"},{"not_picked":["True Grit","Feel No Pain"],"picked":"Flex"},{"not_picked":["Dropkick","Disarm"],"picked":"Searing Blow"},{"not_picked":["Warcry","Blood for Blood"],"picked":"Fire Breathing"},{"not_picked":["Headbutt","True Grit"],"picked":"Combust"},{"not_picked":["Iron Wave","Flex"],"picked":"Demon Form"},{"not_picked":["Intimidate","Shockwave"],"picked":"Armaments"},{"not_picked":["Offering","Dark Embrace"],"picked":"Exhume"},{"not_picked":["Iron Wave","Wild Strike"],"picked":"Havoc"},{"not_picked":["Battle Trance","Clash"],"picked":"Dark Embrace"}],"player_experience":99163,"potions_floor_usage":[],"damage_taken":[{"damage":5.0,"enemies":"Cultist","floor":1.0,"turns":4.0},{"damage":15.0,"enemies":"Looter","floor":2.0,"turns":3.0},{"damage":11.0,"enemies":"Jaw Worm","floor":4.0,"turns":2.0},{"damage":39.0,"enemies":"Lagavulin","floor":6.0,"turns":6.0},{"damage":14.0,"enemies":"Gremlin Nob","floor":8.0,"turns":3.0},{"damage":9.0,"enemies":"3 Louse","floor":10.0,"turns":3.0},{"damage":21.0,"enemies":"Red Slaver","floor":11.0,"turns":4.0},{"damage":55.0,"enemies":"Hexaghost","floor":16.0,"turns":8.0},{"damage":25.0,"enemies":"3 Byrds","floor":18.0,"turns":4.0},{"damage":41.0,"enemies":"Spheric Guardian","floor":20.0,"turns":5.0},{"damage":50,"enemies":"Snake Plant","floor":22,"turns":4}],"event_choices":[{"event_name":"Shining Light","player_choice":"Entered Light","floor":3.0,"damage_taken":0.0},{"event_name":"Match and Keep!","player_choice":"1 cards matched","floor":5.0,"damage_taken":0.0},{"event_name":"Accursed Blacksmith","player_choice":"Rummage","floor":13.0,"damage_taken":0.0},{"event_name":"Liars Game","player_choice":"agreed","floor":14.0,"damage_taken":0.0},{"event_name":"Back to Basics","player_choice":"Simplicity","floor":21.0,"damage_taken":0.0}],"boss_relics":[],"potions_floor_spawned":[1,6,11,16,18],"seed_played":"-4652292027200704065","killed_by":"Snake Plant","is_trial":false}