{"gold_per_floor":[116,64,64,74,94,122,122,122,147,182,106,116,144,171,171,266,266,280,280,230,240,240,267,279,296,370,370,370,402,2,13,13,116,116,133,133,133,133,133,133,149,162,212,228,228,228,228,242,242,242],"floor_reached":51,"playtime":1480,"items_purged":["Bloodletting"],"score":778,"play_id":"d067821d-2824-4713-848b-617b89827957","local_time":"20181002225233","daily_mods":["SealedDeck"],"is_ascension_mode":false,"campfire_choices":[{"data":"Whirlwind","floor":7,"key":"SMITH"},{"data":"Heavy Blade","floor":15,"key":"SMITH"},{"data":"Whirlwind","floor":27,"key":"SMITH"},{"data":"Seeing Red","floor":32,"key":"SMITH"},{"data":"Limit Break","floor":40,"key":"SMITH"},{"floor":46,"key":"REST"},{"data":"Seeing Red","floor":49,"key":"SMITH"}],"neow_cost":"","seed_source_timestamp":98755000572594,"circlet_count":0,"master_deck":["Anger","Seeing Red+1","Whirlwind+1","Flex","Clash+1","Heavy Blade+1","Headbutt+1","Spot Weakness+1","Clash","Clash","Twin Strike","Flex","Twin Strike","Anger","Whirlwind+1","Seeing Red+1","Inflame+1","Limit Break+1","Seeing Red+1"],"relics":["Burning Blood","Orichalcum","Smiling Mask","Anchor","Du-Vu Doll","Bag of Marbles","Sozu","Pen Nib","Happy Flower","Letter Opener","Vajra","Ancient Tea Set","Mercury Hourglass","Runic Pyramid","Juzu Bracelet"],"potions_floor_usage":[16,23,41],"damage_taken":[{"damage":3,"enemies":"2 Louse","floor":1,"turns":2},{"damage":0,"enemies":"Small Slimes","floor":4,"turns":1},{"damage":0,"enemies":"Cultist","floor":5,"turns":2},{"damage":0,"enemies":"Gremlin Nob","floor":6,"turns":2},{"damage":15,"enemies":"Lagavulin","floor":10,"turns":3},{"damage":0,"enemies":"Large Slime","floor":12,"turns":2},{"damage":3,"enemies":"3 Sentries","floor":13,"turns":3},{"damage":0,"enemies":"Gremlin Nob","floor":14,"turns":2},{"damage":0,"enemies":"Slime Boss","floor":16,"turns":3},{"damage":0,"enemies":"Spheric Guardian","floor":18,"turns":2},{"damage":0,"enemies":"3 Byrds","floor":21,"turns":1},{"damage":8,"enemies":"Book of Stabbing","floor":23,"turns":3},{"damage":0,"enemies":"3 Cultists","floor":24,"turns":3},{"damage":0,"enemies":"Centurion and Healer","floor":25,"turns":2},{"damage":8,"enemies":"Gremlin Leader","floor":29,"turns":3},{"damage":9,"enemies":"Snecko","floor":31,"turns":3},{"damage":56,"enemies":"Champ","floor":33,"turns":6},{"damage":0,"enemies":"3 Darklings","floor":35,"turns":1},{"damage":14,"enemies":"3 Shapes","floor":41,"turns":1},{"damage":0,"enemies":"3 Darklings","floor":42,"turns":2},{"damage":25,"enemies":"Reptomancer","floor":44,"turns":3},{"damage":6,"enemies":"Spire Growth","floor":48,"turns":3},{"damage":52,"enemies":"Time Eater","floor":50,"turns":4}],"seed_played":"6707858682545033768","potions_obtained":[{"floor":5,"key":"Fruit Juice"},{"floor":6,"key":"Block Potion"},{"floor":14,"key":"Ancient Potion"},{"floor":14,"key":"AttackPotion"}],"is_trial":true,"path_per_floor":["M","$","?","M","M","E","R","?","T","E","$","M","E","?","R","B",null,"M","$","?","M","?","E","M","M","T","R","?","E","$","M","R","B",null,"M","?","$","?","$","R","M","M","T","M","?","R","$","M","R","B"],"character_chosen":"IRONCLAD","items_purchased":["Clash","Flex","Ancient Tea Set","Mercury Hourglass"],"campfire_rested":1,"item_purchase_floors":[2,11,30,30],"current_hp_per_floor":[80,80,64,70,76,80,80,85,85,76,76,82,85,85,85,85,85,85,85,85,85,85,83,85,85,85,85,85,83,83,80,80,30,85,85,81,81,81,81,81,78,84,84,65,65,86,86,86,86,40],"gold":242,"neow_bonus":"","is_prod":false,"is_daily":false,"chose_seed":false,"campfire_upgraded":6,"win_rate":0,"timestamp":1538535153,"path_taken":["M","$","?","M","M","E","R","?","T","E","$","M","E","?","R","BOSS","M","$","?","M","?","E","M","M","T","R","?","E","$","M","R","BOSS","M","?","$","?","?","R","M","M","T","M","?","R","$","M","R","BOSS"],"build_version":"2018-09-27","purchased_purges":1,"victory":true,"max_hp_per_floor":[80,80,80,80,80,80,80,85,85,85,85,85,85,85,85,85,85,85,85,85,85,85,85,85,85,85,85,85,85,85,85,85,85,85,85,81,81,81,81,81,86,86,86,86,86,86,86,86,86,86],"card_choices":[{"not_picked":["Warcry","Battle Trance","Havoc"],"picked":"SKIP","floor":1},{"not_picked":["Thunderclap","Iron Wave","Spot Weakness"],"picked":"SKIP","floor":4},{"not_picked":["True Grit","Combust","Shockwave"],"picked":"SKIP","floor":5},{"not_picked":["Perfected Strike","Flex"],"picked":"Clash","floor":6},{"not_picked":["True Grit","Exhume"],"picked":"Twin Strike","floor":10},{"not_picked":["Sword Boomerang","Shockwave"],"picked":"Twin Strike","floor":12},{"not_picked":["True Grit","Pommel Strike","Wild Strike"],"picked":"SKIP","floor":13},{"not_picked":["Perfected Strike","Havoc+1","Pummel"],"picked":"SKIP","floor":18},{"not_picked":["Iron Wave","Rage"],"picked":"Anger","floor":21},{"not_picked":["Headbutt","Shockwave"],"picked":"Whirlwind","floor":23},{"not_picked":["Sentinel+1","Shrug It Off"],"picked":"Seeing Red","floor":24},{"not_picked":["Sword Boomerang","Perfected Strike"],"picked":"Inflame+1","floor":25},{"not_picked":["Clothesline","Flex+1","Sword Boomerang"],"picked":"SKIP","floor":29},{"not_picked":["Bloodletting","Perfected Strike+1","Ghostly Armor"],"picked":"SKIP","floor":31},{"not_picked":["Reaper","Exhume"],"picked":"Limit Break","floor":33},{"not_picked":["True Grit","Shrug It Off","Sentinel"],"picked":"SKIP","floor":35},{"not_picked":["Warcry","Sword Boomerang","Wild Strike+1"],"picked":"SKIP","floor":41},{"not_picked":["Twin Strike","Pommel Strike","Rupture"],"picked":"SKIP","floor":42},{"not_picked":["Twin Strike","Shrug It Off+1","Disarm"],"picked":"SKIP","floor":44},{"not_picked":["Headbutt","Rage+1"],"picked":"Seeing Red+1","floor":48}],"player_experience":165134,"relics_obtained":[{"floor":6,"key":"Orichalcum"},{"floor":9,"key":"Smiling Mask"},{"floor":10,"key":"Anchor"},{"floor":13,"key":"Du-Vu Doll"},{"floor":14,"key":"Bag of Marbles"},{"floor":23,"key":"Happy Flower"},{"floor":26,"key":"Letter Opener"},{"floor":29,"key":"Vajra"},{"floor":43,"key":"Juzu Bracelet"}],"event_choices":[{"event_name":"Shining Light","player_choice":"Entered Light","floor":3,"damage_taken":0},{"event_name":"Big Fish","player_choice":"Donut","floor":8,"damage_taken":0},{"event_name":"Dead Adventurer","player_choice":"Searched \u00272\u0027 times","floor":14,"damage_taken":0},{"event_name":"The Joust","player_choice":"Bet on Owner","floor":20,"damage_taken":0},{"event_name":"The Mausoleum","player_choice":"Yes","floor":22,"damage_taken":0},{"event_name":"Back to Basics","player_choice":"Elegance","floor":28,"damage_taken":0},{"event_name":"Winding Halls","player_choice":"Max HP","floor":36,"damage_taken":0},{"event_name":"Tomb of Lord Red Mask","player_choice":"Ignored","floor":38,"damage_taken":0},{"event_name":"Accursed Blacksmith","player_choice":"Forge","floor":45,"damage_taken":0}],"is_beta":false,"boss_relics":[{"not_picked":["Black Star","Snecko Eye"],"picked":"Sozu"},{"not_picked":["Empty Cage","Runic Cube"],"picked":"Runic Pyramid"}],"items_purged_floors":[11],"is_endless":false,"potions_floor_spawned":[5,6,14,14,24,25,29,31,41,48],"ascension_level":0}