{"gold_per_floor":[117,134,134,150,325,350,367,367,367,367,367,240,240,270,270,369,369,379,359,359,134,144,144,162,177,222,232,232],"floor_reached":28,"playtime":703,"items_purged":["Defend_G"],"score":228,"play_id":"5e32ee16-589b-4cab-91e2-9cd21b37c2b9","local_time":"20180822171727","is_ascension_mode":false,"campfire_choices":[{"floor":8,"key":"REST"},{"floor":10,"key":"REST"},{"data":"Quick Slash","floor":15,"key":"SMITH"},{"floor":23,"key":"REST"}],"neow_cost":"","seed_source_timestamp":68753229303196,"circlet_count":0,"master_deck":["Defend_G+1","Defend_G","Defend_G","Defend_G","Strike_G","Strike_G","Strike_G","Strike_G","Strike_G+1","Survivor","Neutralize","Backflip","Terror","Acrobatics","Doubt","Cloak And Dagger","All Out Attack","Quick Slash+1","Parasite","Die Die Die","Riddle With Holes+1","Flechettes","Flechettes","Glass Knife","Flying Knee+1","Sucker Punch"],"relics":["Ring of the Snake","Du-Vu Doll","Blue Candle","Kunai","Paper Crane","Fusion Hammer","Dream Catcher","Bag of Preparation"],"potions_floor_usage":[24,27,28],"damage_taken":[{"damage":1,"enemies":"Small Slimes","floor":1,"turns":4},{"damage":5,"enemies":"Cultist","floor":2,"turns":4},{"damage":5,"enemies":"2 Louse","floor":4,"turns":2},{"damage":37,"enemies":"Gremlin Nob","floor":6,"turns":5},{"damage":4,"enemies":"Exordium Thugs","floor":7,"turns":5},{"damage":15,"enemies":"3 Sentries","floor":14,"turns":4},{"damage":34,"enemies":"The Guardian","floor":16,"turns":10},{"damage":8,"enemies":"Shell Parasite","floor":18,"turns":4},{"damage":15,"enemies":"Spheric Guardian","floor":22,"turns":4},{"damage":17,"enemies":"Shelled Parasite and Fungi","floor":24,"turns":2},{"damage":14,"enemies":"Sentry and Sphere","floor":25,"turns":4},{"damage":7,"enemies":"Snake Plant","floor":27,"turns":4},{"damage":23,"enemies":"Book of Stabbing","floor":28,"turns":3}],"seed_played":"-2169216886759717487","potions_obtained":[{"floor":2,"key":"Block Potion"},{"floor":14,"key":"Dexterity Potion"},{"floor":19,"key":"AttackPotion"},{"floor":24,"key":"Fruit Juice"}],"is_trial":false,"path_per_floor":["M","M","?","M","?","E","M","R","T","R","?","$","?","E","R","B",null,"M","?","?","$","M","R","M","M","T","M"],"character_chosen":"THE_SILENT","items_purchased":["Quick Slash","Flechettes","Dream Catcher"],"campfire_rested":3,"item_purchase_floors":[12,21,21],"current_hp_per_floor":[69,64,50,45,45,8,4,25,25,46,43,43,60,45,45,11,70,62,62,49,49,34,56,39,25,25,23,0],"gold":232,"neow_bonus":"","is_prod":false,"is_daily":false,"chose_seed":false,"campfire_upgraded":1,"win_rate":0,"timestamp":1534972647,"path_taken":["M","M","?","M","?","E","?","R","T","R","?","$","?","E","R","BOSS","M","?","?","?","M","R","M","M","T","M","E"],"build_version":"2018-08-16","purchased_purges":1,"victory":false,"max_hp_per_floor":[70,70,70,70,70,70,70,70,70,70,70,70,70,70,70,70,70,70,70,75,75,75,75,75,75,75,80,80],"card_choices":[{"not_picked":["Dash","Outmaneuver"],"picked":"Backflip","floor":1},{"not_picked":["Setup","Outmaneuver"],"picked":"Terror","floor":2},{"not_picked":["Finisher","Dagger Throw"],"picked":"Acrobatics","floor":4},{"not_picked":["All Out Attack","Eviscerate"],"picked":"Cloak And Dagger","floor":6},{"not_picked":["Skewer","Sucker Punch"],"picked":"All Out Attack","floor":7},{"not_picked":["Predator","Outmaneuver","Concentrate"],"picked":"SKIP","floor":14},{"not_picked":["Glass Knife","Unload"],"picked":"Die Die Die","floor":16},{"not_picked":["Sucker Punch","Slice+1"],"picked":"Riddle With Holes+1","floor":18},{"not_picked":["Slice","Dagger Throw"],"picked":"Flechettes","floor":22},{"not_picked":["Dash+1","Blade Dance+1"],"picked":"Glass Knife","floor":24},{"not_picked":["Blade Dance","Dagger Spray"],"picked":"Flying Knee+1","floor":25},{"not_picked":["Slice+1","Bouncing Flask"],"picked":"Sucker Punch","floor":27}],"player_experience":134019,"relics_obtained":[{"floor":6,"key":"Du-Vu Doll"},{"floor":9,"key":"Blue Candle"},{"floor":14,"key":"Paper Crane"},{"floor":26,"key":"Bag of Preparation"}],"event_choices":[{"event_name":"Shining Light","player_choice":"Entered Light","floor":3,"damage_taken":0},{"event_name":"Liars Game","player_choice":"agreed","floor":5,"damage_taken":0},{"event_name":"Scrap Ooze","player_choice":"success","floor":11,"damage_taken":3},{"event_name":"Mushrooms","player_choice":"Healed and dodged fight","floor":13,"damage_taken":0},{"event_name":"The Woman in Blue","player_choice":"Bought 1 Potion","floor":19,"damage_taken":0},{"event_name":"Forgotten Altar","player_choice":"Shed Blood","floor":20,"damage_taken":0}],"is_beta":false,"boss_relics":[{"not_picked":["Empty Cage","Runic Pyramid"],"picked":"Fusion Hammer"}],"items_purged_floors":[12],"is_endless":false,"potions_floor_spawned":[2,14,24,25],"killed_by":"Book of Stabbing","ascension_level":0}