{"gold_per_floor":[14,14,14,26,44,72,72,99,123,157,5,25,36,66,66,143,143,162,162,174,185,42,42,77,77,77,90,41,57,67,98,98,175,175,195,213,15,28,45,73,0,0],"floor_reached":42,"playtime":3404,"items_purged":[],"score":900,"play_id":"49c59416-f30e-4a9b-a05e-d1c4c43aa140","local_time":"20180711191746","is_ascension_mode":true,"campfire_choices":[{"floor":7.0,"key":"REST"},{"floor":15.0,"key":"REST"},{"data":"A Thousand Cuts","floor":23,"key":"SMITH"},{"data":"Wraith Form v2","floor":25,"key":"SMITH"},{"data":"Cloak And Dagger","floor":32,"key":"SMITH"}],"neow_cost":"NO_GOLD","seed_source_timestamp":0,"circlet_count":0,"master_deck":["Defend_G","Defend_G","Defend_G+1","Defend_G","Defend_G","Strike_G","Strike_G+1","Strike_G","Strike_G+1","Strike_G+1","Survivor","Neutralize","AscendersBane","Sucker Punch","Leg Sweep","Malaise","Predator","Dagger Spray","Wraith Form v2+1","Backflip","A Thousand Cuts+1","After Image","Malaise","Footwork","Prepared+1","Footwork","Parasite","Cloak And Dagger+1","Dodge and Roll","Blade Dance","Bullet Time","Storm of Steel","Blur","Cloak And Dagger","Blur","Quick Slash","After Image","Backflip+1","Dodge and Roll","Acrobatics","Backflip+1"],"special_seed":0,"relics":["Ring of the Snake","Ginger","Bag of Marbles","Bronze Scales","Lantern","Whetstone","Pen Nib","Bird Faced Urn","Cursed Key","Anchor","Orichalcum","Kunai","Art of War","Orrery","Oddly Smooth Stone","Turnip","Red Mask"],"potions_floor_usage":[24,24,33,39,42,42],"damage_taken":[{"damage":0.0,"enemies":"2 Louse","floor":1.0,"turns":3.0},{"damage":1.0,"enemies":"Jaw Worm","floor":4.0,"turns":3.0},{"damage":0.0,"enemies":"Cultist","floor":5.0,"turns":6.0},{"damage":14.0,"enemies":"3 Sentries","floor":6.0,"turns":8.0},{"damage":6.0,"enemies":"Lagavulin","floor":8.0,"turns":10.0},{"damage":8.0,"enemies":"3 Sentries","floor":10.0,"turns":7.0},{"damage":0.0,"enemies":"Looter","floor":12.0,"turns":3.0},{"damage":6.0,"enemies":"Exordium Wildlife","floor":13.0,"turns":3.0},{"damage":7.0,"enemies":"Lagavulin","floor":14.0,"turns":8.0},{"damage":22.0,"enemies":"Hexaghost","floor":16.0,"turns":12.0},{"damage":0,"enemies":"2 Thieves","floor":18,"turns":3},{"damage":0,"enemies":"3 Byrds","floor":20,"turns":4},{"damage":0,"enemies":"Centurion and Healer","floor":21,"turns":7},{"damage":24,"enemies":"Gremlin Leader","floor":24,"turns":7},{"damage":0,"enemies":"Snake Plant","floor":27,"turns":6},{"damage":0,"enemies":"Cultist and Chosen","floor":29,"turns":6},{"damage":0,"enemies":"Chosen and Byrds","floor":30,"turns":6},{"damage":5,"enemies":"Slavers","floor":31,"turns":7},{"damage":30,"enemies":"Collector","floor":33,"turns":16},{"damage":11,"enemies":"3 Darklings","floor":35,"turns":7},{"damage":2,"enemies":"3 Shapes","floor":36,"turns":5},{"damage":0,"enemies":"3 Darklings","floor":38,"turns":8},{"damage":2,"enemies":"Maw","floor":39,"turns":10},{"damage":8,"enemies":"Nemesis","floor":40,"turns":11},{"damage":71,"enemies":"Giant Head","floor":42,"turns":16}],"seed_played":"-1887337926962459453","potions_obtained":[{"floor":5.0,"key":"SteroidPotion"},{"floor":6.0,"key":"Energy Potion"},{"floor":10.0,"key":"GamblersBrew"},{"floor":12.0,"key":"AttackPotion"},{"floor":14.0,"key":"Swift Potion"},{"floor":21,"key":"PowerPotion"},{"floor":24,"key":"Energy Potion"},{"floor":29,"key":"GhostInAJar"},{"floor":35,"key":"Weak Potion"},{"floor":40,"key":"Fire Potion"}],"is_trial":false,"path_per_floor":["M","?","$","M","M","E","R","E","T","E","$","M","M","E","R","B",null,"M","?","M","M","$","R","E","R","T","M","$","M","M","E","R","B",null,"M","M","$","M","M","E","?"],"character_chosen":"THE_SILENT","items_purchased":["Pen Nib","Anchor","FearPotion","Oddly Smooth Stone","Dodge and Roll"],"campfire_rested":2,"item_purchase_floors":[11,22,28,37,37],"current_hp_per_floor":[59,39,39,38,38,24,43,37,37,29,29,29,23,16,35,15,53,59,59,63,66,66,66,44,44,44,50,50,58,60,61,61,41,60,55,63,63,66,66,58,58,0],"gold":0,"neow_bonus":"ONE_RARE_RELIC","is_prod":false,"is_daily":false,"chose_seed":false,"campfire_upgraded":3,"win_rate":0,"timestamp":1531329466,"path_taken":["M","?","?","M","M","E","R","E","T","E","$","M","M","E","R","BOSS","M","?","M","M","?","R","E","R","T","M","$","M","M","E","R","BOSS","M","?","$","M","M","E","?","E"],"build_version":"2018-07-05","purchased_purges":0,"victory":false,"max_hp_per_floor":[66,66,66,66,66,66,66,66,66,66,66,66,66,66,66,66,66,66,66,66,66,66,66,66,66,66,66,66,66,66,66,66,66,66,66,66,66,66,66,66,66,66],"card_choices":[{"not_picked":["Acrobatics","Deadly Poison"],"picked":"Sucker Punch","floor":1.0},{"not_picked":["Outmaneuver","Flechettes"],"picked":"Leg Sweep","floor":4.0},{"not_picked":["Acrobatics","Underhanded Strike"],"picked":"Malaise","floor":5.0},{"not_picked":["Crippling Poison","Caltrops"],"picked":"Predator","floor":6.0},{"not_picked":["Catalyst","Outmaneuver","Calculated Gamble"],"picked":"SKIP","floor":8.0},{"not_picked":["Slice","Sucker Punch"],"picked":"Dagger Spray","floor":10.0},{"not_picked":["Quick Slash","Deflect"],"picked":"Wraith Form v2","floor":12.0},{"not_picked":["Bane","Masterful Stab"],"picked":"Backflip","floor":13.0},{"not_picked":["Bane","Acrobatics"],"picked":"A Thousand Cuts","floor":14.0},{"not_picked":["Phantasmal Killer","Venomology"],"picked":"After Image","floor":16.0},{"not_picked":["Flying Knee","PiercingWail"],"picked":"Malaise","floor":18},{"not_picked":["Sucker Punch","Blur"],"picked":"Prepared+1","floor":20},{"not_picked":["Quick Slash","Bane+1","Sucker Punch+1"],"picked":"SKIP","floor":21},{"not_picked":["Poisoned Stab","Deflect"],"picked":"Footwork","floor":24},{"not_picked":["Deadly Poison+1","Choke"],"picked":"Cloak And Dagger","floor":27},{"not_picked":["Deadly Poison+1","Unload"],"picked":"Dodge and Roll","floor":29},{"not_picked":["Prepared","Dash"],"picked":"Blade Dance","floor":30},{"not_picked":["Masterful Stab","Outmaneuver"],"picked":"Bullet Time","floor":31},{"not_picked":["Grand Finale","Corpse Explosion"],"picked":"Storm of Steel","floor":33},{"not_picked":["Concentrate","Riddle With Holes+1"],"picked":"Blur","floor":34},{"not_picked":["Dagger Throw","Accuracy"],"picked":"Cloak And Dagger","floor":34},{"not_picked":["Outmaneuver","Flying Knee"],"picked":"Blur","floor":34},{"not_picked":["Distraction","Calculated Gamble"],"picked":"Quick Slash","floor":34},{"not_picked":["Well Laid Plans+1","Deadly Poison"],"picked":"After Image","floor":35},{"not_picked":["Dagger Throw+1","Slice+1"],"picked":"Backflip+1","floor":36},{"not_picked":["Distraction","Flying Knee"],"picked":"Acrobatics","floor":38},{"not_picked":["Dagger Spray","Heel Hook","Catalyst"],"picked":"SKIP","floor":39},{"not_picked":["Blur","Dash"],"picked":"Backflip+1","floor":40}],"player_experience":807123,"relics_obtained":[{"floor":6.0,"key":"Bag of Marbles"},{"floor":8.0,"key":"Bronze Scales"},{"floor":9.0,"key":"Lantern"},{"floor":10.0,"key":"Whetstone"},{"floor":14.0,"key":"Bird Faced Urn"},{"floor":24,"key":"Orichalcum"},{"floor":26,"key":"Kunai"},{"floor":31,"key":"Art of War"},{"floor":40,"key":"Turnip"}],"event_choices":[{"event_name":"Shining Light","player_choice":"Entered Light","floor":2.0,"damage_taken":0.0},{"event_name":"The Library","player_choice":"Read","floor":19,"damage_taken":0},{"event_name":"Tomb of Lord Red Mask","player_choice":"Paid","floor":41,"damage_taken":0}],"boss_relics":[{"not_picked":["Sozu","Runic Pyramid"],"picked":"Cursed Key"},{"not_picked":["Snecko Eye","Velvet Choker"],"picked":"Orrery"}],"items_purged_floors":[],"is_endless":false,"potions_floor_spawned":[5,6,10,12,14,21,24,29,30,35,36,40],"killed_by":"Giant Head","ascension_level":15}