{"gold_per_floor":[114,114,114,128,203,203,233,252,252,252,270,284,284,295,295,373,373,391,47,63,78,78,78,93,111,135,135,135,135,135,146,146,220,270,288,288,50,61,61],"floor_reached":39,"playtime":1313,"items_purged":["Strike_B"],"score":816,"play_id":"fca563cf-df54-4db4-b169-c7e7aa0f70d8","local_time":"20190222005734","is_ascension_mode":true,"campfire_choices":[{"data":"Gash","floor":6,"key":"SMITH"},{"data":"Defragment","floor":10,"key":"SMITH"},{"data":"Dualcast","floor":13,"key":"SMITH"},{"data":"Hologram","floor":15,"key":"SMITH"},{"data":"Defragment","floor":23,"key":"SMITH"},{"data":"White Noise","floor":32,"key":"SMITH"}],"neow_cost":"NONE","seed_source_timestamp":1349308714173200,"circlet_count":0,"master_deck":["AscendersBane","Strike_B+1","Strike_B+1","Strike_B+1","Defend_B+1","Defend_B+1","Defend_B+1","Defend_B+1","Zap+1","Dualcast+1","Conserve Battery","Scrape","Gash+1","Defragment+1","FTL","Undo","Glacier","Hologram+1","Electrodynamics+1","Defragment+1","Gash","White Noise+1","Ball Lightning+1","Electrodynamics","Seek","Coolheaded","Loop","Gash+1"],"relics":["Cracked Core","NeowsBlessing","Matryoshka","Kunai","Regal Pillow","Coffee Dripper","Runic Capacitor","Bronze Scales","PreservedInsect","MutagenicStrength","Tiny House","Oddly Smooth Stone"],"potions_floor_usage":[16,39,39],"damage_taken":[{"damage":0,"enemies":"Cultist","floor":1,"turns":1},{"damage":0,"enemies":"Jaw Worm","floor":4,"turns":1},{"damage":0,"enemies":"Lagavulin","floor":7,"turns":1},{"damage":3,"enemies":"Small Slimes","floor":8,"turns":3},{"damage":1,"enemies":"Looter","floor":11,"turns":3},{"damage":4,"enemies":"2 Fungi Beasts","floor":12,"turns":3},{"damage":11,"enemies":"3 Louse","floor":14,"turns":2},{"damage":1,"enemies":"The Guardian","floor":16,"turns":12},{"damage":9,"enemies":"Spheric Guardian","floor":18,"turns":4},{"damage":18,"enemies":"3 Byrds","floor":20,"turns":5},{"damage":0,"enemies":"3 Cultists","floor":21,"turns":4},{"damage":6,"enemies":"Snecko","floor":24,"turns":6},{"damage":2,"enemies":"Centurion and Healer","floor":25,"turns":4},{"damage":12,"enemies":"Snake Plant","floor":31,"turns":3},{"damage":18,"enemies":"Automaton","floor":33,"turns":7},{"damage":27,"enemies":"3 Shapes","floor":35,"turns":2},{"damage":27,"enemies":"3 Darklings","floor":38,"turns":4},{"damage":18,"enemies":"2 Orb Walkers","floor":39,"turns":2}],"seed_played":"6860352298502373346","potions_obtained":[{"floor":1,"key":"AttackPotion"},{"floor":7,"key":"FearPotion"},{"floor":11,"key":"Fire Potion"},{"floor":24,"key":"GamblersBrew"},{"floor":34,"key":"EssenceOfSteel"}],"is_trial":false,"path_per_floor":["M","?","?","M","?","R","E","M","T","R","M","M","R","M","R","B",null,"M","$","M","M","$","R","M","M","T","?","?","?","?","M","R","B",null,"M","?","$","M","?"],"character_chosen":"DEFECT","items_purchased":["Runic Capacitor","Gash","Oddly Smooth Stone","Loop"],"campfire_rested":0,"item_purchase_floors":[19,19,37,37],"current_hp_per_floor":[64,64,64,64,53,53,53,50,50,50,49,45,45,34,34,33,62,53,53,35,35,35,35,29,27,27,41,41,41,41,29,29,11,61,34,34,34,7,0],"gold":61,"neow_bonus":"THREE_ENEMY_KILL","is_prod":false,"is_daily":false,"chose_seed":false,"campfire_upgraded":6,"win_rate":0,"timestamp":1550825854,"path_taken":["M","?","?","?","?","R","E","M","T","R","M","M","R","M","R","BOSS","M","$","M","M","$","R","M","M","T","?","?","?","?","M","R","BOSS","M","?","$","M","?"],"build_version":"2019-01-23","purchased_purges":1,"victory":false,"max_hp_per_floor":[71,71,71,71,71,71,71,71,71,71,71,71,71,71,71,71,71,71,71,71,71,71,71,71,71,71,71,71,71,71,71,71,71,76,76,76,76,76,76],"card_choices":[{"not_picked":["Undo","Force Field"],"picked":"Conserve Battery","floor":1},{"not_picked":["Lockon","Compile Driver"],"picked":"Cold Snap","floor":4},{"not_picked":["Scrape","Sweeping Beam"],"picked":"Defragment","floor":7},{"not_picked":["Go for the Eyes","Hello World"],"picked":"FTL","floor":8},{"not_picked":["Melter","Sweeping Beam"],"picked":"Undo","floor":11},{"not_picked":["Conserve Battery","Gash"],"picked":"Glacier","floor":12},{"not_picked":["Melter","Leap"],"picked":"Hologram","floor":14},{"not_picked":["All For One","Amplify"],"picked":"Electrodynamics","floor":16},{"not_picked":["Leap","Turbo"],"picked":"Defragment","floor":18},{"not_picked":["Sweeping Beam+1","Leap"],"picked":"White Noise","floor":20},{"not_picked":["Sweeping Beam","Heatsinks","Leap"],"picked":"SKIP","floor":21},{"not_picked":["Cold Snap","Rebound","Ball Lightning"],"picked":"SKIP","floor":24},{"not_picked":["Conserve Battery","Recycle"],"picked":"Ball Lightning+1","floor":25},{"not_picked":["Ball Lightning","Turbo"],"picked":"Electrodynamics","floor":31},{"not_picked":["Amplify","Hyperbeam"],"picked":"Seek","floor":33},{"not_picked":["Chaos+1","Streamline"],"picked":"Coolheaded","floor":34},{"not_picked":["Lockon","Redo","Leap"],"picked":"SKIP","floor":35},{"not_picked":["Conserve Battery","Tempest"],"picked":"Gash+1","floor":38}],"player_experience":757503,"relics_obtained":[{"floor":7,"key":"Matryoshka"},{"floor":9,"key":"Kunai"},{"floor":9,"key":"Regal Pillow"},{"floor":26,"key":"Bronze Scales"},{"floor":26,"key":"PreservedInsect"}],"event_choices":[{"damage_healed":0,"gold_gain":0,"player_choice":"Grow","damage_taken":0,"max_hp_gain":0,"max_hp_loss":0,"event_name":"Living Wall","floor":2,"gold_loss":0,"cards_upgraded":["Zap"]},{"damage_healed":0,"gold_gain":0,"player_choice":"2 cards matched","damage_taken":0,"max_hp_gain":0,"max_hp_loss":0,"event_name":"Match and Keep!","floor":3,"gold_loss":0,"cards_obtained":["Scrape","Gash"]},{"damage_healed":0,"gold_gain":75,"player_choice":"Gather Gold","damage_taken":11,"max_hp_gain":0,"max_hp_loss":0,"event_name":"World of Goop","floor":5,"gold_loss":0},{"damage_healed":14,"gold_gain":0,"player_choice":"Heal","damage_taken":0,"max_hp_gain":0,"max_hp_loss":0,"event_name":"The Library","floor":27,"gold_loss":0},{"damage_healed":0,"gold_gain":0,"player_choice":"Inject Mutagens","damage_taken":0,"relics_obtained":["MutagenicStrength"],"max_hp_gain":0,"max_hp_loss":0,"event_name":"Drug Dealer","floor":28,"gold_loss":0},{"damage_healed":0,"gold_gain":0,"player_choice":"Simplicity","damage_taken":0,"max_hp_gain":0,"max_hp_loss":0,"event_name":"Back to Basics","floor":29,"gold_loss":0,"cards_upgraded":["Strike_B","Strike_B","Strike_B","Defend_B","Defend_B","Defend_B","Defend_B"]},{"damage_healed":0,"gold_gain":0,"player_choice":"Ignored","damage_taken":0,"max_hp_gain":0,"max_hp_loss":0,"event_name":"Vampires","floor":30,"gold_loss":0},{"cards_removed":["Cold Snap"],"damage_healed":0,"gold_gain":0,"player_choice":"Removed Attack","damage_taken":0,"max_hp_gain":0,"max_hp_loss":0,"event_name":"Falling","floor":36,"gold_loss":0},{"damage_healed":0,"gold_gain":0,"player_choice":"Fight","damage_taken":0,"max_hp_gain":0,"max_hp_loss":0,"event_name":"Mysterious Sphere","floor":39,"gold_loss":0}],"is_beta":false,"boss_relics":[{"not_picked":["Orrery","Lizard Tail"],"picked":"Coffee Dripper"},{"not_picked":["Empty Cage","Eternal Feather"],"picked":"Tiny House"}],"items_purged_floors":[19],"is_endless":false,"potions_floor_spawned":[1,7,11,14,24,31,38],"killed_by":"2 Orb Walkers","ascension_level":20}