{"gold_per_floor":[118,43,43,43,59,59,95,95,95,133,133,148,173,204,204,330,330,330,270,170,170,170,170,170,170,170,170,170,170,170,170,170,170,170,170,170,50,50,50,50,50,50,50,50,50,50,50,50,50,50,50,50,50,50,50],"floor_reached":55,"playtime":2988,"items_purged":["Strike_R","Strike_R"],"score":1397,"play_id":"cbb311dd-7ea1-4004-922e-177f6b09ab44","local_time":"20190301204819","is_ascension_mode":true,"campfire_choices":[{"data":"Bash","floor":6.0,"key":"SMITH"},{"data":"Rage","floor":8.0,"key":"SMITH"},{"floor":15.0,"key":"REST"},{"floor":24.0,"key":"REST"},{"data":"Demon Form","floor":30.0,"key":"SMITH"},{"data":"Pommel Strike","floor":32.0,"key":"SMITH"},{"floor":49,"key":"RECALL"},{"data":"Panacea","floor":52,"key":"SMITH"}],"neow_cost":"NONE","seed_source_timestamp":0,"circlet_count":0,"master_deck":["AscendersBane","Strike_R","Strike_R+1","Strike_R","Defend_R","Defend_R","Defend_R+1","Defend_R","Bash+1","Rage+1","Pommel Strike+1","Dropkick","Cleave","Dropkick","Anger+1","Bludgeon+1","Warcry+1","Battle Trance","Pommel Strike+1","Demon Form+1","Rage+1","RitualDagger+1","Flame Barrier+1","Impervious+1","Body Slam+1","Ghostly Armor","Shrug It Off+1","Violence","Panacea+1","Swift Strike+1","Sword Boomerang+1","Heavy Blade+1","Sword Boomerang+1"],"special_seed":0,"relics":["Burning Blood","Golden Idol","Strawberry","Kunai","Sundial","Molten Egg 2","Ectoplasm","Shuriken","Question Card","Unceasing Top","Ornamental Fan","Busted Crown","Pen Nib","Paper Frog","Red Skull","Incense Burner"],"potions_floor_usage":[46,54,54,55,55],"damage_taken":[{"damage":1.0,"enemies":"Cultist","floor":1.0,"turns":3.0},{"damage":0.0,"enemies":"Jaw Worm","floor":5.0,"turns":3.0},{"damage":36.0,"enemies":"Lagavulin","floor":7.0,"turns":7.0},{"damage":34.0,"enemies":"3 Sentries","floor":10.0,"turns":12.0},{"damage":0.0,"enemies":"2 Louse","floor":12.0,"turns":3.0},{"damage":5.0,"enemies":"Large Slime","floor":13.0,"turns":6.0},{"damage":5.0,"enemies":"Lagavulin","floor":14.0,"turns":5.0},{"damage":28.0,"enemies":"Hexaghost","floor":16.0,"turns":9.0},{"damage":6.0,"enemies":"3 Byrds","floor":18.0,"turns":5.0},{"damage":20.0,"enemies":"2 Thieves","floor":19.0,"turns":4.0},{"damage":22.0,"enemies":"Snake Plant","floor":21.0,"turns":4.0},{"damage":5.0,"enemies":"Centurion and Healer","floor":22.0,"turns":4.0},{"damage":18.0,"enemies":"Slavers","floor":23.0,"turns":5.0},{"damage":0.0,"enemies":"Gremlin Leader","floor":25.0,"turns":6.0},{"damage":30.0,"enemies":"Slavers","floor":27.0,"turns":5.0},{"damage":10.0,"enemies":"Chosen and Byrds","floor":29.0,"turns":5.0},{"damage":8.0,"enemies":"Snecko","floor":31.0,"turns":3.0},{"damage":30.0,"enemies":"Automaton","floor":33.0,"turns":7.0},{"damage":5.0,"enemies":"Orb Walker","floor":35.0,"turns":3.0},{"damage":19,"enemies":"3 Darklings","floor":39,"turns":7},{"damage":0,"enemies":"Nemesis","floor":40,"turns":5},{"damage":9,"enemies":"Giant Head","floor":42,"turns":5},{"damage":0,"enemies":"Nemesis","floor":44,"turns":3},{"damage":14,"enemies":"4 Shapes","floor":46,"turns":10},{"damage":3,"enemies":"Sphere and 2 Shapes","floor":47,"turns":4},{"damage":7,"enemies":"Spire Growth","floor":48,"turns":4},{"damage":37,"enemies":"Awakened One","floor":50,"turns":7},{"damage":68,"enemies":"Shield and Spear","floor":54,"turns":7},{"damage":50,"enemies":"The Heart","floor":55,"turns":2}],"seed_played":"1935496185258548811","potions_obtained":[{"floor":1.0,"key":"SteroidPotion"},{"floor":5.0,"key":"BloodPotion"},{"floor":13.0,"key":"FearPotion"},{"floor":16.0,"key":"Strength Potion"},{"floor":21.0,"key":"Swift Potion"},{"floor":22.0,"key":"AttackPotion"},{"floor":23.0,"key":"Regen Potion"},{"floor":33.0,"key":"Weak Potion"},{"floor":40,"key":"EntropicBrew"},{"floor":47,"key":"Block Potion"}],"is_trial":false,"path_per_floor":["M","$","?","?","M","R","E","R","T","E","?","M","M","E","R","B",null,"M","M","$","M","M","E","R","E","T","E","?","M","R","M","R","B",null,"M","?","$","?","M","E","?","E","T","E","?","M","M","M","R","B",null,"R","$","E","B"],"character_chosen":"IRONCLAD","items_purchased":["Body Slam+1","Ghostly Armor"],"campfire_rested":2,"item_purchase_floors":[37,37],"current_hp_per_floor":[85,85,67,45,51,51,36,36,36,8,8,14,15,16,44,22,77,77,63,63,47,48,36,64,70,70,60,54,50,50,48,48,24,77,78,78,78,78,65,71,61,58,58,64,64,56,59,58,58,27,78,78,78,16,0],"gold":50,"neow_bonus":"TEN_PERCENT_HP_BONUS","is_prod":false,"is_daily":false,"chose_seed":false,"campfire_upgraded":5,"win_rate":0,"timestamp":1551462499,"path_taken":["M","$","?","?","M","R","E","R","T","E","?","M","M","E","R","BOSS","M","M","$","M","M","E","R","E","T","E","?","M","R","M","R","BOSS","M","?","$","?","?","E","?","E","T","E","?","?","?","M","R","BOSS","R","$","E","BOSS"],"build_version":"2019-01-23","purchased_purges":2,"victory":false,"max_hp_per_floor":[88,88,88,88,88,88,95,95,95,95,95,95,95,95,95,95,95,95,95,95,95,95,95,95,95,95,95,95,95,95,95,95,95,95,95,95,95,95,95,95,95,95,95,95,95,95,95,95,95,95,95,95,95,95,95],"card_choices":[{"not_picked":["Havoc","Armaments"],"picked":"Rage","floor":1.0},{"not_picked":["Heavy Blade","Feel No Pain"],"picked":"Pommel Strike","floor":5.0},{"not_picked":["Wild Strike","Searing Blow","Corruption"],"picked":"SKIP","floor":7.0},{"not_picked":["Feel No Pain","Searing Blow"],"picked":"Dropkick","floor":10.0},{"not_picked":["Body Slam","Immolate"],"picked":"Cleave","floor":12.0},{"not_picked":["Carnage","Body Slam"],"picked":"Dropkick","floor":13.0},{"not_picked":["Rupture","Armaments"],"picked":"Anger","floor":14.0},{"not_picked":["Limit Break","Reaper+1"],"picked":"Bludgeon+1","floor":16.0},{"not_picked":["Thunderclap+1","Searing Blow+1","Feel No Pain"],"picked":"SKIP","floor":18.0},{"not_picked":["Sword Boomerang+1","Uppercut+1"],"picked":"Warcry+1","floor":19.0},{"not_picked":["Pommel Strike+1","Heavy Blade+1"],"picked":"Battle Trance","floor":21.0},{"not_picked":["Bloodletting","Hemokinesis+1","Second Wind"],"picked":"SKIP","floor":22.0},{"not_picked":["Wild Strike+1","Battle Trance"],"picked":"Pommel Strike+1","floor":23.0},{"not_picked":["Evolve","Warcry"],"picked":"Demon Form","floor":25.0},{"not_picked":["Entrench","Fire Breathing","Headbutt+1"],"picked":"Rage+1","floor":27.0},{"not_picked":["Armaments","Headbutt+1","Feel No Pain","Heavy Blade+1"],"picked":"SKIP","floor":29.0},{"not_picked":["Power Through","Hemokinesis+1","Pummel+1"],"picked":"Flame Barrier+1","floor":31.0},{"not_picked":["Feed+1","Brutality","Demon Form"],"picked":"Impervious","floor":33.0},{"not_picked":["Blood for Blood+1","Sword Boomerang+1"],"picked":"SKIP","floor":35.0},{"not_picked":["Power Through","Pommel Strike+1"],"picked":"SKIP","floor":39},{"not_picked":["Fire Breathing"],"picked":"Shrug It Off+1","floor":40},{"not_picked":["Magnetism"],"picked":"Violence","floor":41},{"not_picked":["Dramatic Entrance+1"],"picked":"Panacea","floor":41},{"not_picked":["Forethought"],"picked":"Swift Strike+1","floor":41},{"not_picked":["Armaments+1"],"picked":"Sword Boomerang+1","floor":42},{"not_picked":["Rupture","Battle Trance"],"picked":"SKIP","floor":44},{"not_picked":["Sword Boomerang+1"],"picked":"Heavy Blade+1","floor":46},{"not_picked":["True Grit","Sever Soul+1"],"picked":"SKIP","floor":47},{"not_picked":["Cleave+1","Second Wind"],"picked":"SKIP","floor":48},{"not_picked":["Sever Soul+1"],"picked":"Sword Boomerang+1","floor":54}],"player_experience":364111,"relics_obtained":[{"floor":7.0,"key":"Strawberry"},{"floor":9.0,"key":"Kunai"},{"floor":10.0,"key":"Sundial"},{"floor":14.0,"key":"Molten Egg 2"},{"floor":23.0,"key":"Shuriken"},{"floor":25.0,"key":"Question Card"},{"floor":26.0,"key":"Unceasing Top"},{"floor":27.0,"key":"Ornamental Fan"},{"floor":40,"key":"Pen Nib"},{"floor":42,"key":"Paper Frog"},{"floor":44,"key":"Red Skull"},{"floor":54,"key":"Incense Burner"}],"event_choices":[{"damage_healed":0.0,"max_hp_gain":0.0,"max_hp_loss":0.0,"gold_gain":0.0,"event_name":"Shining Light","player_choice":"Entered Light","floor":3.0,"gold_loss":0.0,"damage_taken":18.0,"cards_upgraded":["Defend_R","Strike_R"]},{"damage_healed":0.0,"max_hp_gain":0.0,"max_hp_loss":0.0,"gold_gain":0.0,"event_name":"Golden Idol","player_choice":"Take Damage","floor":4.0,"gold_loss":0.0,"damage_taken":22.0,"relics_obtained":["Golden Idol"]},{"damage_healed":0.0,"max_hp_gain":0.0,"max_hp_loss":0.0,"gold_gain":0.0,"event_name":"Liars Game","player_choice":"Ignored","floor":11.0,"gold_loss":0.0,"damage_taken":0.0},{"damage_healed":0.0,"max_hp_gain":0.0,"max_hp_loss":0.0,"gold_gain":0.0,"event_name":"Nest","player_choice":"Joined the Cult","floor":28.0,"gold_loss":0.0,"damage_taken":6.0,"cards_obtained":["RitualDagger"]},{"damage_healed":0.0,"max_hp_gain":0.0,"max_hp_loss":0.0,"gold_gain":0.0,"event_name":"Tomb of Lord Red Mask","player_choice":"Ignored","floor":36.0,"gold_loss":0.0,"damage_taken":0.0},{"damage_healed":0,"gold_gain":0,"player_choice":"Leave","damage_taken":0,"max_hp_gain":0,"max_hp_loss":0,"event_name":"FaceTrader","floor":38,"gold_loss":0},{"damage_healed":0,"gold_gain":0,"player_choice":"Memory 3","damage_taken":10,"max_hp_gain":0,"max_hp_loss":0,"event_name":"SensoryStone","floor":41,"gold_loss":0},{"damage_healed":0,"gold_gain":0,"player_choice":"Forge","damage_taken":0,"max_hp_gain":0,"max_hp_loss":0,"event_name":"Accursed Blacksmith","floor":45,"gold_loss":0,"cards_upgraded":["Impervious"]}],"is_beta":false,"boss_relics":[{"not_picked":["Tiny House","Black Blood"],"picked":"Ectoplasm"},{"not_picked":["Astrolabe","Mark of Pain"],"picked":"Busted Crown"}],"items_purged_floors":[2,20],"is_endless":false,"potions_floor_spawned":[1,5,13,16,21,22,23,33,40,44,47],"killed_by":"The Heart","ascension_level":11}