{"gold_per_floor":[111,111,129,129,17,17,17,17,43,78,90,105,115,149,149,251,251,264,277,202,302,150,183,183,193,263,263,275,304,6,31,31,135,135,152,166,186,40,40,40,86,112,112,138,157,192,292,307,307,307,307,307,67,96,96],"floor_reached":55,"playtime":4160,"items_purged":["Strike_R","Defend_R","Strike_R","Strike_R","Defend_R"],"score":1063,"play_id":"df595963-1db8-423a-a972-fd51f0dedc37","local_time":"20190128210050","is_ascension_mode":true,"campfire_choices":[{"data":"Pommel Strike","floor":6.0,"key":"SMITH"},{"floor":8.0,"key":"RECALL"},{"data":"Limit Break","floor":15.0,"key":"SMITH"},{"data":"True Grit","floor":24.0,"key":"SMITH"},{"data":"Spot Weakness","floor":32.0,"key":"SMITH"},{"data":"Bash","floor":40.0,"key":"SMITH"},{"data":"1","floor":49.0,"key":"LIFT"},{"data":"2","floor":52.0,"key":"LIFT"}],"neow_cost":"NONE","seed_source_timestamp":402089376926371,"circlet_count":0,"master_deck":["Defend_R","Defend_R+1","Bash+1","Panacea+1","Pommel Strike+1","Cleave+1","Spot Weakness+1","Pommel Strike+1","Limit Break+1","Battle Trance+1","Clash+1","Reaper+1","True Grit+1","Heavy Blade+1","True Grit+1","Sword Boomerang+1","Sentinel+1","Flex+1","Feed+1","Flame Barrier+1","Thunderclap+1","Feed+1","Sword Boomerang+1","Flex+1","Sword Boomerang+1","Bandage Up+1","Secret Weapon+1","Secret Technique+1","Forethought+1","Shrug It Off+1","Heavy Blade+1","Spot Weakness+1","Headbutt+1","Iron Wave+1","Pommel Strike+1","Iron Wave+1","Uppercut+1","Armaments+1","Ghostly Armor+1"],"special_seed":0,"relics":["Burning Blood","Molten Egg 2","Bronze Scales","Lantern","Coffee Dripper","Gremlin Horn","Toxic Egg 2","Vajra","Smiling Mask","Black Star","Magic Flower","Dream Catcher","Oddly Smooth Stone","Girya","Sundial","Whetstone","War Paint","Paper Frog","Prayer Wheel","Calipers","Happy Flower"],"potions_floor_usage":[55,55,55],"damage_taken":[{"damage":5.0,"enemies":"Cultist","floor":1.0,"turns":4.0},{"damage":11.0,"enemies":"Jaw Worm","floor":3.0,"turns":4.0},{"damage":35.0,"enemies":"3 Sentries","floor":10.0,"turns":7.0},{"damage":1.0,"enemies":"2 Louse","floor":11.0,"turns":2.0},{"damage":4.0,"enemies":"Red Slaver","floor":12.0,"turns":3.0},{"damage":6.0,"enemies":"Gremlin Gang","floor":13.0,"turns":3.0},{"damage":14.0,"enemies":"Gremlin Nob","floor":14.0,"turns":3.0},{"damage":47.0,"enemies":"The Guardian","floor":16.0,"turns":6.0},{"damage":12.0,"enemies":"Chosen","floor":18.0,"turns":2.0},{"damage":7.0,"enemies":"3 Byrds","floor":19.0,"turns":2.0},{"damage":17.0,"enemies":"Gremlin Leader","floor":23.0,"turns":7.0},{"damage":13.0,"enemies":"Shelled Parasite and Fungi","floor":25.0,"turns":4.0},{"damage":17.0,"enemies":"Centurion and Healer","floor":28.0,"turns":3.0},{"damage":27.0,"enemies":"Slavers","floor":29.0,"turns":3.0},{"damage":10.0,"enemies":"Book of Stabbing","floor":31.0,"turns":3.0},{"damage":31.0,"enemies":"Automaton","floor":33.0,"turns":6.0},{"damage":0.0,"enemies":"3 Darklings","floor":35.0,"turns":1.0},{"damage":35.0,"enemies":"3 Shapes","floor":36.0,"turns":5.0},{"damage":34.0,"enemies":"Maw","floor":37.0,"turns":4.0},{"damage":32.0,"enemies":"2 Orb Walkers","floor":41.0,"turns":2.0},{"damage":80.0,"enemies":"Giant Head","floor":42.0,"turns":7.0},{"damage":33.0,"enemies":"Nemesis","floor":44.0,"turns":5.0},{"damage":0.0,"enemies":"Transient","floor":45.0,"turns":5.0},{"damage":0.0,"enemies":"Reptomancer","floor":46.0,"turns":2.0},{"damage":20.0,"enemies":"Mind Bloom Boss Battle","floor":47.0,"turns":7.0},{"damage":19.0,"enemies":"Jaw Worm Horde","floor":48.0,"turns":5.0},{"damage":86.0,"enemies":"Time Eater","floor":50.0,"turns":5.0},{"damage":78.0,"enemies":"Shield and Spear","floor":54.0,"turns":4.0},{"damage":81,"enemies":"The Heart","floor":55,"turns":5}],"seed_played":"-5544102654651172984","potions_obtained":[{"floor":3.0,"key":"GamblersBrew"},{"floor":11.0,"key":"PowerPotion"},{"floor":13.0,"key":"BloodPotion"},{"floor":19.0,"key":"EssenceOfSteel"},{"floor":23.0,"key":"GamblersBrew"},{"floor":25.0,"key":"Regen Potion"},{"floor":28.0,"key":"Fire Potion"},{"floor":31.0,"key":"Regen Potion"},{"floor":36.0,"key":"EntropicBrew"},{"floor":42.0,"key":"Poison Potion"},{"floor":45.0,"key":"Regen Potion"}],"is_trial":false,"path_per_floor":["M","T","M","?","$","R","?","R","T","E","M","M","M","E","R","B",null,"M","M","?","?","$","E","R","M","T","?","M","E","$","E","R","B",null,"M","M","M","$","?","R","?","E","T","E","M","E","?","M","R","B",null,"R","$","E","B"],"character_chosen":"IRONCLAD","items_purchased":["Spot Weakness","True Grit","Feed+1","Flame Barrier+1","Bandage Up+1","Iron Wave+1","PowerPotion","Uppercut+1","Armaments+1"],"campfire_rested":0,"item_purchase_floors":[5,22,30,30,38,53,53,53,53],"current_hp_per_floor":[80,80,75,75,75,75,75,75,75,46,51,53,53,45,45,12,80,74,73,73,73,73,80,80,80,80,80,69,68,68,77,77,52,80,84,78,50,50,40,40,74,34,34,52,93,100,96,102,102,34,108,108,108,47,0],"gold":96,"neow_bonus":"RANDOM_COLORLESS","is_prod":false,"is_daily":false,"chose_seed":false,"campfire_upgraded":5,"win_rate":0,"timestamp":1548727250,"path_taken":["M","?","M","?","$","R","?","R","T","E","?","M","M","E","R","BOSS","M","?","?","?","$","E","R","?","T","?","M","E","$","E","R","BOSS","M","M","M","$","?","R","?","E","T","E","M","E","?","M","R","BOSS","R","$","E","BOSS"],"build_version":"2019-01-23","purchased_purges":5,"victory":false,"max_hp_per_floor":[80,80,80,80,80,80,80,80,80,80,80,80,80,80,80,80,80,80,80,80,80,80,80,80,80,80,80,80,80,80,80,80,80,80,84,92,92,92,92,92,100,100,100,100,100,100,100,108,108,108,108,108,108,108,108],"card_choices":[{"not_picked":["Seeing Red","Flex"],"picked":"Pommel Strike","floor":1.0},{"not_picked":["Sword Boomerang+1","Heavy Blade+1"],"picked":"Cleave+1","floor":3.0},{"not_picked":["Flex","Clothesline+1","Havoc"],"picked":"SKIP","floor":10.0},{"not_picked":["Clothesline+1","Wild Strike+1"],"picked":"Pommel Strike+1","floor":11.0},{"not_picked":["Body Slam+1","Dropkick+1"],"picked":"Limit Break","floor":12.0},{"not_picked":["Inflame","Warcry"],"picked":"Battle Trance","floor":13.0},{"not_picked":["Cleave+1","Second Wind"],"picked":"Clash+1","floor":14.0},{"not_picked":["Bludgeon+1","Berserk"],"picked":"Reaper+1","floor":16.0},{"not_picked":["Headbutt+1","Clash+1"],"picked":"True Grit+1","floor":18.0},{"not_picked":["Body Slam+1","Carnage+1"],"picked":"Heavy Blade+1","floor":19.0},{"not_picked":["Havoc","Seeing Red"],"picked":"Sword Boomerang+1","floor":23.0},{"not_picked":["Anger+1","Warcry","Armaments"],"picked":"SKIP","floor":25.0},{"not_picked":["Spot Weakness+1","Heavy Blade+1"],"picked":"Sentinel+1","floor":28.0},{"not_picked":["Clash+1","Rupture+1"],"picked":"Flex+1","floor":29.0},{"not_picked":["Clothesline+1","Heavy Blade+1"],"picked":"Thunderclap+1","floor":31.0},{"not_picked":["Demon Form","Offering+1"],"picked":"Feed+1","floor":33.0},{"not_picked":["Corruption+1","Perfected Strike+1"],"picked":"Sword Boomerang+1","floor":35.0},{"not_picked":["Iron Wave+1","Thunderclap+1"],"picked":"Flex+1","floor":36.0},{"not_picked":["Clothesline+1","Fire Breathing+1"],"picked":"Sword Boomerang+1","floor":37.0},{"not_picked":["Jack Of All Trades+1","Magnetism"],"picked":"Secret Weapon+1","floor":39.0},{"not_picked":["Impatience+1","Apotheosis+1"],"picked":"Secret Technique+1","floor":39.0},{"not_picked":["Mayhem","Sadistic Nature"],"picked":"Forethought+1","floor":39.0},{"not_picked":["Havoc+1","Bloodletting+1"],"picked":"Shrug It Off+1","floor":41.0},{"not_picked":["Perfected Strike+1","Seeing Red+1"],"picked":"Heavy Blade+1","floor":42.0},{"not_picked":["Anger+1","Heavy Blade+1"],"picked":"Spot Weakness+1","floor":44.0},{"not_picked":["Cleave+1","Pummel+1"],"picked":"Headbutt+1","floor":45.0},{"not_picked":["Twin Strike+1","Wild Strike+1"],"picked":"Iron Wave+1","floor":46.0},{"not_picked":["Cleave+1","Dual Wield+1"],"picked":"Pommel Strike+1","floor":47.0},{"not_picked":["Sword Boomerang+1","Clothesline+1","Searing Blow+1"],"picked":"SKIP","floor":48.0},{"not_picked":["Iron Wave+1","Havoc+1","Feed+1"],"picked":"SKIP","floor":48.0},{"not_picked":["Power Through+1","Infernal Blade+1"],"picked":"Ghostly Armor+1","floor":54.0}],"player_experience":212789,"relics_obtained":[{"floor":2.0,"key":"Molten Egg 2"},{"floor":10.0,"key":"Bronze Scales"},{"floor":14.0,"key":"Lantern"},{"floor":23.0,"key":"Gremlin Horn"},{"floor":26.0,"key":"Toxic Egg 2"},{"floor":29.0,"key":"Vajra"},{"floor":31.0,"key":"Smiling Mask"},{"floor":41.0,"key":"Magic Flower"},{"floor":42.0,"key":"Dream Catcher"},{"floor":42.0,"key":"Oddly Smooth Stone"},{"floor":43.0,"key":"Girya"},{"floor":44.0,"key":"Sundial"},{"floor":44.0,"key":"Whetstone"},{"floor":46.0,"key":"War Paint"},{"floor":46.0,"key":"Paper Frog"},{"floor":47.0,"key":"Prayer Wheel"},{"floor":54.0,"key":"Calipers"},{"floor":54.0,"key":"Happy Flower"}],"event_choices":[{"cards_removed":["Strike_R"],"damage_healed":0.0,"max_hp_gain":0.0,"max_hp_loss":0.0,"gold_gain":0.0,"event_name":"Living Wall","player_choice":"Forget","floor":4.0,"gold_loss":0.0,"damage_taken":0.0},{"damage_healed":0.0,"max_hp_gain":0.0,"max_hp_loss":0.0,"gold_gain":0.0,"event_name":"Accursed Blacksmith","player_choice":"Forge","floor":7.0,"gold_loss":0.0,"damage_taken":0.0,"cards_upgraded":["Panacea"]},{"cards_removed":["Strike_R"],"damage_healed":0.0,"max_hp_gain":0.0,"max_hp_loss":0.0,"gold_gain":0.0,"event_name":"Beggar","player_choice":"Gave Gold","floor":20.0,"gold_loss":75.0,"damage_taken":0.0},{"damage_healed":0.0,"max_hp_gain":0.0,"max_hp_loss":0.0,"gold_gain":100.0,"event_name":"Golden Shrine","player_choice":"Pray","floor":21.0,"gold_loss":0.0,"damage_taken":0.0},{"damage_healed":0.0,"max_hp_gain":0.0,"max_hp_loss":0.0,"gold_gain":0.0,"event_name":"Ghosts","player_choice":"Ignored","floor":27.0,"gold_loss":0.0,"damage_taken":0.0},{"damage_healed":0.0,"max_hp_gain":0.0,"max_hp_loss":0.0,"gold_gain":0.0,"event_name":"SensoryStone","player_choice":"Memory 3","floor":39.0,"gold_loss":0.0,"damage_taken":10.0},{"damage_healed":0.0,"max_hp_gain":0.0,"max_hp_loss":0.0,"gold_gain":0.0,"event_name":"Mysterious Sphere","player_choice":"Fight","floor":41.0,"gold_loss":0.0,"damage_taken":0.0},{"damage_healed":0.0,"max_hp_gain":0.0,"max_hp_loss":0.0,"gold_gain":0.0,"event_name":"MindBloom","player_choice":"Fight","floor":47.0,"gold_loss":0.0,"damage_taken":0.0}],"is_beta":false,"boss_relics":[{"not_picked":["Snecko Eye","Fusion Hammer"],"picked":"Coffee Dripper"},{"not_picked":["Runic Dome","Black Blood"],"picked":"Black Star"}],"items_purged_floors":[5,22,30,38,53],"is_endless":false,"potions_floor_spawned":[3,11,13,19,23,25,28,31,36,42,45,47,48],"killed_by":"The Heart","ascension_level":4}