{"gold_per_floor":[113,113,128,16,35,65,65,100,147,3,35,35,35,35,35,130,130,149,15,29,29,42,67,67,67],"floor_reached":25,"playtime":957,"items_purged":["Writhe"],"score":273,"play_id":"420395aa-cd82-4782-a442-3b844dd44fe7","local_time":"20181011001338","is_ascension_mode":true,"campfire_choices":[{"data":"Inflame","floor":7,"key":"SMITH"},{"data":"Limit Break","floor":12,"key":"SMITH"},{"data":"Bash","floor":15,"key":"SMITH"},{"data":"Heavy Blade","floor":24,"key":"SMITH"}],"neow_cost":"CURSE","seed_source_timestamp":9699903271195,"circlet_count":0,"master_deck":["Strike_R","Strike_R","Strike_R","Strike_R","Defend_R","Defend_R","Defend_R","Bash+1","Anger","Wild Strike","Inflame+1","True Grit","Anger","Rampage","Limit Break+1","Immolate","Rupture","Spot Weakness","Flex","Heavy Blade+1","Bloodletting","Uppercut","Armaments+1"],"relics":["Burning Blood","Thread and Needle","Shuriken","Omamori","Nunchaku","Happy Flower","Red Skull","Pantograph","Juzu Bracelet","Black Star","The Courier","Blue Candle"],"potions_floor_usage":[23,23],"damage_taken":[{"damage":2,"enemies":"Cultist","floor":1,"turns":3},{"damage":0,"enemies":"Jaw Worm","floor":3,"turns":4},{"damage":4,"enemies":"Small Slimes","floor":5,"turns":2},{"damage":24,"enemies":"3 Sentries","floor":6,"turns":7},{"damage":12,"enemies":"Gremlin Nob","floor":8,"turns":4},{"damage":11,"enemies":"Lagavulin","floor":11,"turns":4},{"damage":30,"enemies":"Hexaghost","floor":16,"turns":5},{"damage":8,"enemies":"Chosen","floor":18,"turns":3},{"damage":2,"enemies":"Spheric Guardian","floor":20,"turns":3},{"damage":38,"enemies":"Snake Plant","floor":22,"turns":4},{"damage":36,"enemies":"Book of Stabbing","floor":23,"turns":4},{"damage":20,"enemies":"Gremlin Leader","floor":25,"turns":2}],"seed_played":"6143654320543090377","potions_obtained":[{"floor":3,"key":"LiquidBronze"},{"floor":5,"key":"EssenceOfSteel"},{"floor":23,"key":"GamblersBrew"}],"is_trial":false,"path_per_floor":["M","T","M","$","M","E","R","E","T","$","E","R","?","?","R","B",null,"M","$","M","?","M","E","R"],"character_chosen":"IRONCLAD","items_purchased":["Inflame","Red Skull","Spot Weakness","Flex","Heavy Blade"],"campfire_rested":0,"item_purchase_floors":[4,10,19,19,19],"current_hp_per_floor":[80,80,80,80,80,62,62,56,56,56,51,51,39,32,32,33,80,78,78,80,80,48,18,18,0],"gold":67,"neow_bonus":"ONE_RARE_RELIC","is_prod":false,"is_daily":false,"chose_seed":false,"campfire_upgraded":4,"win_rate":0,"timestamp":1539242018,"path_taken":["M","?","M","$","M","E","R","E","T","?","E","R","?","?","R","BOSS","M","$","M","?","M","E","R","E"],"build_version":"2018-10-04v2","purchased_purges":1,"victory":false,"max_hp_per_floor":[80,80,80,80,80,80,80,80,80,80,80,80,80,80,80,80,80,80,80,80,80,80,80,80,80],"card_choices":[{"not_picked":["Body Slam","Havoc"],"picked":"Anger","floor":1},{"not_picked":["Ghostly Armor","Corruption"],"picked":"Wild Strike","floor":3},{"not_picked":["Perfected Strike","Warcry"],"picked":"True Grit","floor":5},{"not_picked":["Twin Strike","Ghostly Armor"],"picked":"Anger","floor":6},{"not_picked":["Cleave","Body Slam"],"picked":"Rampage","floor":8},{"not_picked":["Flex","Warcry"],"picked":"Limit Break","floor":11},{"not_picked":["Bludgeon","Fiend Fire"],"picked":"Immolate","floor":16},{"not_picked":["Twin Strike","Hemokinesis"],"picked":"Rupture","floor":18},{"not_picked":["Thunderclap","Cleave"],"picked":"Bloodletting","floor":20},{"not_picked":["Feel No Pain","Clash+1"],"picked":"Uppercut","floor":22},{"not_picked":["Clothesline","Wild Strike"],"picked":"Armaments+1","floor":23}],"player_experience":229774,"relics_obtained":[{"floor":2,"key":"Shuriken"},{"floor":6,"key":"Omamori"},{"floor":8,"key":"Nunchaku"},{"floor":9,"key":"Happy Flower"},{"floor":11,"key":"Pantograph"},{"floor":23,"key":"The Courier"},{"floor":23,"key":"Blue Candle"}],"event_choices":[{"event_name":"Scrap Ooze","player_choice":"success","floor":13,"damage_taken":12},{"event_name":"Golden Wing","player_choice":"Card Removal","floor":14,"damage_taken":0},{"event_name":"Bonfire Elementals","player_choice":"BASIC","floor":21,"damage_taken":0}],"is_beta":false,"boss_relics":[{"not_picked":["White Beast Statue","Orrery"],"picked":"Black Star"}],"items_purged_floors":[4],"is_endless":false,"potions_floor_spawned":[3,5,23],"killed_by":"Gremlin Leader","ascension_level":3}