{"gold_per_floor":[114,114,114,139,158,187,98,98,98,98,114,114,133,39,39,138,188,208,208,220,220,234,260,278,478,478,118,118,128,106,121,121,121],"floor_reached":33,"playtime":3017,"items_purged":[],"score":365,"play_id":"ba1a7e0a-de16-4cec-a968-08b8bd0775d5","local_time":"20190203112310","is_ascension_mode":false,"campfire_choices":[{"data":"Poisoned Stab","floor":8,"key":"SMITH"},{"data":"Backstab","floor":15,"key":"SMITH"},{"floor":28,"key":"REST"},{"data":"Bane","floor":32,"key":"SMITH"}],"neow_cost":"NONE","seed_source_timestamp":239974439884299,"circlet_count":0,"master_deck":["Defend_G","Defend_G","Defend_G","Defend_G","Defend_G","Strike_G","Strike_G","Strike_G","Strike_G","Survivor","Neutralize","Leg Sweep","Deadly Poison+1","Masterful Stab","Poisoned Stab+1","Well Laid Plans","Backstab+1","Iron Wave","Deadly Poison","Backflip","Deadly Poison","Die Die Die+1","Bane","Bane+1","Choke","Bane","Skewer+1","Deflect","Endless Agony","Finisher","Heel Hook","Bane+1","Deadly Poison"],"relics":["Ring of the Snake","Snake Skull","Kunai","Paper Crane","Pantograph","Tiny House","Happy Flower","Darkstone Periapt","Pear"],"potions_floor_usage":[0,16,16,20,20,22,24,31,33],"damage_taken":[{"damage":7,"enemies":"Small Slimes","floor":1,"turns":4},{"damage":2,"enemies":"Jaw Worm","floor":5,"turns":6},{"damage":18,"enemies":"Lagavulin","floor":6,"turns":8},{"damage":3,"enemies":"Cultist","floor":11,"turns":3},{"damage":4,"enemies":"2 Fungi Beasts","floor":13,"turns":3},{"damage":9,"enemies":"Slime Boss","floor":16,"turns":16},{"damage":5,"enemies":"Chosen","floor":18,"turns":3},{"damage":0,"enemies":"Spheric Guardian","floor":20,"turns":4},{"damage":23,"enemies":"Snake Plant","floor":22,"turns":4},{"damage":31,"enemies":"Book of Stabbing","floor":23,"turns":6},{"damage":0,"enemies":"Sentry and Sphere","floor":24,"turns":3},{"damage":17,"enemies":"Chosen and Byrds","floor":29,"turns":6},{"damage":7,"enemies":"Snake Plant","floor":31,"turns":2},{"damage":57,"enemies":"Collector","floor":33,"turns":7}],"seed_played":"-6899953179460562097","potions_obtained":[{"floor":0,"key":"SneckoOil"},{"floor":0,"key":"Fruit Juice"},{"floor":0,"key":"Block Potion"},{"floor":6,"key":"GhostInAJar"},{"floor":16,"key":"LiquidBronze"},{"floor":17,"key":"EssenceOfSteel"},{"floor":22,"key":"SteroidPotion"},{"floor":23,"key":"Fire Potion"},{"floor":31,"key":"Weak Potion"}],"is_trial":false,"path_per_floor":["M","?","?","T","M","E","$","R","T","?","M","?","M","$","R","B",null,"M","?","M","?","M","E","M","?","T","$","R","M","$","M","R","B"],"character_chosen":"THE_SILENT","items_purchased":["Poisoned Stab","Well Laid Plans","Backflip","Deadly Poison","Pear","Endless Agony","Finisher","Bane"],"campfire_rested":1,"item_purchase_floors":[7,7,14,14,27,27,27,30],"current_hp_per_floor":[68,73,73,73,71,53,53,53,53,50,47,47,43,43,43,59,85,80,80,80,64,41,10,10,10,10,20,50,33,33,26,26,0],"gold":121,"neow_bonus":"THREE_SMALL_POTIONS","is_prod":false,"is_daily":false,"chose_seed":false,"campfire_upgraded":3,"win_rate":0.0,"timestamp":1549200190,"path_taken":["M","?","?","?","M","E","?","R","T","?","M","?","?","$","R","BOSS","M","?","?","?","M","E","M","?","T","$","R","M","$","M","R","BOSS"],"build_version":"2019-01-23","purchased_purges":0,"victory":false,"max_hp_per_floor":[75,80,80,80,80,80,80,80,80,80,80,80,80,80,80,80,85,85,85,85,90,90,90,90,90,90,100,100,100,100,100,100,100],"card_choices":[{"not_picked":["Reflex","Slice"],"picked":"Leg Sweep","floor":1},{"not_picked":["Dagger Spray","Caltrops"],"picked":"Deadly Poison","floor":5},{"not_picked":["Quick Slash","Footwork"],"picked":"Masterful Stab","floor":6},{"not_picked":["Dodge and Roll","After Image"],"picked":"Backstab","floor":11},{"not_picked":["Skewer","Caltrops"],"picked":"Deadly Poison","floor":13},{"not_picked":["Bullet Time","After Image"],"picked":"Die Die Die","floor":16},{"not_picked":["Skewer","Dagger Throw"],"picked":"Bane","floor":17},{"not_picked":["Deflect","Deadly Poison+1"],"picked":"Bane+1","floor":18},{"not_picked":["Outmaneuver","Acrobatics+1"],"picked":"Choke","floor":20},{"not_picked":["Flying Knee","Dagger Throw+1"],"picked":"Bane","floor":22},{"not_picked":["Expertise","Backflip+1"],"picked":"Skewer+1","floor":23},{"not_picked":["Well Laid Plans+1","Quick Slash"],"picked":"Deflect","floor":24},{"not_picked":["Poisoned Stab","Dodge and Roll+1"],"picked":"Heel Hook","floor":29},{"not_picked":["Skewer","Reflex"],"picked":"Deadly Poison","floor":31}],"player_experience":42320,"relics_obtained":[{"floor":4,"key":"Snake Skull"},{"floor":6,"key":"Kunai"},{"floor":9,"key":"Paper Crane"},{"floor":23,"key":"Happy Flower"},{"floor":26,"key":"Darkstone Periapt"}],"event_choices":[{"damage_healed":0,"gold_gain":0,"player_choice":"Donut","damage_taken":0,"max_hp_gain":5,"max_hp_loss":0,"event_name":"Big Fish","floor":2,"gold_loss":0},{"damage_healed":0,"gold_gain":0,"player_choice":"Leave","damage_taken":0,"max_hp_gain":0,"max_hp_loss":0,"event_name":"The Cleric","floor":3,"gold_loss":0},{"damage_healed":0,"gold_gain":0,"player_choice":"Success","damage_taken":3,"relics_obtained":["Pantograph"],"max_hp_gain":0,"max_hp_loss":0,"event_name":"Scrap Ooze","floor":10,"gold_loss":0},{"cards_removed":["Strike_G"],"damage_healed":0,"gold_gain":0,"player_choice":"Took Card","damage_taken":0,"max_hp_gain":0,"max_hp_loss":0,"event_name":"NoteForYourself","floor":12,"gold_loss":0,"cards_obtained":["Iron Wave"]},{"damage_healed":0,"gold_gain":0,"player_choice":"Upgraded","damage_taken":0,"max_hp_gain":0,"max_hp_loss":0,"event_name":"Upgrade Shrine","floor":19,"gold_loss":0,"cards_upgraded":["Deadly Poison"]},{"damage_healed":0,"gold_gain":0,"player_choice":"Shed Blood","damage_taken":21,"max_hp_gain":5,"max_hp_loss":0,"event_name":"Forgotten Altar","floor":21,"gold_loss":0},{"damage_healed":0,"gold_gain":200,"player_choice":"Gold","damage_taken":0,"max_hp_gain":0,"max_hp_loss":0,"event_name":"Wheel of Change","floor":25,"gold_loss":0}],"is_beta":false,"boss_relics":[{"not_picked":["Snecko Eye","Cursed Key"],"picked":"Tiny House"}],"items_purged_floors":[],"is_endless":false,"potions_floor_spawned":[6,13,16,22,23,31],"killed_by":"Collector","ascension_level":0}