{"gold_per_floor":[118,25,96,96,116,116,146,160,213,225,254,254,268,283,283,283],"floor_reached":16,"playtime":555,"items_purged":[],"score":140,"play_id":"fe29ea61-e9be-42ec-9d8c-10c7b86d80f2","local_time":"20190118010058","is_ascension_mode":true,"campfire_choices":[{"data":"Whirlwind","floor":6,"key":"SMITH"},{"data":"Limit Break","floor":12,"key":"SMITH"},{"data":"Bash","floor":15,"key":"SMITH"}],"neow_cost":"TEN_PERCENT_HP_LOSS","seed_source_timestamp":636028178236600,"circlet_count":0,"master_deck":["Strike_R","Strike_R","Strike_R","Strike_R","Defend_R","Defend_R","Defend_R","Defend_R","Bash+1","Twin Strike","Rupture","Pommel Strike","Whirlwind+1","Shrug It Off","Pommel Strike","Limit Break+1","Flame Barrier","Sword Boomerang","Evolve"],"relics":["Burning Blood","Unceasing Top","Letter Opener","Art of War","Strawberry","Dodecahedron"],"potions_floor_usage":[11,11,16,16],"damage_taken":[{"damage":15,"enemies":"Cultist","floor":1,"turns":5},{"damage":2,"enemies":"Jaw Worm","floor":5,"turns":3},{"damage":32,"enemies":"Gremlin Nob","floor":7,"turns":4},{"damage":7,"enemies":"Small Slimes","floor":8,"turns":3},{"damage":1,"enemies":"Looter","floor":10,"turns":4},{"damage":19,"enemies":"Lagavulin","floor":11,"turns":6},{"damage":18,"enemies":"Large Slime","floor":13,"turns":4},{"damage":30,"enemies":"Exordium Thugs","floor":14,"turns":5},{"damage":28,"enemies":"Slime Boss","floor":16,"turns":4}],"seed_played":"-9137663646808135540","potions_obtained":[{"floor":1,"key":"Regen Potion"},{"floor":8,"key":"SteroidPotion"},{"floor":13,"key":"Swift Potion"},{"floor":14,"key":"Fire Potion"}],"is_trial":false,"path_per_floor":["M","$","T","?","M","R","E","M","T","M","E","R","M","M","R","B"],"character_chosen":"IRONCLAD","items_purchased":["Rupture","Pommel Strike"],"campfire_rested":0,"item_purchase_floors":[2,2],"current_hp_per_floor":[63,63,63,63,67,67,41,40,47,52,53,53,41,17,17,0],"gold":283,"neow_bonus":"ONE_RARE_RELIC","is_prod":false,"is_daily":false,"chose_seed":false,"campfire_upgraded":3,"win_rate":0,"timestamp":1547802058,"path_taken":["M","$","?","?","M","R","E","M","T","?","E","R","M","M","R","BOSS"],"build_version":"2019-01-17","purchased_purges":0,"victory":false,"max_hp_per_floor":[72,72,72,72,72,72,72,72,79,79,79,79,79,79,79,79],"card_choices":[{"not_picked":["Dual Wield","Clash"],"picked":"Twin Strike","floor":1},{"not_picked":["Burning Pact","Havoc"],"picked":"Whirlwind","floor":5},{"not_picked":["Headbutt","Havoc"],"picked":"Shrug It Off","floor":7},{"not_picked":["Warcry","Rampage"],"picked":"Pommel Strike","floor":8},{"not_picked":["Bloodletting","Shrug It Off"],"picked":"Limit Break","floor":10},{"not_picked":["Body Slam","Battle Trance"],"picked":"Flame Barrier","floor":11},{"not_picked":["Carnage","Uppercut"],"picked":"Sword Boomerang","floor":13},{"not_picked":["Pommel Strike","True Grit"],"picked":"Evolve","floor":14}],"player_experience":531146,"relics_obtained":[{"floor":3,"key":"Letter Opener"},{"floor":7,"key":"Art of War"},{"floor":9,"key":"Strawberry"},{"floor":11,"key":"Dodecahedron"}],"event_choices":[{"cards_removed":["Strike_R"],"damage_healed":0,"gold_gain":0,"player_choice":"Offered Basic","damage_taken":0,"max_hp_gain":0,"max_hp_loss":0,"event_name":"Bonfire Elementals","floor":4,"gold_loss":0}],"is_beta":false,"boss_relics":[],"items_purged_floors":[],"is_endless":false,"potions_floor_spawned":[1,8,13,14],"killed_by":"Slime Boss","ascension_level":5}