{"gold_per_floor":[117,132,46,56,70,101,120,120,120,130,155,155,169,196,196,271,271,285,297,313,333,346,346,376,389,412,412],"floor_reached":27,"playtime":1316,"items_purged":[],"score":522,"play_id":"8612ab5e-f8b1-4dbe-8abf-26516acb1754","local_time":"20190301180139","is_ascension_mode":true,"campfire_choices":[{"data":"Fiend Fire","floor":8.0,"key":"SMITH"},{"data":"Armaments","floor":15.0,"key":"SMITH"},{"data":"True Grit","floor":23.0,"key":"SMITH"}],"neow_cost":"NONE","seed_source_timestamp":34037661915518,"circlet_count":0,"master_deck":["AscendersBane","Strike_R","Strike_R","Strike_R","Strike_R","Strike_R","Defend_R","Defend_R","Defend_R","Defend_R","Bash","Feel No Pain","Headbutt","Flame Barrier","Armaments+1","Entrench","Fiend Fire+1","Feel No Pain","Shockwave","Reaper","Battle Trance","Cleave","Spot Weakness","Offering","Heavy Blade+1","Juggernaut","True Grit+1","Sword Boomerang+1","Juggernaut","Feel No Pain"],"special_seed":0,"relics":["Velvet Choker","Red Skull","Omamori","PreservedInsect","Molten Egg 2","Cursed Key","Bronze Scales","Smiling Mask"],"potions_floor_usage":[24],"damage_taken":[{"damage":4.0,"enemies":"Small Slimes","floor":1.0,"turns":3.0},{"damage":1.0,"enemies":"Cultist","floor":2.0,"turns":3.0},{"damage":0.0,"enemies":"2 Louse","floor":4.0,"turns":3.0},{"damage":5.0,"enemies":"Gremlin Gang","floor":5.0,"turns":5.0},{"damage":35.0,"enemies":"Lagavulin","floor":6.0,"turns":9.0},{"damage":20.0,"enemies":"Exordium Thugs","floor":7.0,"turns":4.0},{"damage":0.0,"enemies":"2 Fungi Beasts","floor":10.0,"turns":3.0},{"damage":2.0,"enemies":"Gremlin Nob","floor":11.0,"turns":3.0},{"damage":0.0,"enemies":"3 Louse","floor":13.0,"turns":2.0},{"damage":7.0,"enemies":"3 Sentries","floor":14.0,"turns":5.0},{"damage":11.0,"enemies":"Slime Boss","floor":16.0,"turns":4.0},{"damage":13.0,"enemies":"Chosen","floor":18.0,"turns":6.0},{"damage":12.0,"enemies":"3 Byrds","floor":19.0,"turns":5.0},{"damage":14.0,"enemies":"Snecko","floor":20.0,"turns":5.0},{"damage":7.0,"enemies":"3 Cultists","floor":21.0,"turns":5.0},{"damage":1.0,"enemies":"Cultist and Chosen","floor":22.0,"turns":6.0},{"damage":22,"enemies":"Book of Stabbing","floor":24,"turns":3},{"damage":5,"enemies":"Snake Plant","floor":25,"turns":3},{"damage":0,"enemies":"Slavers","floor":27,"turns":1}],"seed_played":"2822877546732255915","potions_obtained":[{"floor":1.0,"key":"Regen Potion"},{"floor":5.0,"key":"Regen Potion"},{"floor":11.0,"key":"FearPotion"},{"floor":13.0,"key":"Strength Potion"},{"floor":16.0,"key":"Swift Potion"},{"floor":18.0,"key":"Dexterity Potion"},{"floor":24,"key":"Ancient Potion"}],"is_trial":false,"path_per_floor":["M","M","$","M","M","E","M","R","T","M","E","?","M","E","R","B",null,"M","M","M","M","M","R","E","M","T","E"],"character_chosen":"IRONCLAD","items_purchased":["Flame Barrier"],"campfire_rested":0,"item_purchase_floors":[3],"current_hp_per_floor":[64,63,63,63,58,23,3,3,3,3,20,20,20,20,20,24,62,49,46,39,32,31,31,19,14,14,14],"gold":412,"neow_bonus":"BOSS_RELIC","is_prod":false,"is_daily":false,"chose_seed":false,"campfire_upgraded":3,"win_rate":0,"timestamp":1551481299,"path_taken":["M","M","$","M","M","E","M","R","T","M","E","?","?","E","R","BOSS","M","M","M","M","M","R","E","M","T","E"],"build_version":"2019-01-23","purchased_purges":0,"victory":false,"max_hp_per_floor":[75,75,75,75,75,75,75,75,75,75,75,75,75,75,75,75,75,75,75,75,75,75,75,75,75,75,75],"card_choices":[{"not_picked":["Ghostly Armor","Body Slam"],"picked":"Feel No Pain","floor":1.0},{"not_picked":["Thunderclap","Pommel Strike"],"picked":"Headbutt","floor":2.0},{"not_picked":["Shrug It Off","Clash"],"picked":"Armaments","floor":4.0},{"not_picked":["Thunderclap","Clash"],"picked":"Entrench","floor":5.0},{"not_picked":["Spot Weakness","Clash"],"picked":"Fiend Fire","floor":6.0},{"not_picked":["Headbutt","Twin Strike"],"picked":"Feel No Pain","floor":7.0},{"not_picked":["Cleave","Pommel Strike"],"picked":"Shockwave","floor":10.0},{"not_picked":["Carnage","Heavy Blade"],"picked":"Reaper","floor":11.0},{"not_picked":["Thunderclap","Bloodletting"],"picked":"Cleave","floor":13.0},{"not_picked":["Body Slam","Flex"],"picked":"Spot Weakness","floor":14.0},{"not_picked":["Double Tap","Impervious"],"picked":"Offering","floor":16.0},{"not_picked":["Armaments","Seeing Red+1"],"picked":"Heavy Blade+1","floor":18.0},{"not_picked":["Ghostly Armor","Dropkick+1","Anger+1"],"picked":"SKIP","floor":19.0},{"not_picked":["Dual Wield","Combust"],"picked":"Juggernaut","floor":20.0},{"not_picked":["Twin Strike+1","Headbutt+1"],"picked":"True Grit","floor":21.0},{"not_picked":["Power Through","Thunderclap+1"],"picked":"Sword Boomerang+1","floor":22.0},{"not_picked":["Dropkick+1","Body Slam+1"],"picked":"Juggernaut","floor":24},{"not_picked":["Flex+1","Shrug It Off"],"picked":"Feel No Pain","floor":25}],"player_experience":621258,"relics_obtained":[{"floor":6.0,"key":"Red Skull"},{"floor":9.0,"key":"Omamori"},{"floor":11.0,"key":"PreservedInsect"},{"floor":14.0,"key":"Molten Egg 2"},{"floor":24,"key":"Bronze Scales"},{"floor":26,"key":"Smiling Mask"}],"event_choices":[{"damage_healed":0.0,"max_hp_gain":0.0,"max_hp_loss":0.0,"gold_gain":0.0,"event_name":"Match and Keep!","player_choice":"1 cards matched","floor":12.0,"gold_loss":0.0,"damage_taken":0.0,"cards_obtained":["Battle Trance"]}],"is_beta":false,"boss_relics":[{"not_picked":["White Beast Statue","Tiny House"],"picked":"Cursed Key"}],"items_purged_floors":[],"is_endless":false,"potions_floor_spawned":[1,5,6,11,13,16,18,24],"killed_by":"Slavers","ascension_level":20}