{"gold_per_floor":[112,125,47,65,65,65,91,91,115,132,160,160,160,177,177,253,253,267,301,316,156,174,174,190,190,190,190,208,218,418,433,433,507,507,525,525,525,747,348,374,374,394,418,430,430,449,449,462,462,462],"floor_reached":51,"playtime":3012,"items_purged":["Strike_B","Writhe"],"score":1296,"play_id":"49daca52-12bf-482c-8496-a9ee173df89e","local_time":"20190120202506","is_ascension_mode":true,"campfire_choices":[{"data":"Zap","floor":6,"key":"SMITH"},{"floor":8,"key":"REST"},{"data":"Cold Snap","floor":13,"key":"SMITH"},{"data":"Coolheaded","floor":15,"key":"SMITH"},{"floor":23,"key":"REST"},{"data":"Storm","floor":25,"key":"SMITH"},{"floor":27,"key":"REST"},{"floor":32,"key":"REST"},{"floor":41,"key":"REST"},{"floor":45,"key":"REST"},{"floor":47,"key":"REST"},{"floor":49,"key":"REST"}],"neow_cost":"NONE","seed_source_timestamp":1009472696022600,"circlet_count":0,"master_deck":["AscendersBane","Strike_B","Strike_B","Defend_B","Defend_B","Defend_B","Defend_B","Zap+1","Dualcast","Reprogram","FTL","Doom and Gloom","Defragment+1","Cold Snap+1","Capacitor+1","Cold Snap","Coolheaded+1","Core Surge","Barrage","Compile Driver","Capacitor","Storm+1","Electrodynamics","Darkness","Conserve Battery","Reboot","Rainbow","Loop"],"relics":["Cracked Core","Bag of Preparation","Anchor","Torii","Runic Dome","Red Mask","PreservedInsect","Busted Crown","Runic Capacitor","Blood Vial","Centennial Puzzle"],"potions_floor_usage":[7,11,16,19,33,33,42,50],"damage_taken":[{"damage":2,"enemies":"Cultist","floor":1,"turns":4},{"damage":7,"enemies":"Jaw Worm","floor":2,"turns":4},{"damage":4,"enemies":"2 Louse","floor":4,"turns":3},{"damage":15,"enemies":"3 Sentries","floor":7,"turns":3},{"damage":8,"enemies":"Exordium Thugs","floor":10,"turns":4},{"damage":9,"enemies":"Lagavulin","floor":11,"turns":6},{"damage":0,"enemies":"2 Fungi Beasts","floor":14,"turns":2},{"damage":14,"enemies":"Slime Boss","floor":16,"turns":8},{"damage":6,"enemies":"2 Thieves","floor":18,"turns":4},{"damage":9,"enemies":"Masked Bandits","floor":19,"turns":3},{"damage":6,"enemies":"Shell Parasite","floor":20,"turns":4},{"damage":22,"enemies":"Centurion and Healer","floor":22,"turns":6},{"damage":8,"enemies":"Chosen and Byrds","floor":24,"turns":5},{"damage":1,"enemies":"Cultist and Chosen","floor":28,"turns":4},{"damage":21,"enemies":"Sentry and Sphere","floor":29,"turns":4},{"damage":9,"enemies":"Snake Plant","floor":31,"turns":3},{"damage":18,"enemies":"Automaton","floor":33,"turns":6},{"damage":21,"enemies":"Orb Walker","floor":35,"turns":4},{"damage":26,"enemies":"Reptomancer","floor":40,"turns":3},{"damage":1,"enemies":"3 Shapes","floor":42,"turns":5},{"damage":36,"enemies":"3 Darklings","floor":44,"turns":3},{"damage":7,"enemies":"Jaw Worm Horde","floor":46,"turns":3},{"damage":2,"enemies":"Sphere and 2 Shapes","floor":48,"turns":3},{"damage":58,"enemies":"Donu and Deca","floor":50,"turns":8}],"seed_played":"3965786371936828912","potions_obtained":[{"floor":1,"key":"PowerPotion"},{"floor":2,"key":"Poison Potion"},{"floor":10,"key":"SkillPotion"},{"floor":16,"key":"AttackPotion"},{"floor":19,"key":"LiquidBronze"},{"floor":22,"key":"Explosive Potion"},{"floor":33,"key":"SkillPotion"},{"floor":35,"key":"Ancient Potion"}],"is_trial":false,"path_per_floor":["M","M","$","M","?","R","E","R","T","M","E","?","R","M","R","B",null,"M","?","M","$","M","R","M","R","T","R","M","M","?","M","R","B",null,"M","?","?","?","$","E","R","M","T","M","R","M","R","M","R","B",null],"character_chosen":"DEFECT","items_purchased":["Defragment","Storm","Runic Capacitor","Loop"],"campfire_rested":8,"item_purchase_floors":[3,21,39,39],"current_hp_per_floor":[62,55,55,51,51,51,36,57,57,49,40,40,40,40,40,26,60,54,45,39,39,17,38,30,30,30,51,50,29,29,20,41,23,59,38,52,52,52,52,26,47,48,48,14,35,30,51,51,71,13],"gold":462,"neow_bonus":"TRANSFORM_CARD","is_prod":false,"is_daily":false,"chose_seed":false,"campfire_upgraded":4,"win_rate":0,"timestamp":1548033906,"path_taken":["M","M","$","M","?","R","E","R","T","?","E","?","R","?","R","BOSS","M","?","M","$","M","R","M","R","T","R","M","M","?","M","R","BOSS","M","?","?","?","$","E","R","M","T","M","R","M","R","M","R","BOSS"],"build_version":"2019-01-19","purchased_purges":2,"victory":true,"max_hp_per_floor":[71,71,71,71,71,71,71,71,71,71,71,71,71,71,71,71,71,71,71,71,71,71,71,71,71,71,71,71,71,71,71,71,71,71,71,71,71,71,71,71,71,71,71,71,71,71,71,71,71,71],"card_choices":[{"not_picked":["Fusion","Redo"],"picked":"FTL","floor":1},{"not_picked":["Hologram","Steam"],"picked":"Doom and Gloom","floor":2},{"not_picked":["Beam Cell","Compile Driver"],"picked":"Cold Snap","floor":4},{"not_picked":["Hello World","Doom and Gloom"],"picked":"Capacitor","floor":7},{"not_picked":["Rebound","Melter","Redo"],"picked":"SKIP","floor":10},{"not_picked":["Hello World","Beam Cell"],"picked":"Cold Snap","floor":11},{"not_picked":["Sunder","Multi-Cast"],"picked":"Coolheaded","floor":14},{"not_picked":["All For One","Multi-Cast"],"picked":"Core Surge","floor":16},{"not_picked":["Recycle","Sweeping Beam"],"picked":"Barrage","floor":18},{"not_picked":["Stack","Skim"],"picked":"Compile Driver","floor":19},{"not_picked":["Heatsinks","Undo"],"picked":"Capacitor","floor":20},{"not_picked":["Gash","Redo","Rebound"],"picked":"SKIP","floor":22},{"not_picked":["Steam","Static Discharge"],"picked":"Electrodynamics","floor":24},{"not_picked":["Hologram","Scrape"],"picked":"Darkness","floor":28},{"not_picked":["Redo","Rebound"],"picked":"Conserve Battery","floor":29},{"not_picked":["Turbo","Hello World"],"picked":"Reboot","floor":31},{"not_picked":["All For One","Amplify"],"picked":"Rainbow","floor":33},{"not_picked":["Gash+1"],"picked":"SKIP","floor":35},{"not_picked":["Redo"],"picked":"SKIP","floor":40},{"not_picked":["Beam Cell"],"picked":"SKIP","floor":42},{"not_picked":["Gash"],"picked":"SKIP","floor":44},{"not_picked":["Auto Shields"],"picked":"SKIP","floor":46},{"not_picked":["Genetic Algorithm"],"picked":"SKIP","floor":48}],"player_experience":470691,"relics_obtained":[{"floor":7,"key":"Bag of Preparation"},{"floor":9,"key":"Anchor"},{"floor":11,"key":"Torii"},{"floor":19,"key":"Red Mask"},{"floor":26,"key":"PreservedInsect"},{"floor":40,"key":"Blood Vial"},{"floor":43,"key":"Centennial Puzzle"}],"event_choices":[{"damage_healed":0,"gold_gain":0,"player_choice":"Upgraded","damage_taken":0,"max_hp_gain":0,"max_hp_loss":0,"event_name":"Upgrade Shrine","floor":5,"gold_loss":0,"cards_upgraded":["Defragment"]},{"damage_healed":0,"gold_gain":0,"player_choice":"Forge","damage_taken":0,"max_hp_gain":0,"max_hp_loss":0,"event_name":"Accursed Blacksmith","floor":12,"gold_loss":0,"cards_upgraded":["Capacitor"]},{"damage_healed":0,"gold_gain":0,"player_choice":"Fought Bandits","damage_taken":0,"max_hp_gain":0,"max_hp_loss":0,"event_name":"Masked Bandits","floor":19,"gold_loss":0},{"damage_healed":0,"gold_gain":200,"player_choice":"Gold","damage_taken":0,"max_hp_gain":0,"max_hp_loss":0,"event_name":"Wheel of Change","floor":30,"gold_loss":0},{"damage_healed":14,"gold_gain":0,"player_choice":"Writhe","damage_taken":0,"max_hp_gain":0,"max_hp_loss":0,"event_name":"Winding Halls","floor":36,"gold_loss":0,"cards_obtained":["Writhe"]},{"damage_healed":0,"gold_gain":0,"player_choice":"Ignored","damage_taken":0,"max_hp_gain":0,"max_hp_loss":0,"event_name":"Mysterious Sphere","floor":37,"gold_loss":0},{"damage_healed":0,"gold_gain":222,"player_choice":"Wore Mask","damage_taken":0,"max_hp_gain":0,"max_hp_loss":0,"event_name":"Tomb of Lord Red Mask","floor":38,"gold_loss":0}],"is_beta":true,"boss_relics":[{"not_picked":["White Beast Statue","Calling Bell"],"picked":"Runic Dome"},{"not_picked":["Black Star","Pandora\u0027s Box"],"picked":"Busted Crown"}],"items_purged_floors":[21,39],"is_endless":false,"potions_floor_spawned":[1,2,10,16,19,22,28,33,35,40],"ascension_level":19}