{"gold_per_floor":[218,230,405,405,419,419,344,344,419,429,233,268,268,175,175,271,271,285,285,285,295,295,295,295,295,322,341,341,341,351,106,106,201,201,214,234,334,87,87,87,87,87,87,103,103,103,116,129,129,129],"floor_reached":50,"playtime":2154,"items_purged":["Defend_B","Strike_B"],"score":461,"play_id":"409077d0-d096-4df2-aaa0-870baa2c55e0","local_time":"20181230123418","is_ascension_mode":false,"campfire_choices":[{"data":"Dualcast","floor":6.0,"key":"SMITH"},{"data":"Zap","floor":8.0,"key":"SMITH"},{"data":"Thunder Strike","floor":13.0,"key":"SMITH"},{"data":"Ball Lightning","floor":15.0,"key":"SMITH"},{"floor":23.0,"key":"REST"},{"floor":25.0,"key":"REST"},{"floor":29.0,"key":"REST"},{"floor":32.0,"key":"REST"},{"data":"Defragment","floor":40.0,"key":"SMITH"},{"data":"Defragment","floor":42.0,"key":"SMITH"},{"floor":49,"key":"REST"}],"neow_cost":"NONE","seed_source_timestamp":435975116023893,"circlet_count":0,"master_deck":["Strike_B","Strike_B","Defend_B","Defend_B","Defend_B","Zap+1","Dualcast+1","Darkness","Tempest","Conserve Battery","Thunder Strike+1","Coolheaded","Ball Lightning","Ball Lightning+1","Cold Snap","Amplify","Blizzard","Defragment+1","Defragment+1","Cold Snap","Coolheaded","Cold Snap+1","Defragment+1","Seek","Madness","Madness","Dark Shackles"],"special_seed":0,"relics":["Cracked Core","Shuriken","Happy Flower","Orrery","Sundial","Busted Crown","Peace Pipe","Vajra","Ornamental Fan"],"potions_floor_usage":[50,50,50],"damage_taken":[{"damage":1.0,"enemies":"Jaw Worm","floor":1.0,"turns":3.0},{"damage":1.0,"enemies":"Cultist","floor":2.0,"turns":3.0},{"damage":1.0,"enemies":"2 Louse","floor":5.0,"turns":4.0},{"damage":2.0,"enemies":"Blue Slaver","floor":10.0,"turns":3.0},{"damage":12.0,"enemies":"3 Sentries","floor":12.0,"turns":3.0},{"damage":14.0,"enemies":"Slime Boss","floor":16.0,"turns":8.0},{"damage":9.0,"enemies":"Spheric Guardian","floor":18.0,"turns":4.0},{"damage":30.0,"enemies":"Shell Parasite","floor":21.0,"turns":3.0},{"damage":31.0,"enemies":"Snake Plant","floor":27.0,"turns":3.0},{"damage":20.0,"enemies":"Centurion and Healer","floor":30.0,"turns":7.0},{"damage":33.0,"enemies":"Champ","floor":33.0,"turns":14.0},{"damage":4.0,"enemies":"Orb Walker","floor":35.0,"turns":3.0},{"damage":7.0,"enemies":"3 Shapes","floor":36.0,"turns":4.0},{"damage":0.0,"enemies":"Mind Bloom Boss Battle","floor":37.0,"turns":8.0},{"damage":19.0,"enemies":"Spire Growth","floor":44.0,"turns":3.0},{"damage":21.0,"enemies":"Writhing Mass","floor":47.0,"turns":6.0},{"damage":8,"enemies":"Sphere and 2 Shapes","floor":48,"turns":7},{"damage":36,"enemies":"Donu and Deca","floor":50,"turns":8}],"seed_played":"4844605057616403134","potions_obtained":[{"floor":1.0,"key":"PowerPotion"},{"floor":33.0,"key":"Ancient Potion"},{"floor":37.0,"key":"Block Potion"},{"floor":44.0,"key":"Dexterity Potion"}],"is_trial":false,"path_per_floor":["M","M","?","?","M","R","$","R","T","M","$","E","R","$","R","B",null,"M","?","?","M","?","R","$","R","T","M","?","R","M","$","R","B",null,"M","M","?","$","?","R","?","R","T","M","?","?","M","M","R","B"],"character_chosen":"DEFECT","items_purchased":["Thunder Strike","Coolheaded","Ball Lightning","Cold Snap","Sundial","Vajra"],"campfire_rested":5,"item_purchase_floors":[11,11,14,14,31,38],"current_hp_per_floor":[74,73,73,73,72,72,72,72,72,70,70,58,58,58,58,44,75,66,66,52,22,22,46,46,70,70,39,39,63,43,43,67,34,80,76,69,69,69,69,69,59,59,59,40,40,40,19,11,35,0],"gold":129,"neow_bonus":"HUNDRED_GOLD","is_prod":false,"is_daily":false,"chose_seed":false,"campfire_upgraded":6,"win_rate":0,"timestamp":1546191258,"path_taken":["M","M","?","?","?","R","$","R","T","M","?","E","R","$","R","BOSS","M","?","?","M","?","R","$","R","T","M","?","R","M","?","R","BOSS","M","?","?","$","?","R","?","R","T","M","?","?","M","?","R","BOSS"],"build_version":"2018-12-20","purchased_purges":2,"victory":false,"max_hp_per_floor":[75,75,75,75,75,75,75,75,75,75,75,75,75,75,75,75,75,75,75,80,80,80,80,80,80,80,80,80,80,80,80,80,80,80,80,80,80,80,80,80,80,80,80,80,80,80,80,80,80,80],"card_choices":[{"not_picked":["Reinforced Body","Barrage","Rebound"],"picked":"SKIP","floor":1.0},{"not_picked":["Loop","Hologram"],"picked":"Darkness","floor":2.0},{"not_picked":["Leap","Conserve Battery"],"picked":"Tempest","floor":5.0},{"not_picked":["Beam Cell","Barrage"],"picked":"Conserve Battery","floor":10.0},{"not_picked":["Undo","Coolheaded"],"picked":"Ball Lightning","floor":12.0},{"not_picked":["Rainbow","Buffer"],"picked":"Amplify","floor":16.0},{"not_picked":["Leap","Steam"],"picked":"Blizzard","floor":17.0},{"not_picked":["Biased Cognition","Compile Driver"],"picked":"Defragment","floor":17.0},{"not_picked":["Streamline","Recycle"],"picked":"Defragment","floor":18.0},{"not_picked":["Redo","White Noise"],"picked":"Coolheaded","floor":21.0},{"not_picked":["Rebound","Turbo"],"picked":"Cold Snap+1","floor":27.0},{"not_picked":["Undo","Scrape"],"picked":"Defragment+1","floor":30.0},{"not_picked":["Thunder Strike","Creative AI"],"picked":"Seek","floor":33.0},{"not_picked":["Stack"],"picked":"SKIP","floor":35.0},{"not_picked":["Stack"],"picked":"SKIP","floor":36.0},{"not_picked":["Heatsinks"],"picked":"SKIP","floor":44.0},{"not_picked":[],"picked":"Dark Shackles","floor":45.0},{"not_picked":["Sweeping Beam+1"],"picked":"SKIP","floor":47.0},{"not_picked":["Recycle"],"picked":"SKIP","floor":48}],"player_experience":363343,"relics_obtained":[{"floor":9.0,"key":"Shuriken"},{"floor":12.0,"key":"Happy Flower"},{"floor":37.0,"key":"Peace Pipe"},{"floor":43.0,"key":"Ornamental Fan"}],"event_choices":[{"damage_healed":0.0,"max_hp_gain":0.0,"max_hp_loss":0.0,"gold_gain":175.0,"event_name":"Liars Game","player_choice":"AGREE","floor":3.0,"gold_loss":0.0,"damage_taken":0.0,"cards_obtained":["Doubt"]},{"cards_removed":["Doubt"],"damage_healed":0.0,"max_hp_gain":0.0,"max_hp_loss":0.0,"gold_gain":0.0,"event_name":"NoteForYourself","player_choice":"Took Card","floor":4.0,"gold_loss":0.0,"damage_taken":0.0,"cards_obtained":["Coolheaded"]},{"damage_healed":0.0,"max_hp_gain":0.0,"max_hp_loss":0.0,"gold_gain":0.0,"event_name":"The Library","player_choice":"Read","floor":19.0,"gold_loss":0.0,"damage_taken":0.0,"cards_obtained":["Cold Snap"]},{"damage_healed":0.0,"max_hp_gain":5.0,"max_hp_loss":0.0,"gold_gain":0.0,"event_name":"Forgotten Altar","player_choice":"Shed Blood","floor":20.0,"gold_loss":0.0,"damage_taken":19.0},{"damage_healed":0.0,"max_hp_gain":0.0,"max_hp_loss":0.0,"gold_gain":0.0,"event_name":"Cursed Tome","player_choice":"Ignored","floor":22.0,"gold_loss":0.0,"damage_taken":0.0},{"cards_removed":["Strike_B"],"damage_healed":0.0,"max_hp_gain":0.0,"max_hp_loss":0.0,"gold_gain":0.0,"event_name":"Back to Basics","player_choice":"Elegance","floor":28.0,"gold_loss":0.0,"damage_taken":0.0},{"damage_healed":0.0,"max_hp_gain":0.0,"max_hp_loss":0.0,"gold_gain":0.0,"event_name":"MindBloom","player_choice":"Fight","floor":37.0,"gold_loss":0.0,"damage_taken":0.0},{"damage_healed":0.0,"max_hp_gain":0.0,"max_hp_loss":0.0,"gold_gain":0.0,"event_name":"Mysterious Sphere","player_choice":"Ignored","floor":39.0,"gold_loss":0.0,"damage_taken":0.0},{"damage_healed":0.0,"max_hp_gain":0.0,"max_hp_loss":0.0,"gold_gain":0.0,"event_name":"Winding Halls","player_choice":"Embrace Madness","floor":41.0,"gold_loss":0.0,"damage_taken":10.0,"cards_obtained":["Madness","Madness"]},{"damage_healed":0.0,"max_hp_gain":0.0,"max_hp_loss":0.0,"gold_gain":0.0,"event_name":"SensoryStone","player_choice":"Memory 1","floor":45.0,"gold_loss":0.0,"damage_taken":0.0},{"cards_removed":["Coolheaded"],"damage_healed":0.0,"max_hp_gain":0.0,"max_hp_loss":0.0,"gold_gain":0.0,"event_name":"Falling","player_choice":"Removed Skill","floor":46.0,"gold_loss":0.0,"damage_taken":0.0}],"is_beta":false,"boss_relics":[{"not_picked":["Ectoplasm","Runic Dome"],"picked":"Orrery"},{"not_picked":["Astrolabe","Philosopher\u0027s Stone"],"picked":"Busted Crown"}],"items_purged_floors":[7,38],"is_endless":false,"potions_floor_spawned":[1,33,37,44,47],"killed_by":"Donu and Deca","ascension_level":0}