{"gold_per_floor":[113,126,126,126,142,142,2,2,2,2,2,2,2,17,17,142,142,158,138,157,72,72,72,111,111,135,147,179,209,221,233,245,378,453,485,497,509,546,300,300,340,340,367,387,43,43,43,68,68,68],"floor_reached":50,"playtime":2598,"items_purged":["Writhe","Defend_G"],"score":817,"play_id":"4fb72642-bec8-4aba-b466-08a2bc10a341","local_time":"20190210101804","is_ascension_mode":true,"campfire_choices":[{"data":"Neutralize","floor":6,"key":"SMITH"},{"data":"Dodge and Roll","floor":8,"key":"SMITH"},{"data":"Deflect","floor":10,"key":"SMITH"},{"data":"Caltrops","floor":12,"key":"SMITH"},{"data":"Venomology","floor":15,"key":"SMITH"},{"floor":23,"key":"REST"},{"data":"Noxious Fumes","floor":25,"key":"SMITH"},{"floor":32,"key":"REST"},{"data":"Apotheosis","floor":40,"key":"SMITH"},{"floor":46,"key":"REST"},{"floor":49,"key":"REST"}],"neow_cost":"TEN_PERCENT_HP_LOSS","seed_source_timestamp":568783119117394,"circlet_count":0,"master_deck":["AscendersBane","Defend_G","Defend_G","Defend_G","Defend_G","Strike_G+1","Survivor","Neutralize+1","Caltrops+1","Dodge and Roll+1","Flying Knee+1","Terror+1","Deflect+1","Masterful Stab","Venomology+1","Adrenaline","Corpse Explosion+1","Noxious Fumes+1","Cloak And Dagger","Deflect","Apotheosis+1","Catalyst+1","Backflip+1"],"relics":["Ring of the Snake","Golden Idol","Darkstone Periapt","The Specimen","Lizard Tail","Pocketwatch","Pear","Bottled Lightning","MawBank","Whetstone","Tiny House","Happy Flower","Centennial Puzzle","Anchor"],"potions_floor_usage":[14,16,16,18,19,20,20,20,24,24,29,29,30,30,33,33,41,41,44,48,50,50,50],"damage_taken":[{"damage":12,"enemies":"Cultist","floor":1,"turns":6},{"damage":7,"enemies":"Small Slimes","floor":2,"turns":5},{"damage":4,"enemies":"Jaw Worm","floor":5,"turns":6},{"damage":4,"enemies":"Lots of Slimes","floor":14,"turns":4},{"damage":0,"enemies":"The Guardian","floor":16,"turns":12},{"damage":6,"enemies":"Shell Parasite","floor":18,"turns":6},{"damage":20,"enemies":"2 Thieves","floor":19,"turns":5},{"damage":21,"enemies":"Sentry and Sphere","floor":20,"turns":9},{"damage":21,"enemies":"Slavers","floor":24,"turns":3},{"damage":0,"enemies":"3 Cultists","floor":28,"turns":3},{"damage":9,"enemies":"Shelled Parasite and Fungi","floor":29,"turns":4},{"damage":4,"enemies":"Snake Plant","floor":30,"turns":3},{"damage":69,"enemies":"Champ","floor":33,"turns":18},{"damage":14,"enemies":"Orb Walker","floor":35,"turns":4},{"damage":9,"enemies":"3 Shapes","floor":38,"turns":5},{"damage":40,"enemies":"Nemesis","floor":41,"turns":7},{"damage":12,"enemies":"Spire Growth","floor":44,"turns":6},{"damage":0,"enemies":"3 Darklings","floor":48,"turns":3},{"damage":69,"enemies":"Awakened One","floor":50,"turns":17}],"seed_played":"5008788201063197328","potions_obtained":[{"floor":1,"key":"FearPotion"},{"floor":14,"key":"GhostInAJar"},{"floor":18,"key":"Dexterity Potion"},{"floor":24,"key":"Block Potion"},{"floor":28,"key":"EssenceOfSteel"},{"floor":34,"key":"PowerPotion"},{"floor":41,"key":"Explosive Potion"}],"is_trial":false,"path_per_floor":["M","M","?","T","M","R","$","R","T","R","?","R","$","M","R","B",null,"M","M","M","?","?","R","E","R","T","?","M","M","M","T","R","B",null,"M","?","?","M","$","R","E","?","T","M","$","R","?","M","R","B"],"character_chosen":"THE_SILENT","items_purchased":["Deflect","Masterful Stab","Dexterity Potion","Apotheosis","AttackPotion","SteroidPotion","Anchor"],"campfire_rested":4,"item_purchase_floors":[7,7,7,39,45,45,45],"current_hp_per_floor":[51,44,29,29,25,25,25,25,25,25,25,25,25,21,21,21,53,47,27,21,21,31,52,31,31,31,31,31,22,18,18,39,15,64,50,76,76,67,67,67,27,27,27,15,15,40,40,40,65,0],"gold":68,"neow_bonus":"TRANSFORM_TWO_CARDS","is_prod":false,"is_daily":false,"chose_seed":false,"campfire_upgraded":7,"win_rate":0,"timestamp":1549754284,"path_taken":["M","?","?","?","?","R","?","R","T","R","?","R","$","?","R","BOSS","M","M","M","?","?","R","E","R","T","?","M","?","?","?","R","BOSS","M","?","?","M","$","R","E","?","T","?","$","R","?","M","R","BOSS"],"build_version":"2019-01-23","purchased_purges":2,"victory":false,"max_hp_per_floor":[63,63,63,63,63,63,63,63,63,63,63,63,63,63,63,63,63,63,63,63,63,73,73,73,73,73,73,73,73,73,73,73,73,78,78,84,84,84,84,84,84,84,84,84,84,84,84,84,84,84],"card_choices":[{"not_picked":["Tactician","Blade Dance"],"picked":"Flying Knee","floor":1},{"not_picked":["Blade Dance","Slice"],"picked":"Terror","floor":2},{"not_picked":["Flying Knee","Dagger Spray","Outmaneuver"],"picked":"SKIP","floor":5},{"not_picked":["Dodge and Roll","Dagger Throw"],"picked":"Adrenaline","floor":14},{"not_picked":["Adrenaline","Die Die Die"],"picked":"Corpse Explosion","floor":16},{"not_picked":["Quick Slash","Flying Knee"],"picked":"Noxious Fumes","floor":18},{"not_picked":["Prepared","Accuracy+1","Predator"],"picked":"SKIP","floor":19},{"not_picked":["Terror","Slice","Blur"],"picked":"SKIP","floor":20},{"not_picked":["Acrobatics","Terror+1"],"picked":"Cloak And Dagger","floor":24},{"not_picked":["Calculated Gamble","Dagger Spray+1","Backflip"],"picked":"SKIP","floor":28},{"not_picked":["Terror","Dodge and Roll","Deadly Poison"],"picked":"SKIP","floor":29},{"not_picked":["Dodge and Roll","Prepared+1"],"picked":"Deflect","floor":35},{"not_picked":["Deadly Poison","Dodge and Roll+1","Dagger Throw"],"picked":"SKIP","floor":38},{"not_picked":["Expertise","Backflip"],"picked":"Catalyst+1","floor":41},{"not_picked":["Outmaneuver","Dagger Throw"],"picked":"Backflip+1","floor":44},{"not_picked":["Predator","Poisoned Stab","Underhanded Strike"],"picked":"SKIP","floor":48}],"player_experience":708408,"relics_obtained":[{"floor":4,"key":"Darkstone Periapt"},{"floor":9,"key":"The Specimen"},{"floor":24,"key":"Bottled Lightning"},{"floor":26,"key":"MawBank"},{"floor":31,"key":"Whetstone"},{"floor":41,"key":"Happy Flower"},{"floor":43,"key":"Centennial Puzzle"}],"event_choices":[{"damage_healed":0,"gold_gain":0,"player_choice":"Take Damage","damage_taken":15,"relics_obtained":["Golden Idol"],"max_hp_gain":0,"max_hp_loss":0,"event_name":"Golden Idol","floor":3,"gold_loss":0},{"damage_healed":0,"gold_gain":0,"cards_transformed":["Strike_G"],"player_choice":"Transformed","damage_taken":0,"max_hp_gain":0,"max_hp_loss":0,"event_name":"Transmorgrifier","floor":11,"gold_loss":0,"cards_obtained":["Venomology"]},{"damage_healed":0,"gold_gain":0,"player_choice":"Obtained Relic","damage_taken":0,"relics_obtained":["Pocketwatch"],"max_hp_gain":0,"max_hp_loss":0,"event_name":"Addict","floor":21,"gold_loss":85},{"damage_healed":0,"gold_gain":0,"player_choice":"Opened","damage_taken":0,"relics_obtained":["Pear"],"max_hp_gain":0,"max_hp_loss":0,"event_name":"The Mausoleum","floor":22,"gold_loss":0},{"damage_healed":0,"gold_gain":0,"player_choice":"Upgraded","damage_taken":0,"max_hp_gain":0,"max_hp_loss":0,"event_name":"Upgrade Shrine","floor":27,"gold_loss":0,"cards_upgraded":["Terror"]},{"damage_healed":20,"gold_gain":0,"player_choice":"Writhe","damage_taken":0,"max_hp_gain":0,"max_hp_loss":0,"event_name":"Winding Halls","floor":36,"gold_loss":0,"cards_obtained":["Writhe"]},{"damage_healed":0,"gold_gain":0,"player_choice":"Ignored","damage_taken":0,"max_hp_gain":0,"max_hp_loss":0,"event_name":"Mysterious Sphere","floor":37,"gold_loss":0},{"cards_removed":["Strike_G"],"damage_healed":0,"gold_gain":0,"player_choice":"Card Removal","damage_taken":0,"max_hp_gain":0,"max_hp_loss":0,"event_name":"Wheel of Change","floor":42,"gold_loss":0},{"damage_healed":0,"gold_gain":0,"player_choice":"Ignored","damage_taken":0,"max_hp_gain":0,"max_hp_loss":0,"event_name":"SecretPortal","floor":47,"gold_loss":0}],"is_beta":false,"boss_relics":[{"not_picked":["Orrery","Runic Dome"],"picked":"Lizard Tail"},{"not_picked":["Pandora\u0027s Box","Empty Cage"],"picked":"Tiny House"}],"items_purged_floors":[39,45],"is_endless":false,"potions_floor_spawned":[1,14,18,24,28,41,44,48],"killed_by":"Awakened One","ascension_level":10}