{"gold_per_floor":[109,109,120,120,134,160,175,190,190,122,122,150,167,68,68,168,168,179,106,118,118,118,149,149,179,233,250,266,289,316,330,330,432,432,444,455,455,481,581,615,625,625,625,625,644,119,135,35,35,35,35,35,10,41,41],"floor_reached":55,"playtime":3819,"items_purged":["Injury"],"score":842,"play_id":"c0dac413-826a-4344-b72b-18a53048f71c","local_time":"20190107165630","daily_mods":["SealedDeck"],"is_ascension_mode":false,"campfire_choices":[{"floor":11.0,"key":"REST"},{"data":"Noxious Fumes","floor":15.0,"key":"SMITH"},{"floor":24.0,"key":"REST"},{"floor":32.0,"key":"REST"},{"floor":42.0,"key":"RECALL"},{"floor":49.0,"key":"REST"},{"data":"Burst","floor":52.0,"key":"SMITH"}],"neow_cost":"","seed_source_timestamp":0,"circlet_count":0,"master_deck":["Dodge and Roll","Sucker Punch","Poisoned Stab+1","Well Laid Plans","Crippling Poison","PiercingWail","Backflip","Catalyst+1","Deadly Poison","Noxious Fumes+1","Blur","PiercingWail","Escape Plan","Well Laid Plans","Deadly Poison","Flying Knee","Burst+1","Noxious Fumes","Noxious Fumes","Crippling Poison+1","Malaise","PiercingWail+1","Crippling Poison+1","Footwork","Caltrops","Mind Blast","Crippling Poison","Catalyst+1","Deadly Poison","PiercingWail"],"special_seed":0,"relics":["Ring of the Snake","Meat on the Bone","Whetstone","Bag of Preparation","Letter Opener","Bottled Flame","Anchor","Du-Vu Doll","Cursed Key","Strawberry","Turnip","Ancient Tea Set","Membership Card","Ice Cream","DollysMirror","Sundial"],"potions_floor_usage":[55],"damage_taken":[{"damage":3.0,"enemies":"Jaw Worm","floor":1.0,"turns":3.0},{"damage":0.0,"enemies":"Small Slimes","floor":3.0,"turns":3.0},{"damage":0.0,"enemies":"Cultist","floor":5.0,"turns":2.0},{"damage":12.0,"enemies":"Gremlin Nob","floor":6.0,"turns":3.0},{"damage":5.0,"enemies":"Gremlin Gang","floor":7.0,"turns":4.0},{"damage":0.0,"enemies":"3 Louse","floor":8.0,"turns":3.0},{"damage":14.0,"enemies":"3 Sentries","floor":12.0,"turns":6.0},{"damage":1.0,"enemies":"Exordium Wildlife","floor":13.0,"turns":5.0},{"damage":0.0,"enemies":"Hexaghost","floor":16.0,"turns":5.0},{"damage":0.0,"enemies":"Shell Parasite","floor":18.0,"turns":2.0},{"damage":2.0,"enemies":"Spheric Guardian","floor":20.0,"turns":3.0},{"damage":18.0,"enemies":"Book of Stabbing","floor":23.0,"turns":3.0},{"damage":43.0,"enemies":"Slavers","floor":25.0,"turns":5.0},{"damage":4.0,"enemies":"Centurion and Healer","floor":27.0,"turns":5.0},{"damage":6.0,"enemies":"3 Cultists","floor":28.0,"turns":4.0},{"damage":4.0,"enemies":"Book of Stabbing","floor":30.0,"turns":4.0},{"damage":0.0,"enemies":"Snecko","floor":31.0,"turns":3.0},{"damage":4.0,"enemies":"Champ","floor":33.0,"turns":5.0},{"damage":0.0,"enemies":"3 Shapes","floor":35.0,"turns":3.0},{"damage":0.0,"enemies":"3 Darklings","floor":36.0,"turns":3.0},{"damage":0.0,"enemies":"Mind Bloom Boss Battle","floor":39.0,"turns":3.0},{"damage":6.0,"enemies":"Reptomancer","floor":40.0,"turns":3.0},{"damage":15.0,"enemies":"Jaw Worm Horde","floor":41.0,"turns":4.0},{"damage":0.0,"enemies":"Writhing Mass","floor":45.0,"turns":2.0},{"damage":14.0,"enemies":"3 Darklings","floor":47.0,"turns":4.0},{"damage":29.0,"enemies":"Time Eater","floor":50.0,"turns":4.0},{"damage":12.0,"enemies":"Shield and Spear","floor":54.0,"turns":5.0},{"damage":65,"enemies":"The Heart","floor":55,"turns":9}],"seed_played":"4493103574907599682","potions_obtained":[{"floor":3.0,"key":"LiquidBronze"},{"floor":5.0,"key":"GamblersBrew"},{"floor":6.0,"key":"Explosive Potion"},{"floor":16.0,"key":"AttackPotion"},{"floor":35.0,"key":"Strength Potion"},{"floor":45.0,"key":"GhostInAJar"}],"is_trial":true,"path_per_floor":["M","?","M","?","M","E","M","M","T","$","R","E","M","$","R","B",null,"M","$","M","?","$","E","R","E","T","M","M","T","E","M","R","B",null,"M","M","?","T","?","E","M","R","T","?","M","$","M","$","R","B",null,"R","$","E","B"],"character_chosen":"THE_SILENT","items_purchased":["Well Laid Plans","Deadly Poison","Flying Knee","Noxious Fumes","Membership Card","Ice Cream","Caltrops","Mind Blast","Crippling Poison","DollysMirror","Deadly Poison"],"campfire_rested":4,"item_purchase_floors":[10,14,14,19,46,46,46,46,46,48,53],"current_hp_per_floor":[67,67,67,67,67,55,50,50,50,50,70,56,55,55,55,55,70,70,70,68,68,68,50,70,39,39,47,41,41,37,37,58,54,70,70,70,70,77,77,71,56,56,56,56,56,56,42,42,65,48,77,77,77,65,0],"gold":41,"neow_bonus":"","is_prod":false,"is_daily":false,"chose_seed":false,"campfire_upgraded":2,"win_rate":0,"timestamp":1546898190,"path_taken":["M","?","M","?","M","E","M","M","T","$","R","E","M","?","R","BOSS","M","?","?","?","$","E","R","E","T","M","M","?","E","M","R","BOSS","M","M","?","?","?","E","?","R","T","?","M","$","M","$","R","BOSS","R","$","E","BOSS"],"build_version":"2019-01-03v4","purchased_purges":1,"victory":false,"max_hp_per_floor":[70,70,70,70,70,70,70,70,70,70,70,70,70,70,70,70,70,70,70,70,70,70,70,70,70,70,70,70,70,70,70,70,70,70,70,70,70,77,77,77,77,77,77,77,77,77,77,77,77,77,77,77,77,77,77],"card_choices":[{"not_picked":["Tactician","Flying Knee"],"picked":"Noxious Fumes","floor":1.0},{"not_picked":["Sucker Punch","Bane","Underhanded Strike"],"picked":"SKIP","floor":3.0},{"not_picked":["Slice","Riddle With Holes"],"picked":"Blur","floor":5.0},{"not_picked":["Deflect","Infinite Blades"],"picked":"PiercingWail","floor":6.0},{"not_picked":["Phantasmal Killer","Distraction"],"picked":"Escape Plan","floor":7.0},{"not_picked":["Dagger Spray","Blade Dance","Underhanded Strike"],"picked":"SKIP","floor":8.0},{"not_picked":["Dagger Spray","Infinite Blades","Quick Slash"],"picked":"SKIP","floor":12.0},{"not_picked":["Poisoned Stab","Deflect","Prepared"],"picked":"SKIP","floor":13.0},{"not_picked":["Envenom","Unload"],"picked":"Burst","floor":16.0},{"not_picked":["Leg Sweep","Cloak And Dagger+1","Dodge and Roll"],"picked":"SKIP","floor":18.0},{"not_picked":["Dodge and Roll","Backstab","Flying Knee"],"picked":"SKIP","floor":20.0},{"not_picked":["Quick Slash","Bane+1","Poisoned Stab"],"picked":"SKIP","floor":23.0},{"not_picked":["Blade Dance","Leg Sweep","Glass Knife"],"picked":"SKIP","floor":25.0},{"not_picked":["Slice","Deflect+1"],"picked":"Noxious Fumes","floor":27.0},{"not_picked":["Sucker Punch","Tactician"],"picked":"Crippling Poison+1","floor":28.0},{"not_picked":["Cloak And Dagger","Predator","Backflip"],"picked":"SKIP","floor":30.0},{"not_picked":["Setup","Sucker Punch","Outmaneuver"],"picked":"SKIP","floor":31.0},{"not_picked":["Venomology","Die Die Die"],"picked":"Malaise","floor":33.0},{"not_picked":["Backstab","Outmaneuver+1"],"picked":"PiercingWail+1","floor":35.0},{"not_picked":["Cloak And Dagger+1","Dodge and Roll","Deadly Poison"],"picked":"SKIP","floor":36.0},{"not_picked":["Eviscerate","Dagger Spray"],"picked":"Crippling Poison+1","floor":39.0},{"not_picked":["Infinite Blades","All Out Attack+1"],"picked":"Footwork","floor":40.0},{"not_picked":["Quick Slash","Cloak And Dagger+1","Leg Sweep"],"picked":"SKIP","floor":41.0},{"not_picked":["Prepared+1","Dagger Throw+1","Poisoned Stab+1"],"picked":"SKIP","floor":45.0},{"not_picked":["Finisher+1","Acrobatics","Skewer"],"picked":"SKIP","floor":47.0},{"not_picked":["Dash+1","Concentrate"],"picked":"PiercingWail","floor":54.0}],"player_experience":465644,"relics_obtained":[{"floor":6.0,"key":"Meat on the Bone"},{"floor":9.0,"key":"Whetstone"},{"floor":12.0,"key":"Bag of Preparation"},{"floor":23.0,"key":"Letter Opener"},{"floor":25.0,"key":"Bottled Flame"},{"floor":26.0,"key":"Anchor"},{"floor":30.0,"key":"Du-Vu Doll"},{"floor":38.0,"key":"Strawberry"},{"floor":39.0,"key":"Turnip"},{"floor":40.0,"key":"Ancient Tea Set"},{"floor":54.0,"key":"Sundial"}],"event_choices":[{"damage_healed":0.0,"max_hp_gain":0.0,"max_hp_loss":0.0,"gold_gain":0.0,"event_name":"Living Wall","player_choice":"Grow","floor":2.0,"gold_loss":0.0,"damage_taken":0.0,"cards_upgraded":["Catalyst"]},{"damage_healed":0.0,"max_hp_gain":0.0,"max_hp_loss":0.0,"gold_gain":0.0,"event_name":"Liars Game","player_choice":"Ignored","floor":4.0,"gold_loss":0.0,"damage_taken":0.0},{"damage_healed":0.0,"max_hp_gain":0.0,"max_hp_loss":0.0,"gold_gain":0.0,"event_name":"Vampires","player_choice":"Ignored","floor":21.0,"gold_loss":0.0,"damage_taken":0.0},{"cards_removed":["Poisoned Stab"],"damage_healed":0.0,"max_hp_gain":0.0,"max_hp_loss":0.0,"gold_gain":0.0,"event_name":"Falling","player_choice":"Removed Attack","floor":37.0,"gold_loss":0.0,"damage_taken":0.0},{"damage_healed":0.0,"max_hp_gain":0.0,"max_hp_loss":0.0,"gold_gain":0.0,"event_name":"MindBloom","player_choice":"Fight","floor":39.0,"gold_loss":0.0,"damage_taken":0.0},{"damage_healed":0.0,"max_hp_gain":0.0,"max_hp_loss":0.0,"gold_gain":0.0,"event_name":"Tomb of Lord Red Mask","player_choice":"Ignored","floor":44.0,"gold_loss":0.0,"damage_taken":0.0}],"is_beta":false,"boss_relics":[{"not_picked":["Coffee Dripper","Ectoplasm","WristBlade"]},{"not_picked":["Empty Cage","Snecko Eye"],"picked":"Cursed Key"}],"items_purged_floors":[46],"is_endless":false,"potions_floor_spawned":[3,5,6,7,16,20,28,35,45,47],"killed_by":"The Heart","ascension_level":0}