{"path_per_floor":["M","M","$","M","M","R","?","R","T","M","E","R","M","M","R","B",null,"M","M","$","?","M","R","E","?","T","R","M","M","R","?","R","B",null,"M","?","?","$","M","R","?","R","T","R","?","E","R","M","R","B"],"character_chosen":"IRONCLAD","items_purchased":["Shockwave","Warcry","Juzu Bracelet","Whirlwind","Blood Vial"],"gold_per_floor":[111,121,43,54,69,69,69,69,144,163,192,192,212,226,226,326,326,337,352,99,99,114,114,142,142,142,142,157,169,169,169,169,273,273,290,390,390,69,89,89,89,89,167,167,167,194,194,204,204,204],"floor_reached":51,"campfire_rested":4,"playtime":1508,"current_hp_per_floor":[77,74,74,78,59,59,59,59,59,56,37,37,33,33,57,32,68,70,57,57,57,16,46,43,27,27,33,21,27,33,33,63,28,67,62,62,54,54,58,66,56,64,64,72,72,43,51,39,71,39],"items_purged":["Strike_R","Strike_R"],"gold":204,"score":718,"play_id":"4a4c358b-8236-4ef3-aa61-7d7725ef1912","is_prod":false,"is_daily":false,"is_ascension_mode":true,"campfire_upgraded":9,"path_taken":["M","M","$","M","M","R","?","R","T","M","E","R","M","M","R","BOSS","M","M","$","?","M","R","E","?","T","R","M","M","R","?","R","BOSS","M","?","?","$","M","R","?","R","T","R","?","E","R","M","R","BOSS"],"build_version":"2018-02-22-PROD2","purchased_purges":3,"victory":true,"master_deck":["Strike_R+1","Strike_R+1","Defend_R","Defend_R","Defend_R","Bash","Cleave+1","Rampage+1","Shockwave+1","Shrug It Off","Warcry+1","Offering+1","Inflame+1","Warcry","Whirlwind+1","Metallicize+1","Necronomicurse","Limit Break+1","Ghostly Armor","Whirlwind+1","Headbutt+1","Madness","Madness","Sword Boomerang"],"max_hp_per_floor":[80,80,80,80,80,80,80,80,80,80,80,80,80,80,80,80,80,80,80,80,80,80,80,80,80,80,80,80,80,80,80,80,80,80,80,80,80,80,80,80,80,80,80,80,80,80,80,80,80,80],"relics":["Burning Blood","Bottled Flame","Vajra","Eternal Feather","Juzu Bracelet","Gremlin Horn","Necronomicon","Matryoshka","Runic Dome","Blood Vial","Whetstone","Mercury Hourglass","Oddly Smooth Stone"],"card_choices":[{"not_picked":["Anger","Headbutt"],"picked":"Cleave"},{"not_picked":["Clash","Body Slam"],"picked":"Rampage"},{"not_picked":["Body Slam","Iron Wave"],"picked":"Shrug It Off"},{"not_picked":["Carnage","Immolate"],"picked":"Warcry"},{"not_picked":["Dark Embrace","Double Tap"],"picked":"Offering"},{"not_picked":["Twin Strike","Uppercut"],"picked":"Inflame"},{"not_picked":["Armaments","Heavy Blade"],"picked":"Metallicize"},{"not_picked":["Perfected Strike","Cleave"],"picked":"Limit Break"},{"not_picked":["Rupture","Clash"],"picked":"Ghostly Armor"},{"not_picked":["Sword Boomerang","Heavy Blade"],"picked":"Headbutt"},{"not_picked":["Wild Strike","Thunderclap"],"picked":"Sword Boomerang"}],"player_experience":236429,"potions_floor_usage":[11,11,24,24,24,46,46,50],"damage_taken":[{"damage":1,"enemies":"Cultist","floor":1,"turns":3},{"damage":9,"enemies":"Jaw Worm","floor":2,"turns":4},{"damage":2,"enemies":"2 Louse","floor":4,"turns":2},{"damage":25,"enemies":"Large Slime","floor":5,"turns":5},{"damage":9,"enemies":"2 Fungi Beasts","floor":10,"turns":3},{"damage":37,"enemies":"3 Sentries","floor":11,"turns":5},{"damage":10,"enemies":"Red Slaver","floor":13,"turns":4},{"damage":6,"enemies":"Large Slime","floor":14,"turns":5},{"damage":31,"enemies":"The Guardian","floor":16,"turns":11},{"damage":4,"enemies":"3 Byrds","floor":18,"turns":3},{"damage":19,"enemies":"Chosen","floor":19,"turns":5},{"damage":47,"enemies":"Sentry and Sphere","floor":22,"turns":6},{"damage":24,"enemies":"Gremlin Leader","floor":24,"turns":7},{"damage":18,"enemies":"Snecko","floor":28,"turns":3},{"damage":0,"enemies":"3 Cultists","floor":29,"turns":1},{"damage":41,"enemies":"Collector","floor":33,"turns":4},{"damage":11,"enemies":"Orb Walker","floor":35,"turns":2},{"damage":4,"enemies":"3 Darklings","floor":39,"turns":2},{"damage":37,"enemies":"Nemesis","floor":46,"turns":5},{"damage":20,"enemies":"Sphere and 2 Shapes","floor":48,"turns":1},{"damage":40,"enemies":"Time Eater","floor":50,"turns":6}],"event_choices":[{"event_name":"Living Wall","player_choice":"Forget","floor":7,"damage_taken":0},{"event_name":"The Library","player_choice":"Read","floor":21,"damage_taken":0},{"event_name":"Cursed Tome","player_choice":"Obtained Book","floor":25,"damage_taken":0},{"event_name":"Vampires","player_choice":"Ignored","floor":31,"damage_taken":0},{"event_name":"Golden Shrine","player_choice":"Pray","floor":36,"damage_taken":0},{"event_name":"Wheel of Change","player_choice":"Damage","floor":37,"damage_taken":0},{"event_name":"Winding Halls","player_choice":"Embrace Madness","floor":41,"damage_taken":0},{"event_name":"Mysterious Sphere","player_choice":"Ignore","floor":45,"damage_taken":0}],"boss_relics":[{"not_picked":["Snecko Eye","White Beast Statue"],"picked":"Eternal Feather"},{"not_picked":["Tiny House","Calling Bell"],"picked":"Runic Dome"}],"potions_floor_spawned":[2,5,11,14,16,22,28,29,46,48],"seed_played":"-7374990277442448230","ascension_level":7,"is_trial":false}