{"gold_per_floor":[110,110,110,121,139,139,168,168,168,498,498,573,573,583,583,656,656,667,681,692,692,692,721,734,26,51,51,51,51,51,66,66,66],"floor_reached":33,"playtime":2120,"items_purged":[],"score":502,"play_id":"149d431a-a3b4-4df9-b284-b2883e57efcd","local_time":"20180623182027","is_ascension_mode":true,"campfire_choices":[{"data":"Neutralize","floor":6,"key":"SMITH"},{"data":"Malaise","floor":8,"key":"SMITH"},{"floor":11,"key":"REST"},{"data":"Flying Knee","floor":13,"key":"SMITH"},{"data":"Riddle With Holes","floor":15,"key":"SMITH"},{"floor":28,"key":"REST"},{"data":"Ghostly","floor":32,"key":"SMITH"}],"neow_cost":"NONE","seed_source_timestamp":505548741780921,"circlet_count":0,"master_deck":["Defend_G","Defend_G","Defend_G","Defend_G","Defend_G","Strike_G","Strike_G","Strike_G","Strike_G","Survivor","Neutralize+1","AscendersBane","Well Laid Plans","Backstab","Malaise+1","Flying Knee+1","Riddle With Holes+1","A Thousand Cuts","Infinite Blades","Backflip+1","Cloak And Dagger","Decay","Noxious Fumes","Backflip","Panache","Ghostly+1","Ghostly","Ghostly","Ghostly","Ghostly","Neutralize","After Image"],"relics":["Eternal Feather","Question Card","Juzu Bracelet","Bottled Flame","Old Coin","Cursed Key","Matryoshka","Singing Bowl","Gremlin Horn","Meat on the Bone","Regal Pillow","Spirit Poop"],"potions_floor_usage":[7,10,16,23,23,25,33],"damage_taken":[{"damage":1,"enemies":"Cultist","floor":1,"turns":5},{"damage":9,"enemies":"Small Slimes","floor":4,"turns":9},{"damage":2,"enemies":"Jaw Worm","floor":5,"turns":6},{"damage":1,"enemies":"3 Sentries","floor":7,"turns":12},{"damage":49,"enemies":"Gremlin Nob","floor":10,"turns":7},{"damage":2,"enemies":"Blue Slaver","floor":14,"turns":4},{"damage":5,"enemies":"The Guardian","floor":16,"turns":12},{"damage":16,"enemies":"Spheric Guardian","floor":18,"turns":5},{"damage":1,"enemies":"3 Byrds","floor":19,"turns":6},{"damage":18,"enemies":"Slaver and Parasite","floor":20,"turns":8},{"damage":3,"enemies":"Book of Stabbing","floor":23,"turns":7},{"damage":23,"enemies":"3 Cultists","floor":24,"turns":6},{"damage":1,"enemies":"Centurion and Healer","floor":31,"turns":8},{"damage":44,"enemies":"Champ","floor":33,"turns":17}],"seed_played":"1890937935821577372","potions_obtained":[{"floor":1,"key":"FearPotion"},{"floor":7,"key":"Fruit Juice"},{"floor":10,"key":"Strength Potion"},{"floor":14,"key":"Strength Potion"},{"floor":18,"key":"Dexterity Potion"},{"floor":31,"key":"Block Potion"}],"is_trial":false,"path_per_floor":["M","T","?","M","M","R","E","R","T","E","R","?","R","M","R","B",null,"M","M","M","?","?","E","M","$","T","?","R","?","?","M","R"],"character_chosen":"THE_SILENT","items_purchased":["Singing Bowl","Gremlin Horn","Fruit Juice","Panache"],"campfire_rested":2,"item_purchase_floors":[25,25,25,25],"current_hp_per_floor":[58,58,58,49,47,51,50,56,56,12,39,28,34,32,38,33,62,46,45,27,27,27,24,1,6,6,6,38,38,38,37,38,0],"gold":66,"neow_bonus":"BOSS_RELIC","is_prod":false,"is_daily":false,"chose_seed":false,"campfire_upgraded":5,"win_rate":0,"timestamp":1529770827,"path_taken":["M","?","?","M","?","R","E","R","T","E","R","?","R","M","R","BOSS","M","M","M","?","?","E","M","$","T","?","R","?","?","M","R","BOSS"],"build_version":"2018-06-21v2","purchased_purges":0,"victory":false,"max_hp_per_floor":[66,66,66,66,66,66,66,66,66,71,71,71,71,71,71,71,71,71,71,71,71,71,71,71,76,76,38,38,38,38,38,38,38],"card_choices":[{"not_picked":["Accuracy","Underhanded Strike","Outmaneuver"],"picked":"SKIP","floor":1},{"not_picked":["Deflect","Slice","Calculated Gamble"],"picked":"Well Laid Plans","floor":4},{"not_picked":["Deadly Poison","Flying Knee","Dodge and Roll"],"picked":"Backstab","floor":5},{"not_picked":["Acrobatics","Deflect","Distraction"],"picked":"Malaise","floor":7},{"not_picked":["Prepared","Quick Slash","Underhanded Strike"],"picked":"Flying Knee","floor":10},{"not_picked":["Outmaneuver","Escape Plan","Distraction"],"picked":"Riddle With Holes","floor":14},{"not_picked":["Storm of Steel","Venomology","Phantasmal Killer"],"picked":"A Thousand Cuts","floor":16},{"not_picked":["Expertise","PiercingWail","Dagger Spray"],"picked":"Infinite Blades","floor":18},{"not_picked":["Dagger Spray","Slice","Flechettes"],"picked":"Backflip+1","floor":19},{"not_picked":["Malaise","Dodge and Roll","Quick Slash"],"picked":"Cloak And Dagger","floor":20},{"not_picked":["All Out Attack","Deflect","Infinite Blades+1"],"picked":"Noxious Fumes","floor":23},{"not_picked":["Setup","Heel Hook+1","Infinite Blades"],"picked":"Backflip","floor":24},{"not_picked":["Bane","Poisoned Stab","Dodge and Roll"],"picked":"After Image","floor":31}],"player_experience":665946,"relics_obtained":[{"floor":2,"key":"Question Card"},{"floor":7,"key":"Juzu Bracelet"},{"floor":9,"key":"Bottled Flame"},{"floor":10,"key":"Old Coin"},{"floor":23,"key":"Matryoshka"},{"floor":26,"key":"Meat on the Bone"},{"floor":26,"key":"Regal Pillow"}],"event_choices":[{"event_name":"Purifier","player_choice":"One Purge","floor":3,"damage_taken":0},{"event_name":"World of Goop","player_choice":"Gather Gold","floor":12,"damage_taken":0},{"event_name":"Forgotten Altar","player_choice":"Smashed Altar","floor":21,"damage_taken":0},{"event_name":"Drug Dealer","player_choice":"Ignored","floor":22,"damage_taken":0},{"event_name":"Ghosts","player_choice":"Became a Ghost","floor":27,"damage_taken":0},{"event_name":"Bonfire Elementals","player_choice":"CURSE","floor":29,"damage_taken":0},{"event_name":"Match and Keep!","player_choice":"1 cards matched","floor":30,"damage_taken":0}],"boss_relics":[{"not_picked":["Ectoplasm","Lizard Tail"],"picked":"Cursed Key"}],"items_purged_floors":[],"is_endless":false,"potions_floor_spawned":[1,7,10,14,18,19,31],"killed_by":"Champ","ascension_level":15}