{"gold_per_floor":[109,129,129,147,161,190,200,200,200,200,101,127,146,9,9,9],"floor_reached":16,"playtime":532,"items_purged":["Strike_B"],"score":196,"play_id":"309103a6-4f0a-49ce-94b7-f89ac83dbbee","local_time":"20190204192033","is_ascension_mode":true,"campfire_choices":[{"data":"Zap","floor":8,"key":"SMITH"},{"data":"Fission","floor":15,"key":"SMITH"}],"neow_cost":"NONE","seed_source_timestamp":437239412639,"circlet_count":0,"master_deck":["AscendersBane","Strike_B","Strike_B","Strike_B","Defend_B","Defend_B","Defend_B","Defend_B","Zap+1","Dualcast","Sunder+1","Streamline","Conserve Battery","Leap","Conserve Battery","Fission+1"],"relics":["Cracked Core","Singing Bowl","Calipers","Matryoshka"],"potions_floor_usage":[6,16,16],"damage_taken":[{"damage":8,"enemies":"Jaw Worm","floor":1,"turns":4},{"damage":5,"enemies":"Small Slimes","floor":2,"turns":2},{"damage":1,"enemies":"Cultist","floor":4,"turns":3},{"damage":14,"enemies":"Exordium Wildlife","floor":5,"turns":3},{"damage":13,"enemies":"3 Sentries","floor":6,"turns":5},{"damage":1,"enemies":"Blue Slaver","floor":7,"turns":2},{"damage":12,"enemies":"Lagavulin","floor":12,"turns":5},{"damage":6,"enemies":"Looter","floor":13,"turns":4},{"damage":14,"enemies":"Slime Boss","floor":16,"turns":9}],"seed_played":"-80425119069823259","potions_obtained":[{"floor":1,"key":"FocusPotion"},{"floor":5,"key":"Fire Potion"},{"floor":7,"key":"Dexterity Potion"}],"is_trial":false,"path_per_floor":["M","M","?","M","M","E","M","R","T","?","$","E","M","$","R","B"],"character_chosen":"DEFECT","items_purchased":["Conserve Battery","Fission"],"campfire_rested":0,"item_purchase_floors":[11,14],"current_hp_per_floor":[63,58,58,57,43,32,31,31,31,36,36,26,22,22,22,8],"gold":9,"neow_bonus":"TEN_PERCENT_HP_BONUS","is_prod":false,"is_daily":false,"chose_seed":false,"campfire_upgraded":2,"win_rate":0,"timestamp":1549275633,"path_taken":["M","M","?","M","M","E","M","R","T","?","$","E","M","?","R","BOSS"],"build_version":"2019-01-23","purchased_purges":1,"victory":false,"max_hp_per_floor":[78,78,78,78,78,80,80,80,80,85,85,87,89,89,89,89],"card_choices":[{"not_picked":["FTL","White Noise"],"picked":"Sunder","floor":1},{"not_picked":["Blizzard","Stack","Undo"],"picked":"SKIP","floor":2},{"not_picked":["Conserve Battery","Darkness"],"picked":"Streamline","floor":4},{"not_picked":["Compile Driver","Cold Snap"],"picked":"Conserve Battery","floor":5},{"not_picked":["Coolheaded","Hello World","Machine Learning"],"picked":"Singing Bowl","floor":6},{"not_picked":["Turbo","Compile Driver"],"picked":"Leap","floor":7},{"not_picked":["Tempest","Force Field","Go for the Eyes"],"picked":"Singing Bowl","floor":12},{"not_picked":["Undo","Compile Driver","Reinforced Body"],"picked":"Singing Bowl","floor":13}],"player_experience":790833,"relics_obtained":[{"floor":6,"key":"Singing Bowl"},{"floor":9,"key":"Calipers"},{"floor":12,"key":"Matryoshka"}],"event_choices":[{"damage_healed":0,"gold_gain":0,"player_choice":"Grow","damage_taken":0,"max_hp_gain":0,"max_hp_loss":0,"event_name":"Living Wall","floor":3,"gold_loss":0,"cards_upgraded":["Sunder"]},{"damage_healed":0,"gold_gain":0,"player_choice":"Donut","damage_taken":0,"max_hp_gain":5,"max_hp_loss":0,"event_name":"Big Fish","floor":10,"gold_loss":0}],"is_beta":false,"boss_relics":[],"items_purged_floors":[11],"is_endless":false,"potions_floor_spawned":[1,5,7,13],"killed_by":"Slime Boss","ascension_level":15}