{"gold_per_floor":[111,186,29,39,51,51,51,51,100,126,140,140,172,192,192,297,297,312,227,238,148,159,159,175,186,213,227,238,238,238,5,5,5],"floor_reached":33,"playtime":966,"items_purged":[],"score":259,"play_id":"223d4ae8-4932-4629-8308-3c3fbc3590b9","local_time":"20181214211051","is_ascension_mode":false,"campfire_choices":[{"floor":6.0,"key":"RECALL"},{"data":"Whirlwind","floor":8.0,"key":"SMITH"},{"data":"Power Through","floor":12.0,"key":"SMITH"},{"data":"Limit Break","floor":15.0,"key":"SMITH"},{"data":"Double Tap","floor":23,"key":"SMITH"},{"data":"Feel No Pain","floor":32,"key":"SMITH"}],"neow_cost":"NONE","seed_source_timestamp":0,"circlet_count":0,"master_deck":["Strike_R","Strike_R","Strike_R","Strike_R","Defend_R","Defend_R","Defend_R+1","Bash","Cleave","Whirlwind+1","Iron Wave","Iron Wave","Power Through+1","Limit Break+1","Cleave","Double Tap+1","Burning Pact+1","Flex+1","Whirlwind+1","Exhume","Heavy Blade","Clash+1","Juggernaut","Feel No Pain+1","True Grit","Thunderclap","Anger"],"special_seed":0,"relics":["Burning Blood","Anchor","Ornamental Fan","Red Skull","Sozu","Mercury Hourglass","Regal Pillow","MutagenicStrength"],"potions_floor_usage":[18],"damage_taken":[{"damage":0.0,"enemies":"Small Slimes","floor":1.0,"turns":4.0},{"damage":9.0,"enemies":"Cultist","floor":4.0,"turns":4.0},{"damage":13.0,"enemies":"Jaw Worm","floor":5.0,"turns":5.0},{"damage":27.0,"enemies":"Gremlin Nob","floor":10.0,"turns":4.0},{"damage":3.0,"enemies":"Red Slaver","floor":11.0,"turns":2.0},{"damage":36.0,"enemies":"Lagavulin","floor":13.0,"turns":6.0},{"damage":0.0,"enemies":"3 Louse","floor":14.0,"turns":2.0},{"damage":11,"enemies":"Slime Boss","floor":16,"turns":6},{"damage":10,"enemies":"2 Thieves","floor":18,"turns":2},{"damage":1,"enemies":"Spheric Guardian","floor":20,"turns":4},{"damage":22,"enemies":"Snecko","floor":22,"turns":4},{"damage":36,"enemies":"Snake Plant","floor":24,"turns":4},{"damage":7,"enemies":"Shelled Parasite and Fungi","floor":25,"turns":3},{"damage":0,"enemies":"3 Cultists","floor":27,"turns":2},{"damage":27,"enemies":"Sentry and Sphere","floor":28,"turns":4},{"damage":27,"enemies":"Automaton","floor":33,"turns":4}],"seed_played":"-8474081477379204996","potions_obtained":[{"floor":5.0,"key":"GamblersBrew"},{"floor":10.0,"key":"SpeedPotion"},{"floor":14.0,"key":"Explosive Potion"}],"is_trial":false,"path_per_floor":["M","?","$","M","M","R","?","R","T","E","M","R","E","M","R","B",null,"M","?","M","?","M","R","M","M","T","M","M","?","?","$","R","B"],"character_chosen":"IRONCLAD","items_purchased":["Anchor","Feel No Pain","True Grit","Thunderclap","Anger"],"campfire_rested":0,"item_purchase_floors":[3,31,31,31,31],"current_hp_per_floor":[88,80,80,77,70,70,70,70,70,49,52,52,22,28,28,23,88,84,84,88,88,72,72,42,41,41,47,26,26,26,26,26,0],"gold":5,"neow_bonus":"TEN_PERCENT_HP_BONUS","is_prod":false,"is_daily":false,"chose_seed":false,"campfire_upgraded":5,"win_rate":0,"timestamp":1544839851,"path_taken":["M","?","$","?","?","R","?","R","T","E","M","R","E","M","R","BOSS","M","?","M","?","?","R","M","M","T","M","M","?","?","?","R","BOSS"],"build_version":"2018-12-13","purchased_purges":0,"victory":false,"max_hp_per_floor":[88,88,88,88,88,88,88,88,88,88,88,88,88,88,88,88,88,88,88,88,88,88,88,88,88,88,88,88,88,88,88,88,88],"card_choices":[{"not_picked":["Pummel","Entrench"],"picked":"Cleave","floor":1.0},{"not_picked":["Iron Wave","Thunderclap"],"picked":"Whirlwind","floor":4.0},{"not_picked":["Ghostly Armor","Evolve"],"picked":"Iron Wave","floor":5.0},{"not_picked":["Sword Boomerang","Bloodletting"],"picked":"Iron Wave","floor":10.0},{"not_picked":["Evolve","Sword Boomerang"],"picked":"Power Through","floor":11.0},{"not_picked":["Havoc","Twin Strike"],"picked":"Limit Break","floor":13.0},{"not_picked":["Anger","Armaments"],"picked":"Cleave","floor":14.0},{"not_picked":["Brutality","Offering"],"picked":"Double Tap","floor":16},{"not_picked":["Carnage","Pommel Strike"],"picked":"Burning Pact+1","floor":18},{"not_picked":["Iron Wave+1","Blood for Blood"],"picked":"Flex+1","floor":20},{"not_picked":["True Grit","Wild Strike"],"picked":"Whirlwind+1","floor":22},{"not_picked":["Wild Strike","Disarm"],"picked":"Exhume","floor":24},{"not_picked":["Havoc","Searing Blow"],"picked":"Heavy Blade","floor":25},{"not_picked":["Warcry","Flex"],"picked":"Clash+1","floor":27},{"not_picked":["Clash","Warcry"],"picked":"Juggernaut","floor":28}],"player_experience":296776,"relics_obtained":[{"floor":10.0,"key":"Ornamental Fan"},{"floor":13.0,"key":"Red Skull"},{"floor":26,"key":"Regal Pillow"}],"event_choices":[{"damage_healed":0.0,"max_hp_gain":0.0,"max_hp_loss":0.0,"gold_gain":75.0,"event_name":"FaceTrader","player_choice":"Touch","floor":2.0,"gold_loss":0.0,"damage_taken":8.0},{"cards_removed":["Defend_R"],"damage_healed":0.0,"max_hp_gain":0.0,"max_hp_loss":0.0,"gold_gain":0.0,"event_name":"Living Wall","player_choice":"Forget","floor":7.0,"gold_loss":0.0,"damage_taken":0.0},{"damage_healed":0,"gold_gain":0,"player_choice":"Obtained Relic","damage_taken":0,"relics_obtained":["Mercury Hourglass"],"max_hp_gain":0,"max_hp_loss":0,"event_name":"Addict","floor":19,"gold_loss":85},{"cards_removed":["Strike_R"],"damage_healed":0,"gold_gain":0,"player_choice":"Upgrade and Remove","damage_taken":0,"max_hp_gain":0,"max_hp_loss":0,"event_name":"Designer","floor":21,"gold_loss":90,"cards_upgraded":["Defend_R"]},{"damage_healed":0,"gold_gain":0,"player_choice":"Inject Mutagens","damage_taken":0,"relics_obtained":["MutagenicStrength"],"max_hp_gain":0,"max_hp_loss":0,"event_name":"Drug Dealer","floor":29,"gold_loss":0},{"damage_healed":0,"gold_gain":0,"player_choice":"Ignored","damage_taken":0,"max_hp_gain":0,"max_hp_loss":0,"event_name":"Ghosts","floor":30,"gold_loss":0}],"is_beta":false,"boss_relics":[{"not_picked":["Ectoplasm","Busted Crown"],"picked":"Sozu"}],"items_purged_floors":[],"is_endless":false,"potions_floor_spawned":[5,10,14,16,18,22,27,28],"killed_by":"Automaton","ascension_level":0}