{"gold_per_floor":[112,112,127,145,145,145,185,197,281,328,364,439,451,28,28,28],"floor_reached":16,"playtime":774,"items_purged":[],"score":216,"play_id":"7ceeda85-4a71-421a-a266-84bf3a8f3f1b","local_time":"20190303062506","is_ascension_mode":true,"campfire_choices":[{"data":"Cold Snap","floor":6.0,"key":"SMITH"},{"data":"Sweeping Beam","floor":8.0,"key":"SMITH"},{"data":"Coolheaded","floor":13.0,"key":"SMITH"},{"data":"Dualcast","floor":15.0,"key":"SMITH"}],"neow_cost":"NONE","seed_source_timestamp":165511860005602,"circlet_count":0,"master_deck":["AscendersBane","Strike_B","Strike_B","Strike_B","Defend_B","Defend_B","Defend_B","Defend_B","Zap+1","Dualcast+1","Cold Snap+1","White Noise","BootSequence","Conserve Battery","Sweeping Beam+1","Coolheaded+1","Core Surge","Compile Driver","Ball Lightning","Chill","Auto Shields"],"special_seed":0,"relics":["Cracked Core","Golden Idol","MawBank","The Courier","Sundial","Omamori","Membership Card","Centennial Puzzle","Vajra"],"potions_floor_usage":[16],"damage_taken":[{"damage":7.0,"enemies":"2 Louse","floor":1.0,"turns":3.0},{"damage":0.0,"enemies":"Cultist","floor":3.0,"turns":4.0},{"damage":0.0,"enemies":"Small Slimes","floor":4.0,"turns":3.0},{"damage":27.0,"enemies":"Gremlin Nob","floor":7.0,"turns":4.0},{"damage":10.0,"enemies":"Lagavulin","floor":10.0,"turns":5.0},{"damage":0.0,"enemies":"Blue Slaver","floor":11.0,"turns":3.0},{"damage":14.0,"enemies":"Lagavulin Event","floor":12.0,"turns":8.0},{"damage":24,"enemies":"Hexaghost","floor":16,"turns":9}],"seed_played":"2675236121646954245","potions_obtained":[{"floor":4.0,"key":"Poison Potion"},{"floor":10.0,"key":"Weak Potion"},{"floor":11.0,"key":"Weak Potion"}],"is_trial":false,"path_per_floor":["M","?","M","M","?","R","E","R","T","E","M","?","R","$","R","B"],"character_chosen":"DEFECT","items_purchased":["Membership Card","Ball Lightning","Chill","Auto Shields","Centennial Puzzle","Vajra","Regen Potion"],"campfire_rested":0,"item_purchase_floors":[14,14,14,14,14,14,14],"current_hp_per_floor":[57,57,57,57,57,57,30,30,30,20,20,6,6,6,6,0],"gold":28,"neow_bonus":"UPGRADE_CARD","is_prod":false,"is_daily":false,"chose_seed":false,"campfire_upgraded":4,"win_rate":0,"timestamp":1551612306,"path_taken":["M","?","?","M","?","R","E","R","T","E","M","?","R","$","R","BOSS"],"build_version":"2019-01-23","purchased_purges":0,"victory":false,"max_hp_per_floor":[71,71,71,71,64,64,64,64,64,64,64,64,64,64,64,64],"card_choices":[{"not_picked":["Barrage","Gash"],"picked":"Cold Snap","floor":1.0},{"not_picked":["Heatsinks","Aggregate"],"picked":"BootSequence","floor":3.0},{"not_picked":["Barrage","Skim"],"picked":"Conserve Battery","floor":4.0},{"not_picked":["Beam Cell","Force Field"],"picked":"Sweeping Beam","floor":7.0},{"not_picked":["Conserve Battery","Beam Cell"],"picked":"Coolheaded","floor":10.0},{"not_picked":["FTL","Doom and Gloom"],"picked":"Core Surge","floor":11.0},{"not_picked":["Steam","Force Field"],"picked":"Compile Driver","floor":12.0}],"player_experience":656457,"relics_obtained":[{"floor":7.0,"key":"MawBank"},{"floor":9.0,"key":"The Courier"},{"floor":10.0,"key":"Sundial"},{"floor":12.0,"key":"Omamori"}],"event_choices":[{"damage_healed":0.0,"max_hp_gain":0.0,"max_hp_loss":0.0,"gold_gain":0.0,"cards_transformed":["Strike_B"],"event_name":"Transmorgrifier","player_choice":"Transformed","floor":2.0,"gold_loss":0.0,"damage_taken":0.0,"cards_obtained":["White Noise"]},{"damage_healed":0.0,"max_hp_gain":0.0,"max_hp_loss":7.0,"gold_gain":0.0,"event_name":"Golden Idol","player_choice":"Lose Max HP","floor":5.0,"gold_loss":0.0,"damage_taken":0.0,"relics_obtained":["Golden Idol"]},{"damage_healed":0.0,"max_hp_gain":0.0,"max_hp_loss":0.0,"gold_gain":30.0,"event_name":"Dead Adventurer","player_choice":"Searched \u00273\u0027 times","floor":12.0,"gold_loss":0.0,"damage_taken":0.0}],"is_beta":false,"boss_relics":[],"items_purged_floors":[],"is_endless":false,"potions_floor_spawned":[4,10,11],"killed_by":"Hexaghost","ascension_level":20}