{"path_per_floor":["M","?","M","M","M","R","E","$","T","R","M","E","R","E","R","B",null,"M","?","?","M","?","R","$","R","T","R","E","$","E","M","R","B",null,"M","T","M","$","?","R","E","?","T","?","E","M","M","M","R","B"],"character_chosen":"THE_SILENT","items_purchased":["Armaments","Hologram","Infinite Blades+1","Hello World+1","Capacitor+1"],"gold_per_floor":[114,114,125,143,154,154,186,113,113,113,127,152,152,185,185,256,256,271,271,271,286,286,286,131,131,154,154,214,35,66,79,79,158,158,168,168,180,109,0,0,33,33,33,33,65,77,95,105,105,105],"floor_reached":51,"campfire_rested":2,"playtime":4027,"item_purchase_floors":[8,8,24,29,38],"current_hp_per_floor":[59,64,62,62,56,56,51,51,51,51,51,43,43,43,43,43,70,54,54,54,53,53,53,53,53,53,53,50,50,50,49,71,65,73,70,70,61,61,61,61,57,57,57,57,53,53,43,43,76,56],"items_purged":["Normality","Pain"],"gold":105,"score":1463,"play_id":"0a728dbc-2a43-449b-a100-25fd46b30994","local_time":"20180620224451","daily_mods":["Draft","Diverse"],"is_prod":false,"is_daily":false,"chose_seed":true,"is_ascension_mode":true,"campfire_upgraded":8,"win_rate":0,"timestamp":1529527491,"campfire_choices":[{"data":"Go for the Eyes","floor":6,"key":"SMITH"},{"data":"Armaments","floor":10,"key":"SMITH"},{"data":"Body Slam","floor":13,"key":"SMITH"},{"data":"Cloak And Dagger","floor":15,"key":"SMITH"},{"data":"Inflame","floor":23,"key":"SMITH"},{"data":"Cloak And Dagger","floor":25,"key":"SMITH"},{"data":"Whirlwind","floor":27,"key":"SMITH"},{"floor":32,"key":"REST"},{"data":"Well Laid Plans","floor":40,"key":"SMITH"},{"floor":49,"key":"REST"}],"path_taken":["M","?","M","M","?","R","E","$","T","R","M","E","R","E","R","BOSS","M","?","?","M","?","R","$","R","T","R","E","$","E","M","R","BOSS","M","?","?","$","?","R","E","?","T","?","E","?","M","M","R","BOSS"],"build_version":"2018-06-14v2","seed_source_timestamp":260273594162250,"purchased_purges":2,"victory":true,"master_deck":["AscendersBane","Sunder","Genetic Algorithm","Whirlwind+1","FTL","Genetic Algorithm","Body Slam+1","Cloak And Dagger+1","Well Laid Plans+1","Leap","Cloak And Dagger+1","Dodge and Roll+1","Glacier","PiercingWail+1","Inflame+1","Go for the Eyes+1","Armaments+1","Hologram","Adrenaline","Clumsy","Infinite Blades+1","Hello World+1","Noxious Fumes+1","Conserve Battery","Burst+1","Chill+1","Hologram+1","Capacitor+1","Defragment+1","Caltrops+1","Iron Wave+1"],"max_hp_per_floor":[66,66,66,66,66,66,66,66,66,66,66,66,66,66,66,66,76,76,76,76,76,76,76,76,76,76,76,76,76,76,76,76,76,76,76,76,76,76,76,76,76,76,76,76,76,76,76,76,76,76],"special_seed":50471966854428,"relics":["Ring of the Snake","Dream Catcher","Frozen Egg 2","Toolbox","Ornamental Fan","Calling Bell","Ancient Tea Set","Pear","Ginger","Bag of Marbles","Tiny Chest","War Paint","Cursed Key","Red Mask","Bottled Lightning","Regal Pillow"],"card_choices":[{"not_picked":["Sweeping Beam","Cleave"],"picked":"Sunder","floor":0},{"not_picked":["Bane","Infernal Blade"],"picked":"Genetic Algorithm","floor":0},{"not_picked":["Underhanded Strike","Wild Strike"],"picked":"Whirlwind","floor":0},{"not_picked":["Prepared","Ball Lightning"],"picked":"FTL","floor":0},{"not_picked":["Flying Knee","PiercingWail"],"picked":"Genetic Algorithm","floor":0},{"not_picked":["Expertise","Skewer"],"picked":"Body Slam","floor":0},{"not_picked":["Outmaneuver","Whirlwind"],"picked":"Gash","floor":0},{"not_picked":["Conserve Battery","Cleave"],"picked":"Cloak And Dagger","floor":0},{"not_picked":["Body Slam","Gash"],"picked":"Well Laid Plans","floor":0},{"not_picked":["Barrage","Entrench"],"picked":"Leap","floor":0},{"not_picked":["Ghostly Armor","Warcry"],"picked":"Cloak And Dagger","floor":0},{"not_picked":["Concentrate","Terror"],"picked":"Dodge and Roll","floor":0},{"not_picked":["Bane","Leap"],"picked":"Glacier","floor":0},{"not_picked":["Cold Snap","Steam Power"],"picked":"PiercingWail","floor":0},{"not_picked":["Hologram","Burning Pact"],"picked":"Inflame","floor":1},{"not_picked":["Poisoned Stab","Beam Cell","Searing Blow"],"picked":"SKIP","floor":3},{"not_picked":["Force Field","Heavy Blade","Lockon"],"picked":"SKIP","floor":4},{"not_picked":["Bane","Warcry"],"picked":"Go for the Eyes","floor":5},{"not_picked":["Heavy Blade","Doom and Gloom","Clothesline"],"picked":"SKIP","floor":7},{"not_picked":["Compile Driver","Turbo","Heel Hook"],"picked":"SKIP","floor":11},{"not_picked":["Warcry","Ball Lightning","Undo"],"picked":"SKIP","floor":12},{"not_picked":["Aggregate","Darkness","Reprogram"],"picked":"SKIP","floor":14},{"not_picked":["Night Terror","Thunder Strike"],"picked":"Adrenaline","floor":16},{"not_picked":["Iron Wave","Outmaneuver","Clash"],"picked":"SKIP","floor":18},{"not_picked":["Concentrate","Twin Strike","True Grit"],"picked":"SKIP","floor":21},{"not_picked":["Headbutt","Shockwave","Beam Cell"],"picked":"SKIP","floor":28},{"not_picked":["Iron Wave","Bludgeon","Double Energy"],"picked":"SKIP","floor":30},{"not_picked":["Go for the Eyes","Havoc"],"picked":"Noxious Fumes+1","floor":31},{"not_picked":["Double Energy","Dagger Spray"],"picked":"Conserve Battery","floor":32},{"not_picked":["Adrenaline","All For One"],"picked":"Burst","floor":33},{"not_picked":["Tempest+1","Whirlwind"],"picked":"Chill+1","floor":35},{"not_picked":["Warcry","Bouncing Flask"],"picked":"Hologram+1","floor":37},{"not_picked":["Armaments","Flying Knee","Beam Cell"],"picked":"SKIP","floor":41},{"not_picked":["Second Wind","Evolve+1"],"picked":"Defragment+1","floor":45},{"not_picked":["Heavy Blade","PiercingWail","Flying Knee"],"picked":"SKIP","floor":46},{"not_picked":["Clash+1","Infernal Blade"],"picked":"Caltrops+1","floor":47},{"not_picked":["Twin Strike","Evolve+1","Predator+1"],"picked":"SKIP","floor":48},{"not_picked":["Immolate","Armaments+1"],"picked":"Iron Wave+1","floor":49}],"player_experience":638103,"potions_floor_usage":[12,16,18,33,33,33,33,50],"damage_taken":[{"damage":0,"enemies":"Small Slimes","floor":1,"turns":4},{"damage":2,"enemies":"Cultist","floor":3,"turns":4},{"damage":0,"enemies":"2 Louse","floor":4,"turns":2},{"damage":6,"enemies":"Gremlin Gang","floor":5,"turns":4},{"damage":5,"enemies":"3 Sentries","floor":7,"turns":4},{"damage":0,"enemies":"Exordium Wildlife","floor":11,"turns":4},{"damage":8,"enemies":"Gremlin Nob","floor":12,"turns":3},{"damage":0,"enemies":"3 Sentries","floor":14,"turns":6},{"damage":0,"enemies":"Slime Boss","floor":16,"turns":5},{"damage":16,"enemies":"Spheric Guardian","floor":18,"turns":8},{"damage":1,"enemies":"2 Thieves","floor":21,"turns":4},{"damage":3,"enemies":"Gremlin Leader","floor":28,"turns":6},{"damage":0,"enemies":"Slavers","floor":30,"turns":3},{"damage":1,"enemies":"Snecko","floor":31,"turns":6},{"damage":6,"enemies":"Champ","floor":33,"turns":9},{"damage":3,"enemies":"3 Shapes","floor":35,"turns":6},{"damage":9,"enemies":"3 Darklings","floor":37,"turns":5},{"damage":4,"enemies":"Giant Head","floor":41,"turns":8},{"damage":4,"enemies":"Nemesis","floor":45,"turns":7},{"damage":0,"enemies":"4 Shapes","floor":46,"turns":5},{"damage":10,"enemies":"Maw","floor":47,"turns":7},{"damage":0,"enemies":"3 Darklings","floor":48,"turns":4},{"damage":20,"enemies":"Time Eater","floor":50,"turns":20}],"relics_obtained":[{"floor":7,"key":"Dream Catcher"},{"floor":9,"key":"Frozen Egg 2"},{"floor":12,"key":"Toolbox"},{"floor":14,"key":"Ornamental Fan"},{"floor":17,"key":"Ancient Tea Set"},{"floor":17,"key":"Pear"},{"floor":17,"key":"Ginger"},{"floor":26,"key":"Bag of Marbles"},{"floor":28,"key":"Tiny Chest"},{"floor":30,"key":"War Paint"},{"floor":41,"key":"Bottled Lightning"},{"floor":45,"key":"Regal Pillow"}],"event_choices":[{"event_name":"Bonfire Elementals","player_choice":"COMMON","floor":2,"damage_taken":0},{"event_name":"Accursed Blacksmith","player_choice":"Ignore","floor":19,"damage_taken":0},{"event_name":"Ghosts","player_choice":"Ignored","floor":20,"damage_taken":0},{"event_name":"The Mausoleum","player_choice":"No","floor":22,"damage_taken":0},{"event_name":"Tomb of Lord Red Mask","player_choice":"Paid","floor":39,"damage_taken":0},{"event_name":"Upgrade Shrine","player_choice":"Upgraded","floor":42,"damage_taken":0},{"event_name":"SensoryStone","player_choice":"Memory 1","floor":44,"damage_taken":0}],"boss_relics":[{"not_picked":["Velvet Choker","Busted Crown"],"picked":"Calling Bell"},{"not_picked":["Coffee Dripper","Eternal Feather"],"picked":"Cursed Key"}],"items_purged_floors":[24,29],"is_endless":false,"potions_floor_spawned":[4,5,7,12,18,28,35,46,47],"seed_played":"2936194792142197145","ascension_level":15,"potions_obtained":[{"floor":4,"key":"EssenceOfSteel"},{"floor":5,"key":"SteroidPotion"},{"floor":12,"key":"PowerPotion"},{"floor":18,"key":"Ancient Potion"},{"floor":28,"key":"EntropicBrew"},{"floor":35,"key":"SpeedPotion"},{"floor":46,"key":"EssenceOfSteel"}],"is_trial":true}