{"gold_per_floor":[18,34,50,35,51,78,78,78,103,103,103,117,117,192,192,192],"floor_reached":16,"playtime":660,"items_purged":[],"score":179,"play_id":"f7b45522-9858-4fe3-bd26-b2c610ea6414","local_time":"20190114211354","is_ascension_mode":true,"campfire_choices":[{"data":"Darkness","floor":8,"key":"SMITH"},{"data":"Hello World","floor":15,"key":"SMITH"}],"neow_cost":"NO_GOLD","seed_source_timestamp":363100385569500,"circlet_count":0,"master_deck":["AscendersBane","Strike_B","Strike_B","Strike_B","Defend_B","Defend_B","Defend_B","Zap","Dualcast","Force Field","Glacier","Chaos+1","Barrage","Hello World+1","Darkness+1","Self Repair+1"],"relics":["Cracked Core","Frozen Egg 2","PreservedInsect","CultistMask"],"potions_floor_usage":[6,6],"damage_taken":[{"damage":2,"enemies":"Jaw Worm","floor":1,"turns":3},{"damage":0,"enemies":"Small Slimes","floor":2,"turns":3},{"damage":3,"enemies":"2 Louse","floor":3,"turns":3},{"damage":3,"enemies":"Exordium Thugs","floor":4,"turns":4},{"damage":9,"enemies":"Large Slime","floor":5,"turns":5},{"damage":22,"enemies":"Lagavulin","floor":6,"turns":8},{"damage":8,"enemies":"2 Fungi Beasts","floor":12,"turns":4},{"damage":23,"enemies":"Slime Boss","floor":16,"turns":3}],"seed_played":"-8678809029206711183","potions_obtained":[{"floor":2,"key":"Strength Potion"},{"floor":3,"key":"Energy Potion"},{"floor":5,"key":"FocusPotion"}],"is_trial":false,"path_per_floor":["M","M","M","M","M","E","?","R","T","?","?","M","?","?","R","B"],"character_chosen":"DEFECT","items_purchased":[],"campfire_rested":0,"item_purchase_floors":[],"current_hp_per_floor":[62,62,59,56,47,25,25,25,25,25,25,17,22,11,11,0],"gold":192,"neow_bonus":"REMOVE_TWO","is_prod":false,"is_daily":false,"chose_seed":false,"campfire_upgraded":2,"win_rate":0,"timestamp":1547529234,"path_taken":["M","M","M","M","M","E","?","R","T","?","?","?","?","?","R","BOSS"],"build_version":"2019-01-10","purchased_purges":0,"victory":false,"max_hp_per_floor":[71,71,71,71,71,71,71,71,71,71,71,71,76,76,76,76],"card_choices":[{"not_picked":["Rebound","Recycle"],"picked":"Force Field","floor":1},{"not_picked":["Blizzard","Streamline"],"picked":"Glacier","floor":2},{"not_picked":["Leap","Stack"],"picked":"Chaos","floor":3},{"not_picked":["Hologram","Stack"],"picked":"Barrage","floor":4},{"not_picked":["Sweeping Beam","Melter"],"picked":"Hello World","floor":5},{"not_picked":["Compile Driver","Steam Power"],"picked":"Darkness","floor":6},{"not_picked":["Chill","Stack"],"picked":"Self Repair+1","floor":12}],"player_experience":473537,"relics_obtained":[{"floor":6,"key":"Frozen Egg 2"},{"floor":9,"key":"PreservedInsect"}],"event_choices":[{"damage_healed":0,"gold_gain":0,"player_choice":"Ignored","damage_taken":0,"max_hp_gain":0,"max_hp_loss":0,"event_name":"Liars Game","floor":7,"gold_loss":0},{"damage_healed":0,"gold_gain":0,"player_choice":"Grow","damage_taken":0,"max_hp_gain":0,"max_hp_loss":0,"event_name":"Living Wall","floor":10,"gold_loss":0,"cards_upgraded":["Chaos"]},{"damage_healed":0,"gold_gain":0,"player_choice":"Trade","damage_taken":0,"relics_obtained":["CultistMask"],"max_hp_gain":0,"max_hp_loss":0,"event_name":"FaceTrader","floor":11,"gold_loss":0},{"damage_healed":0,"gold_gain":0,"player_choice":"Donut","damage_taken":0,"max_hp_gain":5,"max_hp_loss":0,"event_name":"Big Fish","floor":13,"gold_loss":0},{"damage_healed":0,"gold_gain":75,"player_choice":"Gather Gold","damage_taken":11,"max_hp_gain":0,"max_hp_loss":0,"event_name":"World of Goop","floor":14,"gold_loss":0}],"is_beta":false,"boss_relics":[],"items_purged_floors":[],"is_endless":false,"potions_floor_spawned":[2,3,4,5],"killed_by":"Slime Boss","ascension_level":15}