{"gold_per_floor":[110,127,127,127,107,145,145,159,183,17,51,12,52,75,75,164,164,188,221,236,260,260],"floor_reached":22,"playtime":920,"items_purged":[],"score":424,"play_id":"04818aff-6a9d-4184-b85a-16bac1aa0d3f","local_time":"20190220195140","is_ascension_mode":true,"campfire_choices":[{"data":"True Grit","floor":7,"key":"SMITH"},{"data":"Body Slam","floor":15,"key":"SMITH"}],"neow_cost":"NONE","seed_source_timestamp":76766471342462,"circlet_count":0,"master_deck":["AscendersBane","Strike_R","Strike_R","Strike_R","Strike_R","Strike_R","Defend_R","Defend_R","Defend_R+1","Defend_R+1","Bash","Carnage","Body Slam+1","True Grit+1","Armaments","Reckless Charge","Power Through","Feel No Pain","Spot Weakness","Demon Form","Clothesline","Headbutt+1","Limit Break","Cleave"],"relics":["Burning Blood","NeowsBlessing","Golden Idol","Oddly Smooth Stone","War Paint","Bronze Scales","Magic Flower","Bag of Preparation","Sozu","Red Mask"],"potions_floor_usage":[11,13,16,19],"damage_taken":[{"damage":0,"enemies":"2 Louse","floor":1,"turns":1},{"damage":0,"enemies":"Small Slimes","floor":2,"turns":1},{"damage":0,"enemies":"Lagavulin","floor":6,"turns":1},{"damage":0,"enemies":"Cultist","floor":8,"turns":3},{"damage":31,"enemies":"Gremlin Nob","floor":11,"turns":5},{"damage":3,"enemies":"Lagavulin","floor":13,"turns":7},{"damage":0,"enemies":"2 Fungi Beasts","floor":14,"turns":4},{"damage":24,"enemies":"Hexaghost","floor":16,"turns":9},{"damage":0,"enemies":"3 Byrds","floor":18,"turns":3},{"damage":47,"enemies":"Masked Bandits","floor":19,"turns":6},{"damage":18,"enemies":"2 Thieves","floor":20,"turns":4},{"damage":22,"enemies":"Snecko","floor":21,"turns":6},{"damage":26,"enemies":"Shelled Parasite and Fungi","floor":22,"turns":4}],"seed_played":"-7824536364946596930","potions_obtained":[{"floor":2,"key":"EssenceOfSteel"},{"floor":5,"key":"SkillPotion"},{"floor":11,"key":"GamblersBrew"},{"floor":14,"key":"Explosive Potion"},{"floor":16,"key":"Poison Potion"}],"is_trial":false,"path_per_floor":["M","M","?","?","?","E","R","M","T","$","E","$","E","M","R","B",null,"M","?","M","M","M"],"character_chosen":"IRONCLAD","items_purchased":["Bronze Scales","Power Through"],"campfire_rested":0,"item_purchase_floors":[10,12],"current_hp_per_floor":[74,75,49,54,54,60,60,66,66,66,41,41,47,56,56,41,70,79,41,32,19,0],"gold":260,"neow_bonus":"THREE_ENEMY_KILL","is_prod":false,"is_daily":false,"chose_seed":false,"campfire_upgraded":2,"win_rate":0,"timestamp":1550710300,"path_taken":["M","M","?","?","?","E","R","?","T","$","E","$","E","M","R","BOSS","M","?","M","M","M"],"build_version":"2019-01-23","purchased_purges":0,"victory":false,"max_hp_per_floor":[75,75,75,80,80,80,80,80,80,80,80,80,80,80,80,80,80,80,80,80,80,80],"card_choices":[{"not_picked":["Flex","Wild Strike"],"picked":"Carnage","floor":1},{"not_picked":["Wild Strike","Fire Breathing"],"picked":"Body Slam","floor":2},{"not_picked":["Clothesline","Dual Wield"],"picked":"True Grit","floor":6},{"not_picked":["Juggernaut","Body Slam"],"picked":"Armaments","floor":8},{"not_picked":["Armaments","Pommel Strike"],"picked":"Reckless Charge","floor":11},{"not_picked":["Shockwave","True Grit"],"picked":"Feel No Pain","floor":13},{"not_picked":["Havoc","Dark Embrace"],"picked":"Spot Weakness","floor":14},{"not_picked":["Double Tap","Exhume"],"picked":"Demon Form","floor":16},{"not_picked":["Warcry","Iron Wave"],"picked":"Clothesline","floor":18},{"not_picked":["Armaments","Flex"],"picked":"Headbutt+1","floor":19},{"not_picked":["Pummel","Heavy Blade"],"picked":"Limit Break","floor":20},{"not_picked":["Body Slam","Armaments"],"picked":"Cleave","floor":21}],"player_experience":526015,"relics_obtained":[{"floor":6,"key":"Oddly Smooth Stone"},{"floor":9,"key":"War Paint"},{"floor":11,"key":"Magic Flower"},{"floor":13,"key":"Bag of Preparation"},{"floor":19,"key":"Red Mask"}],"event_choices":[{"damage_healed":0,"gold_gain":0,"player_choice":"Take Damage","damage_taken":26,"relics_obtained":["Golden Idol"],"max_hp_gain":0,"max_hp_loss":0,"event_name":"Golden Idol","floor":3,"gold_loss":0},{"damage_healed":0,"gold_gain":0,"player_choice":"Donut","damage_taken":0,"max_hp_gain":5,"max_hp_loss":0,"event_name":"Big Fish","floor":4,"gold_loss":0},{"damage_healed":0,"gold_gain":0,"player_choice":"Bought 1 Potion","damage_taken":0,"max_hp_gain":0,"max_hp_loss":0,"event_name":"The Woman in Blue","floor":5,"gold_loss":0},{"damage_healed":0,"gold_gain":0,"player_choice":"Fought Bandits","damage_taken":0,"max_hp_gain":0,"max_hp_loss":0,"event_name":"Masked Bandits","floor":19,"gold_loss":0}],"is_beta":false,"boss_relics":[{"not_picked":["Empty Cage","Lizard Tail"],"picked":"Sozu"}],"items_purged_floors":[],"is_endless":false,"potions_floor_spawned":[2,6,11,14,16,19,20],"killed_by":"Shelled Parasite and Fungi","ascension_level":17}