{"gold_per_floor":[117,135,95,95,8,8,8,18,42,54,91,103,126,148,160,250,262,289,301,325,337,364,376,401,431,489,516,558,56,83,97,97,176,176,192,77,96,40,53,53,53,53,53,14,14,33,48,48,48,48],"floor_reached":50,"playtime":4251,"items_purged":["Strike_B"],"score":871,"play_id":"be0ebd42-6e25-4e47-a2d2-aa14d5fda076","local_time":"20190121234526","is_ascension_mode":true,"campfire_choices":[{"floor":6,"key":"REST"},{"data":"Zap","floor":10,"key":"SMITH"},{"floor":12,"key":"REST"},{"data":"Defragment","floor":15,"key":"SMITH"},{"data":"Tempest","floor":23,"key":"SMITH"},{"floor":32,"key":"REST"},{"floor":40,"key":"REST"},{"data":"Capacitor","floor":42,"key":"SMITH"},{"floor":49,"key":"REST"}],"neow_cost":"NONE","seed_source_timestamp":302354848263932,"circlet_count":0,"master_deck":["AscendersBane","Strike_B+1","Strike_B+1","Strike_B+1","Zap+1","Dualcast+1","Leap","Glacier","Tempest+1","Coolheaded","Ball Lightning","Beam Cell+1","Thunder Strike+1","Defragment+1","Seek","Genetic Algorithm","Cold Snap+1","Defragment+1","Reboot","Hologram","Hologram","Static Discharge+1","All For One+1","Fission+1","Capacitor+1","Chill","Go for the Eyes+1","Loop","Stack","Beam Cell+1","Heatsinks+1"],"relics":["Cracked Core","Whetstone","Molten Egg 2","MawBank","Boot","Busted Crown","Smiling Mask","Dream Catcher","Lee\u0027s Waffle","Calipers","Astrolabe","Mummified Hand"],"potions_floor_usage":[13,18,28,28,33,33,46,50],"damage_taken":[{"damage":0,"enemies":"Cultist","floor":1,"turns":2},{"damage":3,"enemies":"Jaw Worm","floor":2,"turns":3},{"damage":0,"enemies":"Small Slimes","floor":8,"turns":2},{"damage":27,"enemies":"3 Sentries","floor":11,"turns":7},{"damage":8,"enemies":"Exordium Thugs","floor":13,"turns":3},{"damage":2,"enemies":"Large Slime","floor":14,"turns":4},{"damage":2,"enemies":"The Guardian","floor":16,"turns":10},{"damage":19,"enemies":"2 Thieves","floor":18,"turns":4},{"damage":0,"enemies":"Chosen","floor":20,"turns":3},{"damage":1,"enemies":"Snecko","floor":22,"turns":5},{"damage":0,"enemies":"Snake Plant","floor":24,"turns":2},{"damage":7,"enemies":"Chosen and Byrds","floor":25,"turns":4},{"damage":0,"enemies":"3 Cultists","floor":27,"turns":5},{"damage":2,"enemies":"Gremlin Leader","floor":28,"turns":6},{"damage":36,"enemies":"Slavers","floor":30,"turns":7},{"damage":11,"enemies":"Cultist and Chosen","floor":31,"turns":6},{"damage":20,"enemies":"Automaton","floor":33,"turns":10},{"damage":30,"enemies":"3 Darklings","floor":35,"turns":4},{"damage":0,"enemies":"3 Shapes","floor":37,"turns":5},{"damage":3,"enemies":"Spire Growth","floor":39,"turns":4},{"damage":16,"enemies":"3 Darklings","floor":46,"turns":4},{"damage":30,"enemies":"Jaw Worm Horde","floor":47,"turns":3},{"damage":38,"enemies":"Donu and Deca","floor":50,"turns":5}],"seed_played":"-6793286881023682110","potions_obtained":[{"floor":8,"key":"SkillPotion"},{"floor":11,"key":"Swift Potion"},{"floor":13,"key":"Block Potion"},{"floor":14,"key":"Regen Potion"},{"floor":20,"key":"FocusPotion"},{"floor":28,"key":"Block Potion"},{"floor":30,"key":"FocusPotion"},{"floor":37,"key":"GamblersBrew"},{"floor":39,"key":"SteroidPotion"}],"is_trial":false,"path_per_floor":["?","T","?","$","M","M","?","$","?","M","?"],"character_chosen":"DEFECT","items_purchased":["Tempest","Coolheaded","Ball Lightning","Lee\u0027s Waffle","Defragment","Reboot","Capacitor","Chill","Go for the Eyes+1","Loop"],"campfire_rested":5,"item_purchase_floors":[3,5,5,29,29,29,36,36,38,44],"current_hp_per_floor":[64,61,61,40,40,61,61,61,61,61,34,55,47,45,45,43,64,57,57,57,57,56,56,56,49,49,49,47,78,42,31,54,34,67,37,37,37,37,34,57,57,57,57,57,57,41,11,11,33,0],"gold":48,"neow_bonus":"RANDOM_COMMON_RELIC","is_prod":false,"is_daily":false,"chose_seed":false,"campfire_upgraded":4,"win_rate":0,"timestamp":1548110726,"path_taken":["M","M","$","?","$","R","?","M","T","R","E","R","M","M","R","BOSS","M","?","M","?","M","R","M","?","T","M","E","$","E","?","R","BOSS","M","$","M","$","M","R","?","R","T","?","?","M","?","?","R","BOSS"],"build_version":"2019-01-20","purchased_purges":1,"victory":false,"max_hp_per_floor":[71,71,71,71,71,71,71,71,71,71,71,71,71,71,71,71,71,71,71,71,71,71,71,71,71,71,71,71,78,78,78,78,78,78,78,78,78,78,78,78,78,78,78,78,78,78,78,74,74,74],"card_choices":[{"not_picked":["Redo","Storm"],"picked":"Leap","floor":1},{"not_picked":["Cold Snap","Streamline"],"picked":"Glacier","floor":2},{"not_picked":["Steam","Amplify"],"picked":"Beam Cell+1","floor":8},{"not_picked":["Chaos","Static Discharge"],"picked":"Thunder Strike+1","floor":11},{"not_picked":["Hologram","Chaos"],"picked":"Defragment","floor":13},{"not_picked":["Stack","Barrage+1","Compile Driver+1"],"picked":"SKIP","floor":14},{"not_picked":["Amplify","Fission"],"picked":"Seek","floor":16},{"not_picked":["Turbo"],"picked":"SKIP","floor":18},{"not_picked":["Heatsinks"],"picked":"SKIP","floor":20},{"not_picked":["Doom and Gloom+1"],"picked":"SKIP","floor":22},{"not_picked":[],"picked":"Genetic Algorithm","floor":24},{"not_picked":["Coolheaded"],"picked":"SKIP","floor":25},{"not_picked":[],"picked":"Cold Snap+1","floor":27},{"not_picked":["Gash+1"],"picked":"SKIP","floor":28},{"not_picked":[],"picked":"Hologram","floor":30},{"not_picked":[],"picked":"Hologram","floor":31},{"not_picked":["Gash+1"],"picked":"SKIP","floor":35},{"not_picked":["Barrage+1"],"picked":"SKIP","floor":37},{"not_picked":["Doom and Gloom+1"],"picked":"SKIP","floor":39},{"not_picked":[],"picked":"Stack","floor":46},{"not_picked":[],"picked":"Beam Cell+1","floor":47},{"not_picked":[],"picked":"Heatsinks+1","floor":49}],"player_experience":816903,"relics_obtained":[{"floor":7,"key":"Molten Egg 2"},{"floor":9,"key":"MawBank"},{"floor":11,"key":"Boot"},{"floor":26,"key":"Smiling Mask"},{"floor":28,"key":"Dream Catcher"},{"floor":30,"key":"Calipers"},{"floor":43,"key":"Mummified Hand"}],"event_choices":[{"damage_healed":0,"gold_gain":0,"player_choice":"Entered Light","damage_taken":21,"max_hp_gain":0,"max_hp_loss":0,"event_name":"Shining Light","floor":4,"gold_loss":0,"cards_upgraded":["Strike_B","Dualcast"]},{"damage_healed":0,"gold_gain":0,"player_choice":"Ignored","damage_taken":0,"max_hp_gain":0,"max_hp_loss":0,"event_name":"Ghosts","floor":19,"gold_loss":0},{"damage_healed":0,"gold_gain":0,"player_choice":"Forge","damage_taken":0,"max_hp_gain":0,"max_hp_loss":0,"event_name":"Accursed Blacksmith","floor":41,"gold_loss":0,"cards_upgraded":["Defragment"]},{"cards_removed":["Defend_B"],"damage_healed":0,"gold_gain":0,"player_choice":"Purged","damage_taken":0,"max_hp_gain":0,"max_hp_loss":0,"event_name":"Purifier","floor":45,"gold_loss":0},{"damage_healed":0,"gold_gain":0,"player_choice":"Max HP","damage_taken":0,"max_hp_gain":0,"max_hp_loss":4,"event_name":"Winding Halls","floor":48,"gold_loss":0}],"is_beta":true,"boss_relics":[{"not_picked":["Runic Pyramid","Eternal Feather"],"picked":"Busted Crown"},{"not_picked":["FrozenCore","Coffee Dripper"],"picked":"Astrolabe"}],"items_purged_floors":[29],"is_endless":false,"potions_floor_spawned":[8,11,13,14,16,20,24,27,28,30,37,39],"killed_by":"Donu and Deca","ascension_level":16}