{"gold_per_floor":[114,128,147,162,11,11,24,49,49,49,49,75,85,100,100,205,205,219,234,66,82,102,102,115,135,135,135,234,234,234,109,109,204,204,219,229,229,229,229,254,273,273,273,302,327,347,124,144,144,144,144,144,77,105,105],"floor_reached":55,"playtime":2971,"items_purged":["Strike_G","Defend_G","Strike_G","Flechettes+1"],"score":741,"play_id":"3064aa20-fbc4-418c-a0ca-bd1ce888ff0a","local_time":"20190110165756","is_ascension_mode":false,"campfire_choices":[{"data":"Noxious Fumes","floor":6.0,"key":"SMITH"},{"floor":15.0,"key":"REST"},{"floor":23.0,"key":"REST"},{"floor":27.0,"key":"RECALL"},{"floor":30.0,"key":"REST"},{"data":"Noxious Fumes","floor":32.0,"key":"SMITH"},{"floor":42.0,"key":"REST"},{"floor":49.0,"key":"REST"},{"data":"Catalyst","floor":52.0,"key":"SMITH"}],"neow_cost":"NONE","seed_source_timestamp":2169685571974190,"circlet_count":0,"master_deck":["Defend_G","Defend_G","Defend_G","Defend_G","Survivor","Neutralize","Deadly Poison","Backstab","Deadly Poison","Poisoned Stab","Noxious Fumes+1","Catalyst+1","Deadly Poison","Corpse Explosion","Cloak And Dagger","Cloak And Dagger+1","Noxious Fumes+1","Crippling Poison+1","Cloak And Dagger+1","Catalyst+1","Infinite Blades+1","Dark Shackles","Deflect+1","Backflip+1","Catalyst+1","Noxious Fumes","Footwork"],"special_seed":0,"relics":["Ring of the Snake","Letter Opener","Pear","Sozu","Molten Egg 2","Astrolabe","FossilizedHelix","Omamori","Pen Nib","Potion Belt","Gremlin Horn"],"potions_floor_usage":[],"damage_taken":[{"damage":0.0,"enemies":"2 Louse","floor":1.0,"turns":3.0},{"damage":1.0,"enemies":"Cultist","floor":2.0,"turns":4.0},{"damage":0.0,"enemies":"Jaw Worm","floor":3.0,"turns":3.0},{"damage":2.0,"enemies":"Looter","floor":4.0,"turns":3.0},{"damage":9.0,"enemies":"Large Slime","floor":7.0,"turns":5.0},{"damage":11.0,"enemies":"Lagavulin","floor":8.0,"turns":5.0},{"damage":22.0,"enemies":"3 Sentries","floor":12.0,"turns":7.0},{"damage":1.0,"enemies":"Blue Slaver","floor":13.0,"turns":2.0},{"damage":4.0,"enemies":"3 Louse","floor":14.0,"turns":2.0},{"damage":13.0,"enemies":"The Guardian","floor":16.0,"turns":5.0},{"damage":7.0,"enemies":"Shell Parasite","floor":18.0,"turns":4.0},{"damage":14.0,"enemies":"Spheric Guardian","floor":19.0,"turns":4.0},{"damage":17.0,"enemies":"Centurion and Healer","floor":21.0,"turns":3.0},{"damage":14.0,"enemies":"Snake Plant","floor":22.0,"turns":4.0},{"damage":5.0,"enemies":"Chosen and Byrds","floor":24.0,"turns":4.0},{"damage":5.0,"enemies":"Centurion and Healer","floor":25.0,"turns":4.0},{"damage":66.0,"enemies":"Automaton","floor":33.0,"turns":7.0},{"damage":28.0,"enemies":"3 Darklings","floor":35.0,"turns":4.0},{"damage":6.0,"enemies":"Orb Walker","floor":36.0,"turns":4.0},{"damage":34.0,"enemies":"Reptomancer","floor":40.0,"turns":5.0},{"damage":10.0,"enemies":"Sphere and 2 Shapes","floor":41.0,"turns":4.0},{"damage":22.0,"enemies":"Giant Head","floor":44.0,"turns":6.0},{"damage":0.0,"enemies":"Transient","floor":46.0,"turns":5.0},{"damage":11.0,"enemies":"Writhing Mass","floor":48.0,"turns":4.0},{"damage":15.0,"enemies":"Time Eater","floor":50.0,"turns":5.0},{"damage":40.0,"enemies":"Shield and Spear","floor":54.0,"turns":4.0},{"damage":87,"enemies":"The Heart","floor":55,"turns":8}],"seed_played":"6976470105786542741","potions_obtained":[{"floor":2.0,"key":"Weak Potion"},{"floor":7.0,"key":"AttackPotion"},{"floor":8.0,"key":"Poison Potion"},{"floor":12.0,"key":"Energy Potion"}],"is_trial":false,"path_per_floor":["M","M","M","M","$","R","M","E","T","$","?","E","M","M","R","B",null,"M","M","$","M","M","R","M","M","T","R","?","?","R","$","R","B",null,"M","M","?","?","?","E","M","R","T","E","T","M","$","M","R","B",null,"R","$","E","B"],"character_chosen":"THE_SILENT","items_purchased":["Noxious Fumes","Noxious Fumes","Catalyst","Footwork"],"campfire_rested":5,"item_purchase_floors":[5,20,47,53],"current_hp_per_floor":[77,76,76,74,74,74,65,54,54,54,54,42,41,37,63,50,87,80,66,66,49,35,61,56,51,51,51,51,51,77,77,77,11,87,59,53,53,53,53,19,9,35,35,13,13,13,13,2,28,13,87,87,87,47,0],"gold":105,"neow_bonus":"TEN_PERCENT_HP_BONUS","is_prod":false,"is_daily":false,"chose_seed":false,"campfire_upgraded":3,"win_rate":0,"timestamp":1547157476,"path_taken":["M","M","M","M","$","R","M","E","T","$","?","E","M","?","R","BOSS","M","M","$","M","M","R","?","M","T","R","?","?","R","$","R","BOSS","M","?","?","?","?","E","M","R","T","E","?","M","$","M","R","BOSS","R","$","E","BOSS"],"build_version":"2019-01-03v4","purchased_purges":4,"victory":false,"max_hp_per_floor":[77,77,77,77,77,77,77,77,77,77,77,87,87,87,87,87,87,87,87,87,87,87,87,87,87,87,87,87,87,87,87,87,87,87,87,87,87,87,87,87,87,87,87,87,87,87,87,87,87,87,87,87,87,87,87],"card_choices":[{"not_picked":["Sucker Punch","Dagger Spray"],"picked":"Deadly Poison","floor":1.0},{"not_picked":["Underhanded Strike","Dagger Throw"],"picked":"Backstab","floor":2.0},{"not_picked":["Dagger Spray","Distraction"],"picked":"Deadly Poison","floor":3.0},{"not_picked":["Eviscerate","Dodge and Roll"],"picked":"Poisoned Stab","floor":4.0},{"not_picked":["Acrobatics","Dagger Spray","Outmaneuver"],"picked":"SKIP","floor":7.0},{"not_picked":["Masterful Stab","Caltrops"],"picked":"Catalyst","floor":8.0},{"not_picked":["Slice","Dagger Throw"],"picked":"Deadly Poison","floor":12.0},{"not_picked":["Flying Knee","Poisoned Stab","Deflect"],"picked":"SKIP","floor":13.0},{"not_picked":["Backflip","Poisoned Stab","Unload"],"picked":"SKIP","floor":14.0},{"not_picked":["Bullet Time","Burst"],"picked":"Corpse Explosion","floor":16.0},{"not_picked":["Bane","Tactician+1"],"picked":"Cloak And Dagger","floor":18.0},{"not_picked":["Riddle With Holes+1","Tactician"],"picked":"Cloak And Dagger+1","floor":19.0},{"not_picked":["Slice","Sucker Punch"],"picked":"Crippling Poison+1","floor":21.0},{"not_picked":["Quick Slash","Poisoned Stab","Outmaneuver"],"picked":"SKIP","floor":22.0},{"not_picked":["Quick Slash","Underhanded Strike"],"picked":"Cloak And Dagger+1","floor":24.0},{"not_picked":["Heel Hook+1","Crippling Poison","Sucker Punch+1"],"picked":"SKIP","floor":25.0},{"not_picked":["Distraction+1","Poisoned Stab+1","Dagger Spray+1"],"picked":"SKIP","floor":35.0},{"not_picked":["PiercingWail","Deadly Poison","Sucker Punch+1"],"picked":"SKIP","floor":36.0},{"not_picked":["Purity","PanicButton"],"picked":"Dark Shackles","floor":37.0},{"not_picked":["Prepared+1","Distraction","Choke+1"],"picked":"SKIP","floor":40.0},{"not_picked":["Phantasmal Killer","Backflip","Dagger Throw+1"],"picked":"SKIP","floor":41.0},{"not_picked":["Underhanded Strike+1","Sucker Punch+1"],"picked":"Deflect+1","floor":44.0},{"not_picked":["Tools of the Trade","Masterful Stab+1"],"picked":"Backflip+1","floor":46.0},{"not_picked":["All Out Attack+1","Dagger Throw+1"],"picked":"Noxious Fumes","floor":48.0},{"not_picked":["Finisher+1","Sucker Punch+1","Quick Slash+1"],"picked":"SKIP","floor":54.0}],"player_experience":33837,"relics_obtained":[{"floor":8.0,"key":"Letter Opener"},{"floor":12.0,"key":"Pear"},{"floor":26.0,"key":"Molten Egg 2"},{"floor":40.0,"key":"FossilizedHelix"},{"floor":43.0,"key":"Omamori"},{"floor":44.0,"key":"Pen Nib"},{"floor":45.0,"key":"Potion Belt"},{"floor":54.0,"key":"Gremlin Horn"}],"event_choices":[{"damage_healed":0.0,"max_hp_gain":0.0,"max_hp_loss":0.0,"gold_gain":0.0,"event_name":"Accursed Blacksmith","player_choice":"Forge","floor":11.0,"gold_loss":0.0,"damage_taken":0.0,"cards_upgraded":["Catalyst"]},{"damage_healed":0.0,"max_hp_gain":0.0,"max_hp_loss":0.0,"gold_gain":99.0,"event_name":"Nest","player_choice":"Stole From Cult","floor":28.0,"gold_loss":0.0,"damage_taken":0.0},{"damage_healed":0.0,"max_hp_gain":0.0,"max_hp_loss":0.0,"gold_gain":0.0,"event_name":"Duplicator","player_choice":"Copied","floor":29.0,"gold_loss":0.0,"damage_taken":0.0,"cards_obtained":["Catalyst"]},{"damage_healed":0.0,"max_hp_gain":0.0,"max_hp_loss":0.0,"gold_gain":0.0,"event_name":"SensoryStone","player_choice":"Memory 1","floor":37.0,"gold_loss":0.0,"damage_taken":0.0},{"damage_healed":0.0,"max_hp_gain":0.0,"max_hp_loss":0.0,"gold_gain":0.0,"event_name":"Mysterious Sphere","player_choice":"Ignored","floor":38.0,"gold_loss":0.0,"damage_taken":0.0},{"cards_removed":["Unload"],"damage_healed":0.0,"max_hp_gain":0.0,"max_hp_loss":0.0,"gold_gain":0.0,"event_name":"Falling","player_choice":"Removed Attack","floor":39.0,"gold_loss":0.0,"damage_taken":0.0}],"is_beta":false,"boss_relics":[{"not_picked":["White Beast Statue","Lizard Tail"],"picked":"Sozu"},{"not_picked":["Philosopher\u0027s Stone","Tiny House"],"picked":"Astrolabe"}],"items_purged_floors":[5,20,31,47],"is_endless":false,"potions_floor_spawned":[2,7,8,12,19,21,25,35,46,54],"killed_by":"The Heart","ascension_level":0}