{"gold_per_floor":[17,36,54,54,64,64,78,110,110,137,137,166,182,182,182,256,256,274,10,10,30,130,158,158,183,183,36,36,36,36,65,65,139,139,151,169,82,98,98,129,129,148,148,175,220,248,1,20,20,20,20,20,20,48,48],"floor_reached":55,"playtime":4832,"items_purged":["Strike_B","Strike_B"],"score":1892,"play_id":"062173fc-bfe5-4579-9168-66ffaa710c71","local_time":"20190228203644","is_ascension_mode":true,"campfire_choices":[{"floor":6.0,"key":"REST"},{"data":"Zap","floor":15.0,"key":"SMITH"},{"data":"Hologram","floor":24.0,"key":"SMITH"},{"data":"Coolheaded","floor":30.0,"key":"SMITH"},{"data":"Reboot","floor":32.0,"key":"SMITH"},{"data":"Rainbow","floor":41.0,"key":"SMITH"},{"floor":49.0,"key":"RECALL"},{"data":"Biased Cognition","floor":52.0,"key":"SMITH"}],"neow_cost":"NO_GOLD","seed_source_timestamp":0,"circlet_count":0,"master_deck":["AscendersBane","Strike_B","Strike_B","Defend_B","Defend_B+1","Defend_B+1","Defend_B","Zap+1","Dualcast","Ball Lightning","Ball Lightning","Reinforced Body","Reboot+1","Cold Snap","Thunder Strike","Stack","Doom and Gloom","Genetic Algorithm","Electrodynamics","Skim+1","Self Repair","Hologram+1","Chill","Redo","Coolheaded+1","Stack","Rainbow+1","Loop","Loop","Steam+1","BootSequence+1","Aggregate+1","Biased Cognition+1","Glacier+1","Capacitor"],"special_seed":0,"relics":["Cracked Core","Bird Faced Urn","FossilizedHelix","Mummified Hand","Centennial Puzzle","Thread and Needle","Ornamental Fan","FaceOfCleric","Sozu","Membership Card","Nilry\u0027s Codex","Gambling Chip","Dodecahedron","Letter Opener","Mango","Emotion Chip","Bronze Scales","Du-Vu Doll","Runic Pyramid","Shuriken","Unceasing Top","Prayer Wheel","Dream Catcher","Ice Cream","Pantograph"],"potions_floor_usage":[55],"damage_taken":[{"damage":11.0,"enemies":"Small Slimes","floor":1.0,"turns":3.0},{"damage":2.0,"enemies":"Jaw Worm","floor":2.0,"turns":3.0},{"damage":1.0,"enemies":"2 Louse","floor":3.0,"turns":2.0},{"damage":16.0,"enemies":"Lots of Slimes","floor":5.0,"turns":4.0},{"damage":5.0,"enemies":"Blue Slaver","floor":7.0,"turns":3.0},{"damage":11.0,"enemies":"3 Sentries","floor":8.0,"turns":6.0},{"damage":0.0,"enemies":"Lagavulin","floor":10.0,"turns":4.0},{"damage":0.0,"enemies":"3 Sentries","floor":12.0,"turns":5.0},{"damage":0.0,"enemies":"2 Fungi Beasts","floor":13.0,"turns":3.0},{"damage":0.0,"enemies":"The Guardian","floor":16.0,"turns":13.0},{"damage":14.0,"enemies":"3 Byrds","floor":18.0,"turns":3.0},{"damage":0.0,"enemies":"Shell Parasite","floor":21.0,"turns":4.0},{"damage":6.0,"enemies":"Colosseum Slavers","floor":22.0,"turns":5.0},{"damage":16.0,"enemies":"Colosseum Nobs","floor":22.0,"turns":5.0},{"damage":7.0,"enemies":"Slavers","floor":23.0,"turns":3.0},{"damage":16.0,"enemies":"Gremlin Leader","floor":25.0,"turns":5.0},{"damage":21.0,"enemies":"Slavers","floor":31.0,"turns":3.0},{"damage":5.0,"enemies":"Automaton","floor":33.0,"turns":10.0},{"damage":0.0,"enemies":"3 Darklings","floor":35.0,"turns":3.0},{"damage":0.0,"enemies":"3 Shapes","floor":36.0,"turns":4.0},{"damage":15.0,"enemies":"Spire Growth","floor":38.0,"turns":5.0},{"damage":78.0,"enemies":"Giant Head","floor":40.0,"turns":8.0},{"damage":0.0,"enemies":"Jaw Worm Horde","floor":42.0,"turns":3.0},{"damage":0.0,"enemies":"Nemesis","floor":44.0,"turns":5.0},{"damage":0.0,"enemies":"2 Orb Walkers","floor":45.0,"turns":4.0},{"damage":23.0,"enemies":"Reptomancer","floor":46.0,"turns":6.0},{"damage":0.0,"enemies":"Writhing Mass","floor":48.0,"turns":3.0},{"damage":24.0,"enemies":"Time Eater","floor":50.0,"turns":8.0},{"damage":20.0,"enemies":"Shield and Spear","floor":54.0,"turns":3.0},{"damage":108,"enemies":"The Heart","floor":55,"turns":12}],"seed_played":"8538053270605919018","potions_obtained":[{"floor":1.0,"key":"EssenceOfSteel"},{"floor":2.0,"key":"FocusPotion"},{"floor":8.0,"key":"EntropicBrew"}],"is_trial":false,"path_per_floor":["M","M","M","?","M","R","M","E","T","E","T","E","M","?","R","B",null,"M","$","?","M","?","E","R","E","T","$","?","$","R","E","R","B",null,"M","M","$","M","?","E","R","M","T","E","?","E","$","M","R","B",null,"R","$","E","B"],"character_chosen":"DEFECT","items_purchased":["Membership Card","Self Repair","Coolheaded","Bronze Scales","Loop","Biased Cognition","Ice Cream"],"campfire_rested":1,"item_purchase_floors":[19,19,27,27,37,47,47],"current_hp_per_floor":[53,51,50,29,13,34,29,18,18,18,18,18,18,18,18,19,59,48,48,27,39,39,44,44,54,54,54,41,41,41,23,23,36,80,90,96,96,93,93,29,29,36,36,54,59,56,56,70,70,64,94,94,94,92,0],"gold":48,"neow_bonus":"ONE_RARE_RELIC","is_prod":false,"is_daily":false,"chose_seed":false,"campfire_upgraded":6,"win_rate":0,"timestamp":1551404204,"path_taken":["M","M","M","?","M","R","M","E","T","E","?","E","M","?","R","BOSS","M","?","?","M","?","E","R","E","T","$","?","$","R","E","R","BOSS","M","M","$","M","?","E","R","M","T","E","?","E","$","M","R","BOSS","R","$","E","BOSS"],"build_version":"2019-01-23","purchased_purges":2,"victory":false,"max_hp_per_floor":[71,71,71,71,71,71,71,71,71,71,71,71,71,71,71,72,72,73,73,73,74,76,77,77,92,92,92,92,92,92,93,93,94,94,95,96,96,97,97,98,98,99,99,100,101,102,102,103,103,104,104,104,104,105,105],"card_choices":[{"not_picked":["Doom and Gloom","Streamline"],"picked":"Ball Lightning","floor":1.0},{"not_picked":["Rebound","Go for the Eyes"],"picked":"Ball Lightning","floor":2.0},{"not_picked":["Beam Cell","Redo"],"picked":"Reinforced Body","floor":3.0},{"not_picked":["Scrape","Darkness"],"picked":"Reboot","floor":5.0},{"not_picked":["Turbo","Leap"],"picked":"Cold Snap","floor":7.0},{"not_picked":["Skim","Reinforced Body"],"picked":"Thunder Strike","floor":8.0},{"not_picked":["Beam Cell","Streamline"],"picked":"Stack","floor":10.0},{"not_picked":["Leap","Fusion"],"picked":"Doom and Gloom","floor":12.0},{"not_picked":["Double Energy","Turbo"],"picked":"Genetic Algorithm","floor":13.0},{"not_picked":["Core Surge","Meteor Strike"],"picked":"Electrodynamics","floor":16.0},{"not_picked":["Compile Driver","Barrage"],"picked":"Skim+1","floor":18.0},{"not_picked":["Steam","Barrage","Reprogram"],"picked":"SKIP","floor":21.0},{"not_picked":["Doom and Gloom+1","Ball Lightning"],"picked":"Hologram","floor":22.0},{"not_picked":["Blizzard","Compile Driver"],"picked":"Chill","floor":23.0},{"not_picked":["Beam Cell","Redo","Rip and Tear"],"picked":"SKIP","floor":25.0},{"not_picked":["Beam Cell","Rip and Tear"],"picked":"Redo","floor":25.0},{"not_picked":["Turbo","Doom and Gloom"],"picked":"Stack","floor":31.0},{"not_picked":["Core Surge","Amplify"],"picked":"Rainbow","floor":33.0},{"not_picked":["Barrage","Chaos","Leap"],"picked":"SKIP","floor":35.0},{"not_picked":["Steam","Undo"],"picked":"Loop","floor":36.0},{"not_picked":["Sweeping Beam","Steam Power","Compile Driver+1"],"picked":"SKIP","floor":38.0},{"not_picked":["Hologram","Beam Cell","Skim"],"picked":"SKIP","floor":40.0},{"not_picked":["Scrape","Rebound+1"],"picked":"Steam+1","floor":42.0},{"not_picked":["Sweeping Beam","Turbo","Beam Cell"],"picked":"SKIP","floor":44.0},{"not_picked":["Loop","Sweeping Beam"],"picked":"BootSequence+1","floor":45.0},{"not_picked":["White Noise","Seek"],"picked":"Aggregate+1","floor":46.0},{"not_picked":["Melter","Heatsinks"],"picked":"Glacier+1","floor":48.0},{"not_picked":["Hologram","Auto Shields","Sweeping Beam+1"],"picked":"SKIP","floor":48.0},{"not_picked":["Sweeping Beam","Gash"],"picked":"Capacitor","floor":54.0}],"player_experience":610995,"relics_obtained":[{"floor":8.0,"key":"FossilizedHelix"},{"floor":9.0,"key":"Mummified Hand"},{"floor":10.0,"key":"Centennial Puzzle"},{"floor":11.0,"key":"Thread and Needle"},{"floor":12.0,"key":"Ornamental Fan"},{"floor":20.0,"key":"Nilry\u0027s Codex"},{"floor":22.0,"key":"Gambling Chip"},{"floor":22.0,"key":"Dodecahedron"},{"floor":23.0,"key":"Letter Opener"},{"floor":25.0,"key":"Mango"},{"floor":26.0,"key":"Emotion Chip"},{"floor":31.0,"key":"Du-Vu Doll"},{"floor":40.0,"key":"Shuriken"},{"floor":44.0,"key":"Unceasing Top"},{"floor":45.0,"key":"Prayer Wheel"},{"floor":46.0,"key":"Dream Catcher"},{"floor":54.0,"key":"Pantograph"}],"event_choices":[{"damage_healed":0.0,"max_hp_gain":0.0,"max_hp_loss":0.0,"gold_gain":0.0,"event_name":"Shining Light","player_choice":"Entered Light","floor":4.0,"gold_loss":0.0,"damage_taken":21.0,"cards_upgraded":["Defend_B","Defend_B"]},{"damage_healed":0.0,"max_hp_gain":0.0,"max_hp_loss":0.0,"gold_gain":0.0,"event_name":"FaceTrader","player_choice":"Trade","floor":14.0,"gold_loss":0.0,"damage_taken":0.0,"relics_obtained":["FaceOfCleric"]},{"damage_healed":0.0,"max_hp_gain":0.0,"max_hp_loss":0.0,"gold_gain":0.0,"event_name":"Cursed Tome","player_choice":"Obtained Book","floor":20.0,"gold_loss":0.0,"damage_taken":21.0},{"damage_healed":0.0,"max_hp_gain":0.0,"max_hp_loss":0.0,"gold_gain":0.0,"event_name":"Colosseum","player_choice":"Fight","floor":22.0,"gold_loss":0.0,"damage_taken":0.0},{"damage_healed":0.0,"max_hp_gain":0.0,"max_hp_loss":0.0,"gold_gain":0.0,"event_name":"Colosseum","player_choice":"Fought Nobs","floor":22.0,"gold_loss":0.0,"damage_taken":0.0},{"damage_healed":0.0,"max_hp_gain":0.0,"max_hp_loss":0.0,"gold_gain":0.0,"event_name":"Wheel of Change","player_choice":"Damaged","floor":28.0,"gold_loss":0.0,"damage_taken":13.0},{"damage_healed":0.0,"max_hp_gain":0.0,"max_hp_loss":0.0,"gold_gain":0.0,"event_name":"SensoryStone","player_choice":"Memory 1","floor":39.0,"gold_loss":0.0,"damage_taken":0.0},{"damage_healed":0.0,"max_hp_gain":0.0,"max_hp_loss":0.0,"gold_gain":0.0,"event_name":"Mysterious Sphere","player_choice":"Fight","floor":45.0,"gold_loss":0.0,"damage_taken":0.0}],"is_beta":false,"boss_relics":[{"not_picked":["Fusion Hammer","Astrolabe"],"picked":"Sozu"},{"not_picked":["Lizard Tail","Busted Crown"],"picked":"Runic Pyramid"}],"items_purged_floors":[27,37],"is_endless":false,"potions_floor_spawned":[1,2,8,10,13,18,22,33,35,40,42,45,46],"killed_by":"The Heart","ascension_level":19}