{"gold_per_floor":[114,132,57,76,76,110,110,10,10,10,10,27,102,127,127,127],"floor_reached":16,"playtime":436,"items_purged":["Strike_R","Defend_R"],"score":113,"play_id":"bfbf8703-a164-42a2-9b25-bae66c276b44","local_time":"20190127015111","is_ascension_mode":true,"campfire_choices":[{"data":"Flex","floor":7,"key":"SMITH"},{"floor":11,"key":"REST"},{"data":"Offering","floor":15,"key":"SMITH"}],"neow_cost":"NONE","seed_source_timestamp":1550043557382429,"circlet_count":0,"master_deck":["Strike_R","Strike_R","Strike_R","Defend_R","Defend_R","Defend_R","Bash","Flex+1","Offering+1"],"relics":["Burning Blood","Blue Candle","Art of War","Anchor","Question Card"],"potions_floor_usage":[16],"damage_taken":[{"damage":6,"enemies":"Cultist","floor":1,"turns":3},{"damage":4,"enemies":"2 Louse","floor":2,"turns":3},{"damage":0,"enemies":"Small Slimes","floor":4,"turns":3},{"damage":41,"enemies":"Gremlin Nob","floor":6,"turns":5},{"damage":0,"enemies":"2 Fungi Beasts","floor":12,"turns":3},{"damage":34,"enemies":"3 Sentries","floor":14,"turns":10},{"damage":49,"enemies":"Slime Boss","floor":16,"turns":9}],"seed_played":"-2115729388956815734","potions_obtained":[{"floor":6,"key":"SteroidPotion"},{"floor":12,"key":"BloodPotion"}],"is_trial":false,"path_per_floor":["M","M","$","M","?","E","R","$","T","?","R","M","?","E","R","B"],"character_chosen":"IRONCLAD","items_purchased":[],"campfire_rested":1,"item_purchase_floors":[],"current_hp_per_floor":[80,80,80,80,80,45,45,45,45,45,69,75,64,36,36,0],"gold":127,"neow_bonus":"TRANSFORM_CARD","is_prod":false,"is_daily":false,"chose_seed":false,"campfire_upgraded":2,"win_rate":0,"timestamp":1548571871,"path_taken":["M","M","$","?","?","E","R","?","T","?","R","M","?","E","R","BOSS"],"build_version":"2019-01-23","purchased_purges":2,"victory":false,"max_hp_per_floor":[80,80,80,80,80,80,80,80,80,80,80,80,80,80,80,80],"card_choices":[{"not_picked":["Clothesline","Combust","Corruption"],"picked":"SKIP","floor":1},{"not_picked":["Pummel","Dual Wield"],"picked":"Flex","floor":2},{"not_picked":["Twin Strike","Feel No Pain","Iron Wave"],"picked":"SKIP","floor":4},{"not_picked":["Perfected Strike","Headbutt","Corruption"],"picked":"SKIP","floor":6},{"not_picked":["Clash","Metallicize","Flex"],"picked":"SKIP","floor":12},{"not_picked":["Burning Pact","Warcry"],"picked":"Offering","floor":14}],"player_experience":521108,"relics_obtained":[{"floor":6,"key":"Art of War"},{"floor":9,"key":"Anchor"},{"floor":14,"key":"Question Card"}],"event_choices":[{"cards_removed":["Uppercut"],"damage_healed":0,"gold_gain":0,"player_choice":"Gave Card","damage_taken":0,"relics_obtained":["Blue Candle"],"max_hp_gain":0,"max_hp_loss":0,"event_name":"WeMeetAgain","floor":5,"gold_loss":0},{"damage_healed":0,"gold_gain":0,"player_choice":"Ignored","damage_taken":0,"max_hp_gain":0,"max_hp_loss":0,"event_name":"Liars Game","floor":10,"gold_loss":0},{"damage_healed":0,"gold_gain":75,"player_choice":"Gather Gold","damage_taken":11,"max_hp_gain":0,"max_hp_loss":0,"event_name":"World of Goop","floor":13,"gold_loss":0}],"is_beta":true,"boss_relics":[],"items_purged_floors":[3,8],"is_endless":false,"potions_floor_spawned":[6,12],"killed_by":"Slime Boss","ascension_level":1}