{"gold_per_floor":[113,132,144,94,94,94,117,42,42,42,42,57,72,86,86,190,190,209,1,0,20,31,51,51,51,51,62,62,62,62,76,76,174,174,194,212,59,59,74,74,108,108,108,108,28,43,59,59,59,59],"floor_reached":51,"playtime":2667,"items_purged":["Defend_G","Strike_G"],"score":794,"play_id":"402539de-c272-4c57-9310-d22054ed6e5b","local_time":"20190103133018","is_ascension_mode":false,"campfire_choices":[{"data":"Deadly Poison","floor":6.0,"key":"SMITH"},{"floor":15.0,"key":"REST"},{"data":"Catalyst","floor":24.0,"key":"SMITH"},{"floor":32.0,"key":"REST"},{"data":"Night Terror","floor":40.0,"key":"SMITH"},{"data":"Crippling Poison","floor":44.0,"key":"SMITH"},{"floor":49,"key":"REST"}],"neow_cost":"NONE","seed_source_timestamp":784459079447489,"circlet_count":0,"master_deck":["Defend_G","Defend_G","Defend_G","Defend_G","Strike_G","Survivor","Neutralize","Deadly Poison+1","Deadly Poison+1","Backflip","Backflip+1","Crippling Poison+1","Backflip","Deadly Poison","Adrenaline","Catalyst+1","Poisoned Stab","Dash","Deadly Poison","Deflect+1","Poisoned Stab","Night Terror+1","Master of Strategy","Deadly Poison+1"],"special_seed":0,"relics":["Ring of the Snake","Odd Mushroom","Letter Opener","Cursed Key","Empty Cage","Strawberry","The Courier"],"potions_floor_usage":[50,50],"damage_taken":[{"damage":0.0,"enemies":"2 Louse","floor":1.0,"turns":3.0},{"damage":4.0,"enemies":"Jaw Worm","floor":2.0,"turns":4.0},{"damage":5.0,"enemies":"Small Slimes","floor":3.0,"turns":4.0},{"damage":25.0,"enemies":"The Mushroom Lair","floor":7.0,"turns":5.0},{"damage":0.0,"enemies":"Looter","floor":12.0,"turns":2.0},{"damage":3.0,"enemies":"Lots of Slimes","floor":13.0,"turns":4.0},{"damage":0.0,"enemies":"Blue Slaver","floor":14.0,"turns":3.0},{"damage":7.0,"enemies":"The Guardian","floor":16.0,"turns":8.0},{"damage":9.0,"enemies":"3 Byrds","floor":18.0,"turns":4.0},{"damage":4.0,"enemies":"2 Thieves","floor":21.0,"turns":4.0},{"damage":9.0,"enemies":"Snake Plant","floor":22.0,"turns":3.0},{"damage":0.0,"enemies":"Snecko","floor":23.0,"turns":4.0},{"damage":10.0,"enemies":"Sentry and Sphere","floor":27.0,"turns":5.0},{"damage":0.0,"enemies":"Centurion and Healer","floor":31.0,"turns":5.0},{"damage":22.0,"enemies":"Collector","floor":33.0,"turns":5.0},{"damage":4.0,"enemies":"Orb Walker","floor":35.0,"turns":3.0},{"damage":16.0,"enemies":"3 Darklings","floor":36.0,"turns":5.0},{"damage":2.0,"enemies":"Writhing Mass","floor":39.0,"turns":4.0},{"damage":0.0,"enemies":"Giant Head","floor":41.0,"turns":3.0},{"damage":7.0,"enemies":"Maw","floor":46.0,"turns":4.0},{"damage":9,"enemies":"4 Shapes","floor":47,"turns":4},{"damage":58,"enemies":"Awakened One","floor":50,"turns":10}],"seed_played":"2455185226425288171","potions_obtained":[{"floor":1.0,"key":"FearPotion"},{"floor":12.0,"key":"Strength Potion"},{"floor":13.0,"key":"FearPotion"},{"floor":22.0,"key":"FearPotion"},{"floor":27.0,"key":"Energy Potion"},{"floor":31.0,"key":"Dexterity Potion"},{"floor":33.0,"key":"EssenceOfSteel"},{"floor":39.0,"key":"Energy Potion"},{"floor":46.0,"key":"EssenceOfSteel"},{"floor":47,"key":"SkillPotion"}],"is_trial":false,"path_per_floor":["M","M","M","?","?","R","?","$","T","?","$","M","M","M","R","B",null,"M","$","?","M","M","M","R","?","T","M","?","$","$","M","R","B",null,"M","M","$","?","M","R","E","?","T","R","$","M","M","T","R","B",null],"character_chosen":"THE_SILENT","items_purchased":["Catalyst","Poisoned Stab","Dash","Strawberry"],"campfire_rested":3,"item_purchase_floors":[19,19,19,37],"current_hp_per_floor":[77,73,68,68,73,73,48,48,48,32,32,32,29,29,53,46,82,73,73,73,69,60,60,60,60,60,50,50,50,50,50,74,52,82,78,62,69,69,67,67,67,67,67,67,67,60,51,51,77,19],"gold":59,"neow_bonus":"TEN_PERCENT_HP_BONUS","is_prod":false,"is_daily":false,"chose_seed":false,"campfire_upgraded":4,"win_rate":0,"timestamp":1546540218,"path_taken":["M","M","M","?","?","R","?","?","T","?","?","?","M","M","R","BOSS","M","$","?","M","M","M","R","?","T","?","?","?","$","M","R","BOSS","M","M","?","?","M","R","E","?","T","R","$","M","?","?","R","BOSS"],"build_version":"2018-12-20","purchased_purges":2,"victory":true,"max_hp_per_floor":[77,77,77,77,82,82,82,82,82,82,82,82,82,82,82,82,82,82,82,82,82,82,82,82,82,82,82,82,82,82,82,82,82,82,82,82,89,89,89,89,89,89,89,89,89,89,89,89,89,89],"card_choices":[{"not_picked":["All Out Attack","Leg Sweep"],"picked":"Deadly Poison","floor":1.0},{"not_picked":["Underhanded Strike","Backstab"],"picked":"Deadly Poison","floor":2.0},{"not_picked":["Accuracy","Heel Hook"],"picked":"Backflip","floor":3.0},{"not_picked":["Predator","Bane"],"picked":"Backflip","floor":7.0},{"not_picked":["Outmaneuver","Well Laid Plans"],"picked":"Crippling Poison","floor":12.0},{"not_picked":["Outmaneuver","Slice"],"picked":"Backflip","floor":13.0},{"not_picked":["Well Laid Plans","Eviscerate"],"picked":"Deadly Poison","floor":14.0},{"not_picked":["Envenom","Doppelganger"],"picked":"Adrenaline","floor":16.0},{"not_picked":["Backstab","Slice+1","All Out Attack"],"picked":"SKIP","floor":18.0},{"not_picked":["Expertise","Dash+1"],"picked":"Deadly Poison","floor":21.0},{"not_picked":["Prepared","Acrobatics","Distraction+1"],"picked":"SKIP","floor":22.0},{"not_picked":["Outmaneuver","Tools of the Trade"],"picked":"Deflect+1","floor":23.0},{"not_picked":["Dodge and Roll","Heel Hook","Backstab+1"],"picked":"SKIP","floor":27.0},{"not_picked":["Underhanded Strike","Quick Slash+1"],"picked":"Poisoned Stab","floor":31.0},{"not_picked":["Cloak And Dagger","Outmaneuver","Underhanded Strike+1"],"picked":"SKIP","floor":35.0},{"not_picked":["All Out Attack","Dagger Throw"],"picked":"Night Terror","floor":36.0},{"not_picked":["Dramatic Entrance","Mind Blast"],"picked":"Master of Strategy","floor":38.0},{"not_picked":["Slice","Sucker Punch","Acrobatics+1"],"picked":"SKIP","floor":39.0},{"not_picked":["Underhanded Strike","Expertise","Flying Knee"],"picked":"SKIP","floor":41.0},{"not_picked":["Crippling Poison","Doppelganger"],"picked":"Deadly Poison+1","floor":46.0},{"not_picked":["Sucker Punch","Caltrops","Predator+1"],"picked":"SKIP","floor":47}],"player_experience":411505,"relics_obtained":[{"floor":7.0,"key":"Odd Mushroom"},{"floor":9.0,"key":"Letter Opener"},{"floor":41.0,"key":"The Courier"}],"event_choices":[{"cards_removed":["Strike_G"],"damage_healed":0.0,"max_hp_gain":0.0,"max_hp_loss":0.0,"gold_gain":0.0,"event_name":"The Cleric","player_choice":"Card Removal","floor":4.0,"gold_loss":50.0,"damage_taken":0.0},{"damage_healed":0.0,"max_hp_gain":5.0,"max_hp_loss":0.0,"gold_gain":0.0,"event_name":"Big Fish","player_choice":"Donut","floor":5.0,"gold_loss":0.0,"damage_taken":0.0},{"damage_healed":0.0,"max_hp_gain":0.0,"max_hp_loss":0.0,"gold_gain":0.0,"event_name":"Mushrooms","player_choice":"Fought Mushrooms","floor":7.0,"gold_loss":0.0,"damage_taken":0.0},{"damage_healed":0.0,"max_hp_gain":0.0,"max_hp_loss":0.0,"gold_gain":0.0,"event_name":"Shining Light","player_choice":"Entered Light","floor":10.0,"gold_loss":0.0,"damage_taken":16.0,"cards_upgraded":["Deadly Poison","Backflip"]},{"damage_healed":0.0,"max_hp_gain":0.0,"max_hp_loss":0.0,"gold_gain":0.0,"event_name":"Masked Bandits","player_choice":"Paid Fearfully","floor":20.0,"gold_loss":1.0,"damage_taken":0.0},{"damage_healed":0.0,"max_hp_gain":0.0,"max_hp_loss":0.0,"gold_gain":0.0,"event_name":"Cursed Tome","player_choice":"Ignored","floor":25.0,"gold_loss":0.0,"damage_taken":0.0},{"damage_healed":0.0,"max_hp_gain":0.0,"max_hp_loss":0.0,"gold_gain":0.0,"event_name":"Vampires","player_choice":"Ignored","floor":28.0,"gold_loss":0.0,"damage_taken":0.0},{"damage_healed":0.0,"max_hp_gain":0.0,"max_hp_loss":0.0,"gold_gain":0.0,"event_name":"SensoryStone","player_choice":"Memory 1","floor":38.0,"gold_loss":0.0,"damage_taken":0.0},{"damage_healed":0.0,"max_hp_gain":0.0,"max_hp_loss":0.0,"gold_gain":0.0,"event_name":"Tomb of Lord Red Mask","player_choice":"Ignored","floor":42.0,"gold_loss":0.0,"damage_taken":0.0}],"is_beta":false,"boss_relics":[{"not_picked":["Coffee Dripper","Tiny House"],"picked":"Cursed Key"},{"not_picked":["Sozu","Snecko Eye"],"picked":"Empty Cage"}],"items_purged_floors":[8,45],"is_endless":false,"potions_floor_spawned":[1,12,13,22,27,31,33,39,46,47],"ascension_level":0}