{"gold_per_floor":[13,24,40,6,6,6,40,40,40,54,65,65,83,97,97,170,170,184,204,219,46,46,46],"floor_reached":23,"playtime":768,"items_purged":[],"score":366,"play_id":"bc8a7ef2-32a0-4f09-a23f-0bd9c7ecd3f4","local_time":"20180809203058","is_ascension_mode":true,"campfire_choices":[{"data":"Zap","floor":6,"key":"SMITH"},{"floor":8,"key":"REST"},{"data":"Loop","floor":15,"key":"SMITH"}],"neow_cost":"NO_GOLD","seed_source_timestamp":2513509215497939,"circlet_count":0,"master_deck":["Strike_B","Strike_B","Strike_B","Strike_B","Defend_B","Defend_B","Defend_B","Defend_B","Zap+1","Dualcast","AscendersBane","Gash","Go for the Eyes","Rip and Tear","Sunder","Leap","Defragment+1","Loop+1","Genetic Algorithm","All For One","Defragment","Cold Snap","Capacitor","Chill","Ball Lightning","Ghostly","Ghostly","Ghostly","Ghostly","Ghostly"],"relics":["Cracked Core","Peace Pipe","Pantograph","Symbiotic Virus","Runic Dome"],"potions_floor_usage":[11,18,20,23],"damage_taken":[{"damage":1,"enemies":"Cultist","floor":1,"turns":3},{"damage":5,"enemies":"Small Slimes","floor":2,"turns":3},{"damage":2,"enemies":"2 Louse","floor":3,"turns":3},{"damage":25,"enemies":"Lagavulin","floor":7,"turns":6},{"damage":1,"enemies":"2 Fungi Beasts","floor":10,"turns":3},{"damage":11,"enemies":"Gremlin Gang","floor":11,"turns":4},{"damage":1,"enemies":"Looter","floor":13,"turns":3},{"damage":8,"enemies":"Blue Slaver","floor":14,"turns":3},{"damage":28,"enemies":"Slime Boss","floor":16,"turns":7},{"damage":24,"enemies":"Spheric Guardian","floor":18,"turns":4},{"damage":21,"enemies":"Chosen","floor":19,"turns":6},{"damage":23,"enemies":"Snecko","floor":20,"turns":6},{"damage":9,"enemies":"Book of Stabbing","floor":23,"turns":4}],"seed_played":"6172118599937018367","potions_obtained":[{"floor":1,"key":"Regen Potion"},{"floor":7,"key":"AttackPotion"},{"floor":13,"key":"Ancient Potion"},{"floor":19,"key":"FocusPotion"}],"is_trial":false,"path_per_floor":["M","M","M","$","?","R","E","R","T","M","M","?","M","M","R","B",null,"M","M","M","$","?"],"character_chosen":"DEFECT","items_purchased":["Sunder","Chill","Ball Lightning","PowerPotion"],"campfire_rested":1,"item_purchase_floors":[4,21,21,21],"current_hp_per_floor":[63,58,56,56,56,56,31,52,52,51,40,40,39,31,31,28,60,36,15,7,7,7,0],"gold":46,"neow_bonus":"ONE_RARE_RELIC","is_prod":false,"is_daily":false,"chose_seed":false,"campfire_upgraded":2,"win_rate":0,"timestamp":1533839458,"path_taken":["M","M","?","?","?","R","E","R","T","M","M","?","M","M","R","BOSS","M","M","M","$","?","E"],"build_version":"2018-08-02","purchased_purges":0,"victory":false,"max_hp_per_floor":[71,71,71,71,71,71,71,71,71,71,71,71,71,71,71,71,71,71,71,71,71,35,35],"card_choices":[{"not_picked":["Force Field","Turbo"],"picked":"Gash","floor":1},{"not_picked":["Stack","Redo"],"picked":"Go for the Eyes","floor":2},{"not_picked":["Beam Cell","Stack"],"picked":"Rip and Tear","floor":3},{"not_picked":["Sunder","Stack"],"picked":"Leap","floor":7},{"not_picked":["Hologram","Conserve Battery"],"picked":"Defragment","floor":10},{"not_picked":["Amplify","Beam Cell","Rebound"],"picked":"SKIP","floor":11},{"not_picked":["Beam Cell","Reprogram"],"picked":"Loop","floor":13},{"not_picked":["Barrage","Leap"],"picked":"Genetic Algorithm","floor":14},{"not_picked":["Seek","Thunder Strike"],"picked":"All For One","floor":16},{"not_picked":["Lockon","Barrage"],"picked":"Defragment","floor":18},{"not_picked":["Rebound","Biased Cognition"],"picked":"Cold Snap","floor":19},{"not_picked":["Barrage","Rebound"],"picked":"Capacitor","floor":20}],"player_experience":937074,"relics_obtained":[{"floor":7,"key":"Pantograph"},{"floor":9,"key":"Symbiotic Virus"}],"event_choices":[{"event_name":"The Cleric","player_choice":"Leave","floor":5,"damage_taken":0},{"event_name":"Accursed Blacksmith","player_choice":"Forge","floor":12,"damage_taken":0},{"event_name":"Ghosts","player_choice":"Became a Ghost","floor":22,"damage_taken":0}],"is_beta":false,"boss_relics":[{"not_picked":["Tiny House","Calling Bell"],"picked":"Runic Dome"}],"items_purged_floors":[],"is_endless":false,"potions_floor_spawned":[1,7,13,19],"killed_by":"Book of Stabbing","ascension_level":15}