{"gold_per_floor":[110,185,198,198,217,248,248,274,321,115,125,142,170,187,187,286,286,296,315,390,404,423,423,453,469,518,533,533],"floor_reached":28,"playtime":2098,"items_purged":[],"score":303,"play_id":"c3672948-cd8e-4435-aca7-c510ce8ccb5f","local_time":"20190224123903","is_ascension_mode":true,"campfire_choices":[{"floor":7,"key":"RECALL"},{"data":"Perfected Strike","floor":15,"key":"SMITH"},{"floor":23,"key":"REST"}],"neow_cost":"NONE","seed_source_timestamp":218219741222041,"circlet_count":0,"master_deck":["Strike_R","Strike_R","Strike_R","Strike_R","Strike_R","Defend_R","Bash+1","Flex+1","Inflame","Perfected Strike+1","Infernal Blade","Warcry","Pommel Strike","Perfected Strike+1","Pommel Strike","Shrug It Off","Exhume+1","Clothesline+1","Spot Weakness+1","Burning Pact+1","Twin Strike","Combust+1","Pommel Strike","Demon Form","Perfected Strike","Flame Barrier"],"relics":["Burning Blood","Strawberry","Bottled Tornado","Whetstone","Lantern","PreservedInsect","Astrolabe","Peace Pipe","War Paint"],"potions_floor_usage":[8,13,21,24,27,28,28,28],"damage_taken":[{"damage":2,"enemies":"2 Louse","floor":1,"turns":3},{"damage":6,"enemies":"Cultist","floor":3,"turns":3},{"damage":1,"enemies":"Jaw Worm","floor":5,"turns":3},{"damage":34,"enemies":"3 Sentries","floor":6,"turns":7},{"damage":16,"enemies":"Lagavulin","floor":8,"turns":5},{"damage":8,"enemies":"Lots of Slimes","floor":11,"turns":4},{"damage":5,"enemies":"Exordium Thugs","floor":12,"turns":2},{"damage":0,"enemies":"Gremlin Nob","floor":13,"turns":2},{"damage":0,"enemies":"Exordium Wildlife","floor":14,"turns":2},{"damage":49,"enemies":"The Guardian","floor":16,"turns":7},{"damage":28,"enemies":"3 Byrds","floor":18,"turns":5},{"damage":22,"enemies":"Shell Parasite","floor":19,"turns":3},{"damage":14,"enemies":"Snecko","floor":21,"turns":4},{"damage":22,"enemies":"Sentry and Sphere","floor":22,"turns":4},{"damage":20,"enemies":"Gremlin Leader","floor":24,"turns":4},{"damage":23,"enemies":"3 Cultists","floor":25,"turns":4},{"damage":10,"enemies":"Chosen and Byrds","floor":27,"turns":4},{"damage":24,"enemies":"Book of Stabbing","floor":28,"turns":4}],"seed_played":"-6652733626657642629","potions_obtained":[{"floor":1,"key":"GamblersBrew"},{"floor":6,"key":"Weak Potion"},{"floor":8,"key":"SteroidPotion"},{"floor":14,"key":"Ancient Potion"},{"floor":19,"key":"SpeedPotion"},{"floor":22,"key":"SkillPotion"},{"floor":25,"key":"SteroidPotion"},{"floor":27,"key":"SkillPotion"}],"is_trial":false,"path_per_floor":["M","?","M","?","M","E","R","E","T","$","M","M","E","M","R","B",null,"M","M","?","M","M","R","E","M","T","M","E"],"character_chosen":"IRONCLAD","items_purchased":["Lantern","Pommel Strike"],"campfire_rested":1,"item_purchase_floors":[10,10],"current_hp_per_floor":[87,76,76,76,81,53,53,43,43,43,41,42,48,54,54,11,87,65,49,41,33,17,43,29,12,12,8,0],"gold":533,"neow_bonus":"RANDOM_COMMON_RELIC","is_prod":false,"is_daily":false,"chose_seed":false,"campfire_upgraded":1,"win_rate":0,"timestamp":1551022743,"path_taken":["M","?","M","?","?","E","R","E","T","$","M","M","E","M","R","BOSS","M","M","?","?","M","R","E","M","T","M","E"],"build_version":"2019-01-23","purchased_purges":0,"victory":false,"max_hp_per_floor":[87,87,87,87,87,87,87,87,87,87,87,87,87,87,87,87,87,87,87,87,87,87,87,87,87,87,87,87],"card_choices":[{"not_picked":["Dual Wield","Battle Trance"],"picked":"Flex","floor":1},{"not_picked":["Ghostly Armor","Clash"],"picked":"Inflame","floor":3},{"not_picked":["Pommel Strike","Armaments"],"picked":"Perfected Strike","floor":5},{"not_picked":["Fire Breathing","Battle Trance"],"picked":"Infernal Blade","floor":6},{"not_picked":["Havoc","Sword Boomerang"],"picked":"Warcry","floor":8},{"not_picked":["Evolve","Body Slam"],"picked":"Perfected Strike","floor":11},{"not_picked":["Wild Strike","Whirlwind"],"picked":"Pommel Strike","floor":12},{"not_picked":["Corruption","Seeing Red"],"picked":"Shrug It Off","floor":13},{"not_picked":["Warcry","Havoc"],"picked":"Sever Soul","floor":14},{"not_picked":["Offering","Barricade"],"picked":"Exhume","floor":16},{"not_picked":["Flex","Perfected Strike"],"picked":"Twin Strike","floor":18},{"not_picked":["Carnage","Metallicize+1"],"picked":"Combust+1","floor":19},{"not_picked":["Warcry","Sword Boomerang+1"],"picked":"Pommel Strike","floor":21},{"not_picked":["Clash","True Grit"],"picked":"Demon Form","floor":22},{"not_picked":["Havoc","Flex"],"picked":"Perfected Strike","floor":24},{"not_picked":["Evolve","Uppercut","Clothesline"],"picked":"SKIP","floor":25},{"not_picked":["Hemokinesis+1","Heavy Blade"],"picked":"Flame Barrier","floor":27}],"player_experience":123219,"relics_obtained":[{"floor":6,"key":"Bottled Tornado"},{"floor":8,"key":"Whetstone"},{"floor":13,"key":"PreservedInsect"},{"floor":24,"key":"Peace Pipe"},{"floor":26,"key":"War Paint"}],"event_choices":[{"damage_healed":0,"gold_gain":75,"player_choice":"Gather Gold","damage_taken":11,"max_hp_gain":0,"max_hp_loss":0,"event_name":"World of Goop","floor":2,"gold_loss":0},{"cards_removed":["Defend_R"],"damage_healed":0,"gold_gain":0,"player_choice":"Purged","damage_taken":0,"max_hp_gain":0,"max_hp_loss":0,"event_name":"Purifier","floor":4,"gold_loss":0},{"damage_healed":0,"gold_gain":75,"player_choice":"Touch","damage_taken":8,"max_hp_gain":0,"max_hp_loss":0,"event_name":"FaceTrader","floor":20,"gold_loss":0}],"is_beta":false,"boss_relics":[{"not_picked":["Eternal Feather","White Beast Statue"],"picked":"Astrolabe"}],"items_purged_floors":[],"is_endless":false,"potions_floor_spawned":[1,6,8,14,19,22,25,27],"killed_by":"Book of Stabbing","ascension_level":1}