{"gold_per_floor":[109,109,123,133,88,88,121,121,121,69,97,115,115,130,130,225,225,242,259,259,277,104,104,104,203,203,76,95,109,109,129,129,129],"floor_reached":33,"playtime":1349,"items_purged":["Strike_R"],"score":360,"play_id":"103f872f-b147-4cb6-aa67-ec89e7afa003","local_time":"20190207195810","is_ascension_mode":true,"campfire_choices":[{"data":"Rage","floor":6,"key":"SMITH"},{"data":"Perfected Strike","floor":8,"key":"SMITH"},{"data":"Flame Barrier","floor":15,"key":"SMITH"},{"floor":24,"key":"REST"},{"data":"Double Tap","floor":30,"key":"SMITH"},{"floor":32,"key":"REST"}],"neow_cost":"NONE","seed_source_timestamp":79914991279012,"circlet_count":0,"master_deck":["Strike_R","Strike_R","Strike_R","Defend_R","Defend_R","Defend_R","Bash","Rage+1","Clothesline","Perfected Strike","Shrug It Off","Perfected Strike+1","Shrug It Off","Shockwave","Headbutt","Flame Barrier+1","Wild Strike","Iron Wave","Double Tap","Flex","Thunderclap","Double Tap+1","Flame Barrier","Discovery","Shrug It Off","Power Through","Perfected Strike","Armaments"],"relics":["Burning Blood","Omamori","Matryoshka","Girya","Mark of Pain","Calipers","Oddly Smooth Stone"],"potions_floor_usage":[16,23,33],"damage_taken":[{"damage":0,"enemies":"2 Louse","floor":1,"turns":2},{"damage":0,"enemies":"Cultist","floor":3,"turns":3},{"damage":1,"enemies":"Jaw Worm","floor":4,"turns":4},{"damage":29,"enemies":"Lagavulin","floor":7,"turns":8},{"damage":12,"enemies":"Gremlin Nob","floor":11,"turns":3},{"damage":0,"enemies":"Looter","floor":12,"turns":2},{"damage":0,"enemies":"Blue Slaver","floor":14,"turns":2},{"damage":74,"enemies":"Hexaghost","floor":16,"turns":14},{"damage":22,"enemies":"Shell Parasite","floor":18,"turns":5},{"damage":6,"enemies":"2 Thieves","floor":19,"turns":3},{"damage":17,"enemies":"Centurion and Healer","floor":21,"turns":4},{"damage":0,"enemies":"Gremlin Leader","floor":23,"turns":2},{"damage":0,"enemies":"Snake Plant","floor":28,"turns":4},{"damage":17,"enemies":"Snecko","floor":29,"turns":6},{"damage":6,"enemies":"Cultist and Chosen","floor":31,"turns":5},{"damage":113,"enemies":"Automaton","floor":33,"turns":12}],"seed_played":"4660039824505365183","potions_obtained":[{"floor":3,"key":"Dexterity Potion"},{"floor":4,"key":"Regen Potion"},{"floor":12,"key":"SteroidPotion"},{"floor":16,"key":"SmokeBomb"},{"floor":28,"key":"PowerPotion"}],"is_trial":false,"path_per_floor":["M","?","M","M","$","R","E","R","T","$","E","M","?","M","R","B",null,"M","M","?","M","$","E","R","?","T","$","M","M","R","M","R","B"],"character_chosen":"IRONCLAD","items_purchased":["Shrug It Off","Headbutt","Flame Barrier","Discovery","Shrug It Off"],"campfire_rested":2,"item_purchase_floors":[5,10,22,22,27],"current_hp_per_floor":[78,78,80,80,80,80,57,57,57,57,51,57,57,63,63,10,63,47,47,32,21,21,27,52,52,52,52,58,47,47,47,72,0],"gold":129,"neow_bonus":"TRANSFORM_CARD","is_prod":false,"is_daily":false,"chose_seed":false,"campfire_upgraded":4,"win_rate":0,"timestamp":1549587490,"path_taken":["M","?","M","M","$","R","E","R","T","$","E","?","?","?","R","BOSS","M","M","?","M","$","E","R","?","T","$","M","M","R","M","R","BOSS"],"build_version":"2019-01-23","purchased_purges":1,"victory":false,"max_hp_per_floor":[80,80,80,80,80,80,80,80,80,80,80,80,80,80,80,80,80,80,80,85,85,85,85,85,85,85,85,85,85,85,85,85,85],"card_choices":[{"not_picked":["Perfected Strike","Heavy Blade"],"picked":"Clothesline","floor":1},{"not_picked":["Juggernaut","Body Slam"],"picked":"Shrug It Off","floor":3},{"not_picked":["Inflame","Combust"],"picked":"Perfected Strike","floor":4},{"not_picked":["Berserk","Exhume"],"picked":"Shockwave","floor":7},{"not_picked":["Headbutt","Rupture"],"picked":"Flame Barrier","floor":11},{"not_picked":["Body Slam","Havoc"],"picked":"Wild Strike","floor":12},{"not_picked":["Clash","Sword Boomerang","Second Wind"],"picked":"SKIP","floor":14},{"not_picked":["Bludgeon","Reaper"],"picked":"Double Tap","floor":16},{"not_picked":["Anger+1","Clothesline"],"picked":"Flex","floor":18},{"not_picked":["Seeing Red","Rampage"],"picked":"Thunderclap","floor":19},{"not_picked":["Seeing Red","Body Slam"],"picked":"Double Tap","floor":21},{"not_picked":["Sword Boomerang+1","Blood for Blood+1"],"picked":"Power Through","floor":28},{"not_picked":["Headbutt+1","Inflame"],"picked":"Perfected Strike","floor":29},{"not_picked":["Intimidate","Rage"],"picked":"Armaments","floor":31}],"player_experience":156027,"relics_obtained":[{"floor":7,"key":"Omamori"},{"floor":9,"key":"Matryoshka"},{"floor":11,"key":"Girya"},{"floor":26,"key":"Calipers"},{"floor":26,"key":"Oddly Smooth Stone"}],"event_choices":[{"damage_healed":0,"gold_gain":0,"cards_transformed":["Defend_R"],"player_choice":"Transformed","damage_taken":0,"max_hp_gain":0,"max_hp_loss":0,"event_name":"Transmorgrifier","floor":2,"gold_loss":0,"cards_obtained":["Perfected Strike"]},{"damage_healed":0,"gold_gain":0,"player_choice":"1 cards matched","damage_taken":0,"max_hp_gain":0,"max_hp_loss":0,"event_name":"Match and Keep!","floor":13,"gold_loss":0,"cards_obtained":["Iron Wave"]},{"damage_healed":0,"gold_gain":0,"player_choice":"Shed Blood","damage_taken":20,"max_hp_gain":5,"max_hp_loss":0,"event_name":"Forgotten Altar","floor":20,"gold_loss":0},{"damage_healed":0,"gold_gain":99,"player_choice":"Stole From Cult","damage_taken":0,"max_hp_gain":0,"max_hp_loss":0,"event_name":"Nest","floor":25,"gold_loss":0}],"is_beta":false,"boss_relics":[{"not_picked":["Tiny House","Snecko Eye"],"picked":"Mark of Pain"}],"items_purged_floors":[27],"is_endless":false,"potions_floor_spawned":[3,4,12,16,21,23,28],"killed_by":"Automaton","ascension_level":6}