{"gold_per_floor":[118,2,177,177,22,54,74,93,117,117,146,146,146,166,166,267,267,285,295,295,114,128,128,128,145,145,145,145,145,157,175,175,278,278,297,297,297,309,309,309,343,343,343,359,359,210,210,242,242,242],"floor_reached":50,"playtime":1745,"items_purged":["Doubt","Parasite"],"score":859,"play_id":"b1d0bd05-d842-497b-a319-e81d0f193340","local_time":"20190309095617","is_ascension_mode":true,"campfire_choices":[{"data":"Infinite Blades","floor":10.0,"key":"SMITH"},{"data":"Cloak And Dagger","floor":15.0,"key":"SMITH"},{"floor":23,"key":"REST"},{"data":"Phantasmal Killer","floor":29,"key":"SMITH"},{"data":"Ghostly","floor":32,"key":"SMITH"},{"floor":40,"key":"RECALL"},{"floor":42,"key":"REST"},{"data":"Phantasmal Killer","floor":49,"key":"SMITH"}],"neow_cost":"NONE","seed_source_timestamp":1086782346201186,"circlet_count":0,"master_deck":["AscendersBane","Defend_G+1","Defend_G+1","Defend_G+1","Defend_G+1","Defend_G+1","Strike_G+1","Strike_G+1","Strike_G+1","Survivor+1","Neutralize+1","Infinite Blades+1","Cloak And Dagger+1","Accuracy+1","Quick Slash+1","Blade Dance+1","Masterful Stab+1","Glass Knife+1","Cloak And Dagger+1","Phantasmal Killer+1","Backstab+1","Calculated Gamble+1","Noxious Fumes+1","Ghostly+1","Ghostly+1","Ghostly+1","Ghostly+1","Ghostly+1","Tools of the Trade+1","Accuracy+1","Bullet Time+1","Phantasmal Killer+1"],"special_seed":0,"relics":["WristBlade","PreservedInsect","Juzu Bracelet","Bag of Preparation","Odd Mushroom","Runic Dome","Darkstone Periapt","Cursed Key","Mark of the Bloom","Gremlin Horn","Bottled Lightning","Bird Faced Urn"],"potions_floor_usage":[16,16,33,44,50],"damage_taken":[{"damage":3.0,"enemies":"2 Louse","floor":1.0,"turns":4.0},{"damage":29.0,"enemies":"Gremlin Nob","floor":6.0,"turns":5.0},{"damage":0.0,"enemies":"Jaw Worm","floor":7.0,"turns":2.0},{"damage":5.0,"enemies":"Cultist","floor":8.0,"turns":4.0},{"damage":0.0,"enemies":"The Mushroom Lair","floor":11.0,"turns":3.0},{"damage":0.0,"enemies":"3 Louse","floor":14.0,"turns":3.0},{"damage":40,"enemies":"The Guardian","floor":16,"turns":10},{"damage":6,"enemies":"Spheric Guardian","floor":18,"turns":3},{"damage":11,"enemies":"Chosen","floor":19,"turns":4},{"damage":31,"enemies":"Centurion and Healer","floor":22,"turns":4},{"damage":1,"enemies":"Snecko","floor":25,"turns":5},{"damage":1,"enemies":"Shelled Parasite and Fungi","floor":30,"turns":5},{"damage":0,"enemies":"Centurion and Healer","floor":31,"turns":4},{"damage":2,"enemies":"Collector","floor":33,"turns":8},{"damage":0,"enemies":"3 Shapes","floor":35,"turns":3},{"damage":1,"enemies":"Orb Walker","floor":38,"turns":2},{"damage":1,"enemies":"Giant Head","floor":41,"turns":4},{"damage":8,"enemies":"Writhing Mass","floor":44,"turns":5},{"damage":0,"enemies":"Reptomancer","floor":48,"turns":4},{"damage":24,"enemies":"Time Eater","floor":50,"turns":3}],"seed_played":"-936003589366185875","potions_obtained":[{"floor":6.0,"key":"SteroidPotion"},{"floor":11.0,"key":"GhostInAJar"},{"floor":16,"key":"LiquidBronze"},{"floor":18,"key":"Energy Potion"},{"floor":22,"key":"PowerPotion"},{"floor":25,"key":"GhostInAJar"},{"floor":41,"key":"Block Potion"}],"is_trial":false,"path_per_floor":["M","$","?","?","$","E","M","M","T","R","?","?","?","M","R","B",null,"M","M","?","$","M","R","?","M","T","$","?","R","M","M","R","B",null,"M","?","?","M","?","R","E","R","T","M","?","$","?","E","R","B"],"character_chosen":"THE_SILENT","items_purchased":["Cloak And Dagger","Accuracy","PreservedInsect","Calculated Gamble","Noxious Fumes","Dexterity Potion"],"campfire_rested":2,"item_purchase_floors":[2,2,5,21,21,46],"current_hp_per_floor":[60,60,60,60,60,31,31,26,26,26,26,26,49,49,49,9,55,49,38,38,38,7,28,28,27,27,27,27,27,26,26,26,24,32,32,32,32,31,31,31,30,30,30,22,22,22,22,22,22,0],"gold":242,"neow_bonus":"BOSS_RELIC","is_prod":false,"is_daily":false,"chose_seed":false,"campfire_upgraded":5,"win_rate":0,"timestamp":1552085777,"path_taken":["M","$","?","?","$","E","M","M","T","R","?","?","?","M","R","BOSS","M","M","?","?","M","R","?","M","T","$","?","R","M","M","R","BOSS","M","?","?","M","?","R","E","R","T","M","?","$","?","E","R","BOSS"],"build_version":"2019-01-23","purchased_purges":2,"victory":false,"max_hp_per_floor":[70,70,70,70,70,70,70,70,70,70,70,70,70,70,70,70,70,70,70,70,70,70,70,35,35,35,35,35,35,35,35,35,35,35,35,35,35,35,35,35,35,35,41,41,41,38,38,38,38,38],"card_choices":[{"not_picked":["Dagger Spray","Reflex"],"picked":"Infinite Blades","floor":1.0},{"not_picked":["Deflect","Bouncing Flask"],"picked":"Quick Slash","floor":6.0},{"not_picked":["Flechettes","Reflex","Heel Hook"],"picked":"SKIP","floor":7.0},{"not_picked":["Tactician","Masterful Stab"],"picked":"Blade Dance","floor":8.0},{"not_picked":["Distraction","Underhanded Strike"],"picked":"Masterful Stab","floor":11.0},{"not_picked":["Backflip","Deadly Poison"],"picked":"Cloak And Dagger","floor":14.0},{"not_picked":["Tools of the Trade","Die Die Die"],"picked":"Phantasmal Killer","floor":16},{"not_picked":["Crippling Poison","Underhanded Strike"],"picked":"Backstab","floor":18},{"not_picked":["Acrobatics","Masterful Stab","PiercingWail"],"picked":"SKIP","floor":19},{"not_picked":["Blur","Dagger Spray","PiercingWail"],"picked":"SKIP","floor":22},{"not_picked":["Predator","Acrobatics","Bouncing Flask+1"],"picked":"SKIP","floor":25},{"not_picked":["Choke","Finisher","Slice+1"],"picked":"SKIP","floor":30},{"not_picked":["Phantasmal Killer","Predator"],"picked":"Accuracy","floor":31},{"not_picked":["Venomology","Grand Finale"],"picked":"Bullet Time","floor":33},{"not_picked":["Underhanded Strike","Endless Agony+1","Tactician+1"],"picked":"SKIP","floor":35},{"not_picked":["Finisher","Endless Agony+1","Choke"],"picked":"SKIP","floor":38},{"not_picked":["Bane+1","Predator","Distraction"],"picked":"SKIP","floor":41},{"not_picked":["Flying Knee","Masterful Stab+1","Dagger Throw"],"picked":"SKIP","floor":44},{"not_picked":["Blade Dance","Phantasmal Killer","Tools of the Trade"],"picked":"SKIP","floor":48},{"not_picked":["Blade Dance","Tools of the Trade"],"picked":"Phantasmal Killer","floor":48}],"player_experience":751766,"relics_obtained":[{"floor":6.0,"key":"Juzu Bracelet"},{"floor":9.0,"key":"Bag of Preparation"},{"floor":11.0,"key":"Odd Mushroom"},{"floor":26,"key":"Darkstone Periapt"},{"floor":41,"key":"Gremlin Horn"},{"floor":43,"key":"Bottled Lightning"},{"floor":48,"key":"Bird Faced Urn"}],"event_choices":[{"damage_healed":0.0,"max_hp_gain":0.0,"max_hp_loss":0.0,"gold_gain":175.0,"event_name":"Liars Game","player_choice":"AGREE","floor":3.0,"gold_loss":0.0,"damage_taken":0.0,"cards_obtained":["Doubt"]},{"damage_healed":0.0,"max_hp_gain":0.0,"max_hp_loss":0.0,"gold_gain":0.0,"event_name":"Living Wall","player_choice":"Grow","floor":4.0,"gold_loss":0.0,"damage_taken":0.0,"cards_upgraded":["Cloak And Dagger"]},{"damage_healed":0.0,"max_hp_gain":0.0,"max_hp_loss":0.0,"gold_gain":0.0,"event_name":"Mushrooms","player_choice":"Fought Mushrooms","floor":11.0,"gold_loss":0.0,"damage_taken":0.0},{"damage_healed":0.0,"max_hp_gain":0.0,"max_hp_loss":0.0,"gold_gain":0.0,"cards_transformed":["Strike_G"],"event_name":"Transmorgrifier","player_choice":"Transformed","floor":12.0,"gold_loss":0.0,"damage_taken":0.0,"cards_obtained":["Glass Knife"]},{"damage_healed":23.0,"max_hp_gain":0.0,"max_hp_loss":0.0,"gold_gain":0.0,"event_name":"Big Fish","player_choice":"Banana","floor":13.0,"gold_loss":0.0,"damage_taken":0.0},{"damage_healed":0,"gold_gain":0,"player_choice":"Bought 0 Potions","damage_taken":0,"max_hp_gain":0,"max_hp_loss":0,"event_name":"The Woman in Blue","floor":20,"gold_loss":0},{"damage_healed":0,"gold_gain":0,"player_choice":"Became a Ghost","damage_taken":0,"max_hp_gain":0,"max_hp_loss":35,"event_name":"Ghosts","floor":24,"gold_loss":0,"cards_obtained":["Ghostly","Ghostly","Ghostly","Ghostly","Ghostly"]},{"damage_healed":0,"gold_gain":0,"player_choice":"Read","damage_taken":0,"max_hp_gain":0,"max_hp_loss":0,"event_name":"The Library","floor":28,"gold_loss":0,"cards_obtained":["Tools of the Trade"]},{"damage_healed":0,"gold_gain":0,"player_choice":"Ignored","damage_taken":0,"max_hp_gain":0,"max_hp_loss":0,"event_name":"SecretPortal","floor":36,"gold_loss":0},{"damage_healed":0,"gold_gain":0,"player_choice":"Upgrade","damage_taken":0,"relics_obtained":["Mark of the Bloom"],"max_hp_gain":0,"max_hp_loss":0,"event_name":"MindBloom","floor":37,"gold_loss":0,"cards_upgraded":["Defend_G","Defend_G","Defend_G","Defend_G","Defend_G","Strike_G","Strike_G","Strike_G","Strike_G","Survivor","Neutralize","Accuracy","Quick Slash","Blade Dance","Masterful Stab","Glass Knife","Backstab","Calculated Gamble","Noxious Fumes","Ghostly","Ghostly","Ghostly","Ghostly","Tools of the Trade","Accuracy","Bullet Time"]},{"damage_healed":0,"gold_gain":0,"player_choice":"Ignored","damage_taken":0,"max_hp_gain":0,"max_hp_loss":0,"event_name":"Tomb of Lord Red Mask","floor":39,"gold_loss":0},{"damage_healed":0,"gold_gain":0,"player_choice":"Ignored","damage_taken":0,"max_hp_gain":0,"max_hp_loss":0,"event_name":"Mysterious Sphere","floor":45,"gold_loss":0},{"cards_removed":["Strike_G"],"damage_healed":0,"gold_gain":0,"player_choice":"Removed Attack","damage_taken":0,"max_hp_gain":0,"max_hp_loss":0,"event_name":"Falling","floor":47,"gold_loss":0}],"is_beta":false,"boss_relics":[{"not_picked":["Tiny House","Ectoplasm"],"picked":"Runic Dome"},{"not_picked":["Philosopher\u0027s Stone","Eternal Feather"],"picked":"Cursed Key"}],"items_purged_floors":[21,46],"is_endless":false,"potions_floor_spawned":[6,11,16,18,22,25,30,41,48],"killed_by":"Time Eater","ascension_level":12}