{"gold_per_floor":[110,10,185,185,199,199,199,213,213,213,98,98,98,108,108,208,208,221,240,140,152,162,162,177,177,177,177,197,197,18,18,18,18],"floor_reached":33,"playtime":2975,"items_purged":["Regret","Catalyst","Envenom"],"score":235,"play_id":"515d814d-5aa1-4912-9888-82ea8e6aa8f9","local_time":"20190306130430","is_ascension_mode":false,"campfire_choices":[{"data":"Neutralize","floor":6,"key":"SMITH"},{"data":"Cloak And Dagger","floor":10,"key":"SMITH"},{"data":"Infinite Blades","floor":12,"key":"SMITH"},{"data":"Blur","floor":15,"key":"SMITH"},{"data":"Glass Knife","floor":23,"key":"SMITH"},{"data":"Cloak And Dagger","floor":25,"key":"SMITH"},{"data":"Accuracy","floor":27,"key":"SMITH"},{"data":"Burst","floor":29,"key":"SMITH"},{"floor":32,"key":"REST"}],"neow_cost":"NONE","seed_source_timestamp":4583471618578,"circlet_count":0,"master_deck":["Survivor","Neutralize+1","Backstab","Cloak And Dagger+1","Acrobatics","Terror+1","Blur+1","Infinite Blades+1","Die Die Die","Dodge and Roll","Glass Knife+1","Predator","Distraction","Sucker Punch","Burst+1","Leg Sweep","Accuracy+1","Caltrops","Caltrops+1","Cloak And Dagger+1","Blade Dance"],"relics":["Ring of the Snake","NeowsBlessing","Bronze Scales","Sundial","Pandora\u0027s Box","Ornamental Fan","Bag of Preparation"],"potions_floor_usage":[21,21,21,33],"damage_taken":[{"damage":0,"enemies":"Jaw Worm","floor":1,"turns":1},{"damage":0,"enemies":"Cultist","floor":5,"turns":1},{"damage":0,"enemies":"Small Slimes","floor":8,"turns":1},{"damage":0,"enemies":"2 Fungi Beasts","floor":14,"turns":4},{"damage":68,"enemies":"Slime Boss","floor":16,"turns":17},{"damage":2,"enemies":"Chosen","floor":18,"turns":4},{"damage":11,"enemies":"2 Thieves","floor":19,"turns":3},{"damage":0,"enemies":"Snake Plant","floor":21,"turns":2},{"damage":10,"enemies":"Chosen and Byrds","floor":22,"turns":4},{"damage":14,"enemies":"Snecko","floor":24,"turns":4},{"damage":11,"enemies":"Snake Plant","floor":28,"turns":3},{"damage":49,"enemies":"Collector","floor":33,"turns":7}],"seed_played":"4241124229712387702","potions_obtained":[{"floor":16,"key":"Poison Potion"},{"floor":18,"key":"Energy Potion"},{"floor":19,"key":"Regen Potion"},{"floor":21,"key":"GamblersBrew"},{"floor":28,"key":"EssenceOfSteel"}],"is_trial":false,"path_per_floor":["M","$","?","?","M","R","?","M","T","R","$","R","?","M","R","B",null,"M","M","$","M","M","R","M","R","T","R","M","R","$","?","R","B"],"character_chosen":"THE_SILENT","items_purchased":["Cloak And Dagger","Acrobatics","Infinite Blades","Blade Dance"],"campfire_rested":1,"item_purchase_floors":[2,2,11,30],"current_hp_per_floor":[70,70,70,70,70,70,70,70,70,70,70,70,70,70,70,2,70,68,57,57,62,52,52,38,38,38,38,27,27,27,27,48,0],"gold":18,"neow_bonus":"THREE_ENEMY_KILL","is_prod":false,"is_daily":false,"chose_seed":false,"campfire_upgraded":8,"win_rate":0,"timestamp":1551906270,"path_taken":["M","$","?","?","?","R","?","M","T","R","$","R","?","M","R","BOSS","M","M","?","M","M","R","?","R","T","R","M","R","$","?","R","BOSS"],"build_version":"2019-01-23","purchased_purges":3,"victory":false,"max_hp_per_floor":[70,70,70,70,70,70,70,70,70,70,70,70,70,70,70,70,70,70,70,70,70,70,70,70,70,70,70,70,70,70,70,70,70],"card_choices":[{"not_picked":["PiercingWail","Poisoned Stab"],"picked":"Backstab","floor":1},{"not_picked":["Outmaneuver","Crippling Poison"],"picked":"Terror","floor":5},{"not_picked":["Acrobatics","Terror"],"picked":"Blur","floor":8},{"not_picked":["Crippling Poison","Calculated Gamble","Finisher"],"picked":"SKIP","floor":14},{"not_picked":["Glass Knife","Storm of Steel"],"picked":"Die Die Die","floor":16},{"not_picked":["Bane","Underhanded Strike","Prepared+1"],"picked":"SKIP","floor":18},{"not_picked":["Acrobatics+1","All Out Attack"],"picked":"Caltrops","floor":19},{"not_picked":["Dagger Spray","Slice","Bouncing Flask"],"picked":"SKIP","floor":21},{"not_picked":["Expertise","Acrobatics"],"picked":"Caltrops+1","floor":22},{"not_picked":["Accuracy","Underhanded Strike+1"],"picked":"Cloak And Dagger","floor":24},{"not_picked":["Bane","Heel Hook","Unload"],"picked":"SKIP","floor":28}],"player_experience":302495,"relics_obtained":[{"floor":9,"key":"Sundial"},{"floor":26,"key":"Ornamental Fan"},{"floor":31,"key":"Bag of Preparation"}],"event_choices":[{"damage_healed":0,"gold_gain":175,"player_choice":"AGREE","damage_taken":0,"max_hp_gain":0,"max_hp_loss":0,"event_name":"Liars Game","floor":3,"gold_loss":0,"cards_obtained":["Doubt"]},{"cards_removed":["Doubt"],"damage_healed":0,"gold_gain":0,"player_choice":"Removed Curses","damage_taken":0,"max_hp_gain":0,"max_hp_loss":0,"event_name":"Fountain of Cleansing","floor":4,"gold_loss":0},{"damage_healed":0,"gold_gain":0,"player_choice":"Box","damage_taken":0,"relics_obtained":["Bronze Scales"],"max_hp_gain":0,"max_hp_loss":0,"event_name":"Big Fish","floor":7,"gold_loss":0,"cards_obtained":["Regret"]},{"damage_healed":0,"gold_gain":0,"player_choice":"Upgraded","damage_taken":0,"max_hp_gain":0,"max_hp_loss":0,"event_name":"Upgrade Shrine","floor":13,"gold_loss":0,"cards_upgraded":["Terror"]},{"damage_healed":0,"gold_gain":0,"player_choice":"Relic","damage_taken":0,"max_hp_gain":0,"max_hp_loss":0,"event_name":"Wheel of Change","floor":31,"gold_loss":0}],"is_beta":false,"boss_relics":[{"not_picked":["White Beast Statue","Calling Bell"],"picked":"Pandora\u0027s Box"}],"items_purged_floors":[11,20,30],"is_endless":false,"potions_floor_spawned":[16,18,19,21,28],"killed_by":"Collector","ascension_level":0}