{"gold_per_floor":[369,369,9,9,21,48,48,60,115,115,127,159,170,186,186,259,259,273,273,116,116,142,142,159,44,122,156,156,173,15,15,15,92,92,104,104,0,17,28,28,28],"floor_reached":41,"playtime":2364,"items_purged":["Strike_B+1"],"score":712,"play_id":"2d65b291-cb32-476d-ba26-e19e288acc37","local_time":"20180727134425","is_ascension_mode":true,"campfire_choices":[{"floor":7,"key":"REST"},{"floor":10,"key":"REST"},{"data":"Steam","floor":15,"key":"SMITH"},{"data":"Electrodynamics","floor":23,"key":"SMITH"},{"data":"Defragment","floor":28,"key":"SMITH"},{"data":"Reinforced Body","floor":32,"key":"SMITH"},{"data":"Go for the Eyes","floor":40,"key":"SMITH"}],"neow_cost":"TEN_PERCENT_HP_LOSS","seed_source_timestamp":315764611112138,"circlet_count":0,"master_deck":["Strike_B+1","Strike_B+1","Strike_B+1","Defend_B+1","Defend_B+1","Defend_B+1","Defend_B+1","Zap","Dualcast","AscendersBane","Conserve Battery","Ball Lightning","Steam+1","Cold Snap","Rip and Tear","Electrodynamics+1","Chaos+1","Reinforced Body+1","Defragment+1","Echo Form","Defragment+1","Reboot","Go for the Eyes+1"],"relics":["Cracked Core","Membership Card","DataDisk","Lantern","Gremlin Horn","Tiny Chest","Ornamental Fan","Eternal Feather","Chemical X","Orichalcum","Letter Opener","Art of War","DollysMirror","Inserter","Blood Vial","Red Mask"],"potions_floor_usage":[16,33,41],"damage_taken":[{"damage":2,"enemies":"Jaw Worm","floor":1,"turns":5},{"damage":0,"enemies":"Cultist","floor":5,"turns":3},{"damage":29,"enemies":"Gremlin Nob","floor":6,"turns":4},{"damage":0,"enemies":"2 Louse","floor":8,"turns":2},{"damage":8,"enemies":"Exordium Thugs","floor":11,"turns":3},{"damage":5,"enemies":"3 Sentries","floor":12,"turns":6},{"damage":0,"enemies":"Lots of Slimes","floor":13,"turns":3},{"damage":5,"enemies":"Blue Slaver","floor":14,"turns":3},{"damage":10,"enemies":"Slime Boss","floor":16,"turns":9},{"damage":6,"enemies":"Shell Parasite","floor":18,"turns":6},{"damage":2,"enemies":"2 Thieves","floor":24,"turns":2},{"damage":28,"enemies":"Book of Stabbing","floor":27,"turns":6},{"damage":0,"enemies":"Centurion and Healer","floor":29,"turns":5},{"damage":14,"enemies":"Collector","floor":33,"turns":8},{"damage":21,"enemies":"Orb Walker","floor":35,"turns":4},{"damage":0,"enemies":"3 Shapes","floor":38,"turns":4},{"damage":6,"enemies":"Transient","floor":39,"turns":5},{"damage":56,"enemies":"Nemesis","floor":41,"turns":8}],"seed_played":"4685997041634060057","potions_obtained":[{"floor":6,"key":"EssenceOfSteel"},{"floor":11,"key":"LiquidBronze"},{"floor":12,"key":"Regen Potion"},{"floor":16,"key":"GamblersBrew"},{"floor":35,"key":"SpeedPotion"}],"is_trial":false,"path_per_floor":["M","?","$","?","M","E","R","M","T","R","M","E","M","M","R","B",null,"M","?","$","?","T","R","M","$","T","E","R","M","$","?","R","B",null,"M","T","?","M","M","R"],"character_chosen":"DEFECT","items_purchased":["Membership Card","DataDisk","Ball Lightning","Chemical X","Defragment","DollysMirror"],"campfire_rested":2,"item_purchase_floors":[3,3,3,20,25,30],"current_hp_per_floor":[62,49,49,31,31,2,21,21,21,40,32,27,27,22,22,12,51,45,45,45,34,34,43,41,41,41,13,25,25,25,25,37,38,61,40,40,40,42,38,50,0],"gold":28,"neow_bonus":"TWO_FIFTY_GOLD","is_prod":false,"is_daily":false,"chose_seed":false,"campfire_upgraded":5,"win_rate":0,"timestamp":1532666665,"path_taken":["M","?","$","?","M","E","R","M","T","R","M","E","M","M","R","BOSS","M","?","$","?","?","R","M","$","T","E","R","?","$","?","R","BOSS","M","?","?","M","M","R","E"],"build_version":"2018-07-26","purchased_purges":1,"victory":false,"max_hp_per_floor":[64,64,64,64,64,64,64,64,64,64,64,64,64,64,64,64,64,64,64,64,69,69,69,69,69,69,69,69,69,69,69,69,69,69,69,69,69,69,69,69,69],"card_choices":[{"not_picked":["Compile Driver","Skim"],"picked":"Conserve Battery","floor":1},{"not_picked":["Ball Lightning","Stack"],"picked":"Steam","floor":5},{"not_picked":["Stack","Gash"],"picked":"Cold Snap","floor":6},{"not_picked":["Leap","Sunder","Auto Shields"],"picked":"SKIP","floor":8},{"not_picked":["Stack","Aggregate","Cold Snap"],"picked":"SKIP","floor":11},{"not_picked":["Steam Power","Undo"],"picked":"Rip and Tear","floor":12},{"not_picked":["Beam Cell","BootSequence","Redo"],"picked":"SKIP","floor":13},{"not_picked":["Beam Cell","Doom and Gloom","Undo"],"picked":"SKIP","floor":14},{"not_picked":["Creative AI","Buffer"],"picked":"Electrodynamics","floor":16},{"not_picked":["Hello World","Chill"],"picked":"Chaos+1","floor":18},{"not_picked":["Leap","Conserve Battery"],"picked":"Reinforced Body","floor":24},{"not_picked":["White Noise","Stack"],"picked":"Echo Form","floor":27},{"not_picked":["Barrage","Blizzard","Consume"],"picked":"SKIP","floor":29},{"not_picked":["Hyperbeam","Rainbow"],"picked":"Reboot","floor":33},{"not_picked":["Steam Power+1","Storm"],"picked":"Go for the Eyes","floor":35},{"not_picked":["Stack","Turbo","Streamline"],"picked":"SKIP","floor":38},{"not_picked":["Steam Power","Rip and Tear","Redo"],"picked":"SKIP","floor":39}],"player_experience":553176,"relics_obtained":[{"floor":6,"key":"Gremlin Horn"},{"floor":9,"key":"Tiny Chest"},{"floor":12,"key":"Ornamental Fan"},{"floor":22,"key":"Orichalcum"},{"floor":26,"key":"Letter Opener"},{"floor":27,"key":"Art of War"},{"floor":36,"key":"Blood Vial"}],"event_choices":[{"event_name":"Shining Light","player_choice":"Entered Light","floor":2,"damage_taken":0},{"event_name":"Scrap Ooze","player_choice":"success","floor":4,"damage_taken":18},{"event_name":"Back to Basics","player_choice":"Simplicity","floor":19,"damage_taken":0},{"event_name":"Forgotten Altar","player_choice":"Shed Blood","floor":21,"damage_taken":0},{"event_name":"N\u0027loth","player_choice":"Ignored","floor":31,"damage_taken":0},{"event_name":"Tomb of Lord Red Mask","player_choice":"Paid","floor":37,"damage_taken":0}],"is_beta":false,"boss_relics":[{"not_picked":["Cursed Key","Philosopher\u0027s Stone"],"picked":"Eternal Feather"},{"not_picked":["Black Star","Sozu"],"picked":"Inserter"}],"items_purged_floors":[25],"is_endless":false,"potions_floor_spawned":[6,11,12,16,24,29,35],"killed_by":"Nemesis","ascension_level":14}