{"path_per_floor":["M","M","M","M","?","E","R","E","T","E","$","?","M","M","R"],"character_chosen":"IRONCLAD","items_purchased":["Bag of Marbles","Armaments"],"gold_per_floor":[109,122,142,155,155,186,186,216,216,249,59,59,70,85,85,85],"floor_reached":16,"campfire_rested":0,"playtime":879,"current_hp_per_floor":[75,80,77,55,55,37,37,15,15,15,15,20,29,36,36,0],"items_purged":[],"gold":85,"score":226,"play_id":"84f32a6d-503f-489e-bcbe-5231e0329d3f","local_time":"20180425211014","is_prod":false,"is_daily":false,"chose_seed":false,"is_ascension_mode":true,"campfire_upgraded":2,"timestamp":1524683414,"path_taken":["M","M","M","M","?","E","R","E","T","E","$","?","M","M","R","BOSS"],"build_version":"2018-04-19","seed_source_timestamp":219900184329284,"purchased_purges":0,"victory":false,"master_deck":["Strike_R","Strike_R","Strike_R","Strike_R","Defend_R","Defend_R","Defend_R","Defend_R","Bash+1","AscendersBane","Iron Wave","Anger","Thunderclap","Sword Boomerang","Feed+1","Headbutt","Armaments+1","Reaper"],"max_hp_per_floor":[80,80,80,80,80,80,80,82,82,84,84,89,93,95,95,95],"relics":["Burning Blood","Singing Bowl","Kunai","Peace Pipe","Torii","Bag of Marbles"],"card_choices":[{"not_picked":["Searing Blow","Second Wind"],"picked":"Iron Wave","floor":1},{"not_picked":["Warcry","Perfected Strike"],"picked":"Anger","floor":2},{"not_picked":["Armaments","Iron Wave"],"picked":"Thunderclap","floor":3},{"not_picked":["Bloodletting","Thunderclap"],"picked":"Sword Boomerang","floor":4},{"not_picked":["Wild Strike","Whirlwind"],"picked":"Headbutt","floor":6},{"not_picked":["Sword Boomerang","Twin Strike"],"picked":"Reaper","floor":13}],"player_experience":438918,"potions_floor_usage":[10,10,16],"damage_taken":[{"damage":3,"enemies":"2 Louse","floor":1,"turns":3},{"damage":0,"enemies":"Cultist","floor":2,"turns":3},{"damage":9,"enemies":"Jaw Worm","floor":3,"turns":3},{"damage":28,"enemies":"Exordium Thugs","floor":4,"turns":4},{"damage":24,"enemies":"Gremlin Nob","floor":6,"turns":4},{"damage":30,"enemies":"Lagavulin","floor":8,"turns":5},{"damage":8,"enemies":"3 Sentries","floor":10,"turns":8},{"damage":1,"enemies":"3 Louse","floor":13,"turns":2},{"damage":1,"enemies":"Exordium Wildlife","floor":14,"turns":3},{"damage":43,"enemies":"Hexaghost","floor":16,"turns":9}],"event_choices":[{"event_name":"Living Wall","player_choice":"Change","floor":5,"damage_taken":0},{"event_name":"Big Fish","player_choice":"Donut","floor":12,"damage_taken":0}],"boss_relics":[],"potions_floor_spawned":[1,4,13],"seed_played":"2791768620391404349","killed_by":"Hexaghost","ascension_level":13,"is_trial":false}