{"gold_per_floor":[11,86,106,116,136,171,171,181,181,210,210,226,22,47,47,142,142,142,142,128,403,264,264,292,292,292,304,334,334,350,363,363,461,461,477,477,495,512,612,612,623,38,38,70,70,97,97,0,0,0],"floor_reached":50,"playtime":3871,"items_purged":["Strike_B","Strike_B","Strike_B"],"score":694,"play_id":"613d7977-d773-46fb-a1d5-1b5196df02e3","local_time":"20190226114333","is_ascension_mode":true,"campfire_choices":[{"floor":7,"key":"RECALL"},{"floor":15,"key":"REST"},{"data":"Storm","floor":23,"key":"SMITH"},{"data":"Hello World","floor":25,"key":"SMITH"},{"floor":29,"key":"REST"},{"data":"Creative AI","floor":32,"key":"SMITH"},{"data":"Thunder Strike","floor":40,"key":"SMITH"},{"data":"Defragment","floor":45,"key":"SMITH"},{"data":"Glacier","floor":47,"key":"SMITH"},{"floor":49,"key":"REST"}],"neow_cost":"NO_GOLD","seed_source_timestamp":40526753534573,"circlet_count":0,"master_deck":["Strike_B","Defend_B","Defend_B","Defend_B","Defend_B","Zap","Dualcast","Glacier+1","Cold Snap","Defragment+1","Ball Lightning","FTL","Streamline","Bandage Up+1","Cold Snap","Machine Learning","FTL","Self Repair","Coolheaded+1","Hello World+1","Hologram+1","Storm+1","Static Discharge","Creative AI+1","Conserve Battery+1","Thunder Strike+1","Beam Cell+1","Coolheaded+1","Sweeping Beam","Capacitor"],"relics":["Cracked Core","Toxic Egg 2","Omamori","Mummified Hand","Orrery","Oddly Smooth Stone","The Courier","Blue Candle","Philosopher\u0027s Stone","WarpedTongs","Singing Bowl","Letter Opener","Molten Egg 2","Mercury Hourglass","FossilizedHelix","Red Mask"],"potions_floor_usage":[6,16,16,24,31,33,37,41,44,50],"damage_taken":[{"damage":2,"enemies":"Jaw Worm","floor":1,"turns":3},{"damage":3,"enemies":"Small Slimes","floor":3,"turns":4},{"damage":0,"enemies":"Cultist","floor":4,"turns":3},{"damage":3,"enemies":"Blue Slaver","floor":5,"turns":3},{"damage":5,"enemies":"3 Sentries","floor":6,"turns":9},{"damage":28,"enemies":"Gremlin Gang","floor":8,"turns":6},{"damage":5,"enemies":"Gremlin Nob","floor":10,"turns":5},{"damage":3,"enemies":"2 Fungi Beasts","floor":12,"turns":3},{"damage":12,"enemies":"3 Sentries","floor":14,"turns":11},{"damage":17,"enemies":"The Guardian","floor":16,"turns":8},{"damage":8,"enemies":"Shell Parasite","floor":18,"turns":6},{"damage":22,"enemies":"2 Thieves","floor":20,"turns":4},{"damage":44,"enemies":"Book of Stabbing","floor":24,"turns":7},{"damage":10,"enemies":"Snake Plant","floor":27,"turns":3},{"damage":26,"enemies":"Slavers","floor":28,"turns":6},{"damage":6,"enemies":"Snecko","floor":30,"turns":4},{"damage":3,"enemies":"Centurion and Healer","floor":31,"turns":6},{"damage":93,"enemies":"Collector","floor":33,"turns":10},{"damage":12,"enemies":"Orb Walker","floor":35,"turns":4},{"damage":24,"enemies":"3 Darklings","floor":37,"turns":3},{"damage":22,"enemies":"Sphere and 2 Shapes","floor":38,"turns":4},{"damage":20,"enemies":"4 Shapes","floor":41,"turns":3},{"damage":0,"enemies":"Giant Head","floor":44,"turns":4},{"damage":17,"enemies":"Nemesis","floor":46,"turns":7},{"damage":107,"enemies":"Awakened One","floor":50,"turns":6}],"seed_played":"-427162179297973399","potions_obtained":[{"floor":4,"key":"FocusPotion"},{"floor":12,"key":"Poison Potion"},{"floor":14,"key":"AttackPotion"},{"floor":20,"key":"Regen Potion"},{"floor":24,"key":"SpeedPotion"},{"floor":28,"key":"GamblersBrew"},{"floor":33,"key":"LiquidBronze"},{"floor":38,"key":"Explosive Potion"},{"floor":41,"key":"Regen Potion"},{"floor":46,"key":"SteroidPotion"}],"is_trial":false,"path_per_floor":["M","?","M","M","M","E","R","M","T","E","?","M","$","E","R","B",null,"M","?","M","?","$","R","E","R","T","M","E","R","M","M","R","B",null,"M","?","M","M","?","R","M","$","T","E","R","E","R","?","R","B"],"character_chosen":"DEFECT","items_purchased":["Bandage Up+1","Cold Snap","Storm","Sweeping Beam","Singing Bowl","Letter Opener","Capacitor"],"campfire_rested":3,"item_purchase_floors":[13,13,22,42,42,42,42],"current_hp_per_floor":[87,76,73,73,70,65,65,37,37,32,32,29,29,23,49,38,89,89,89,74,74,74,74,58,58,58,61,48,74,81,89,89,9,89,84,84,67,61,61,61,47,47,47,64,64,62,62,62,89,0],"gold":0,"neow_bonus":"TWENTY_PERCENT_HP_BONUS","is_prod":false,"is_daily":false,"chose_seed":false,"campfire_upgraded":6,"win_rate":0,"timestamp":1551192213,"path_taken":["M","?","M","M","M","E","R","M","T","E","?","M","$","E","R","BOSS","M","?","?","?","$","R","E","R","T","M","E","R","?","M","R","BOSS","M","?","M","?","?","R","?","$","T","E","R","E","R","?","R","BOSS"],"build_version":"2019-01-23","purchased_purges":3,"victory":false,"max_hp_per_floor":[89,89,89,89,89,89,89,89,89,89,89,89,89,89,89,89,89,89,89,89,89,89,89,89,89,89,89,89,89,89,89,89,89,89,89,89,89,89,89,89,89,89,89,91,91,93,93,93,93,93],"card_choices":[{"not_picked":["Stack","Rebound"],"picked":"Glacier","floor":1},{"not_picked":["Turbo","Beam Cell"],"picked":"Cold Snap","floor":3},{"not_picked":["Compile Driver","Undo","Steam"],"picked":"SKIP","floor":4},{"not_picked":["Go for the Eyes","Doom and Gloom","Fusion"],"picked":"SKIP","floor":5},{"not_picked":["Gash","Consume"],"picked":"Defragment","floor":6},{"not_picked":["Stack+1","Auto Shields+1"],"picked":"Ball Lightning","floor":8},{"not_picked":["Fission+1","Chaos+1"],"picked":"FTL","floor":10},{"not_picked":["Compile Driver","Conserve Battery+1"],"picked":"Streamline","floor":12},{"not_picked":["Stack+1","Barrage","Reprogram+1"],"picked":"SKIP","floor":14},{"not_picked":["Rainbow+1","Seek+1"],"picked":"Machine Learning","floor":16},{"not_picked":["Steam+1","Heatsinks"],"picked":"FTL","floor":17},{"not_picked":["Barrage","Melter"],"picked":"Self Repair","floor":17},{"not_picked":["Rebound","Sweeping Beam"],"picked":"Coolheaded+1","floor":17},{"not_picked":["Scrape","Hologram+1"],"picked":"Hello World","floor":17},{"not_picked":["Steam+1","Skim+1"],"picked":"Hologram+1","floor":17},{"not_picked":["Gash","Redo+1","Skim+1"],"picked":"SKIP","floor":18},{"not_picked":["Auto Shields+1","Rebound","Hologram+1"],"picked":"SKIP","floor":20},{"not_picked":["Stack+1","Fusion+1"],"picked":"Static Discharge","floor":24},{"not_picked":["Rebound","Steam+1","Heatsinks"],"picked":"SKIP","floor":27},{"not_picked":["Leap+1","Gash"],"picked":"Creative AI","floor":28},{"not_picked":["Melter","Sweeping Beam+1","Turbo+1"],"picked":"SKIP","floor":30},{"not_picked":["Static Discharge+1","Redo+1"],"picked":"Conserve Battery+1","floor":31},{"not_picked":["Echo Form","Creative AI"],"picked":"Thunder Strike","floor":33},{"not_picked":["BootSequence+1","Glacier+1"],"picked":"Beam Cell+1","floor":35},{"not_picked":["Steam+1","Static Discharge","Turbo+1"],"picked":"SKIP","floor":37},{"not_picked":["Streamline","Coolheaded+1","Beam Cell+1"],"picked":"SKIP","floor":38},{"not_picked":["Hyperbeam","Rebound+1"],"picked":"Coolheaded+1","floor":41},{"not_picked":["Gash+1","Barrage+1","Lockon+1"],"picked":"Singing Bowl","floor":44},{"not_picked":["Glacier+1","Melter+1","Static Discharge"],"picked":"Singing Bowl","floor":46}],"player_experience":130252,"relics_obtained":[{"floor":6,"key":"Toxic Egg 2"},{"floor":10,"key":"Omamori"},{"floor":14,"key":"Mummified Hand"},{"floor":24,"key":"Oddly Smooth Stone"},{"floor":26,"key":"The Courier"},{"floor":28,"key":"Blue Candle"},{"floor":43,"key":"Molten Egg 2"},{"floor":44,"key":"Mercury Hourglass"},{"floor":46,"key":"FossilizedHelix"}],"event_choices":[{"damage_healed":0,"gold_gain":75,"player_choice":"Gather Gold","damage_taken":11,"max_hp_gain":0,"max_hp_loss":0,"event_name":"World of Goop","floor":2,"gold_loss":0},{"damage_healed":0,"gold_gain":0,"player_choice":"Ignored","damage_taken":0,"max_hp_gain":0,"max_hp_loss":0,"event_name":"Shining Light","floor":11,"gold_loss":0},{"damage_healed":0,"gold_gain":0,"player_choice":"Full Heal","damage_taken":0,"max_hp_gain":0,"max_hp_loss":0,"event_name":"Wheel of Change","floor":19,"gold_loss":0},{"damage_healed":0,"gold_gain":275,"player_choice":"Desecrate","damage_taken":0,"max_hp_gain":0,"max_hp_loss":0,"event_name":"Golden Shrine","floor":21,"gold_loss":0,"cards_obtained":["Regret"]},{"damage_healed":0,"gold_gain":0,"player_choice":"Rummage","damage_taken":0,"relics_obtained":["WarpedTongs"],"max_hp_gain":0,"max_hp_loss":0,"event_name":"Accursed Blacksmith","floor":36,"gold_loss":0,"cards_obtained":["Pain"]},{"damage_healed":0,"gold_gain":100,"player_choice":"Pray","damage_taken":0,"max_hp_gain":0,"max_hp_loss":0,"event_name":"Golden Shrine","floor":39,"gold_loss":0},{"damage_healed":0,"gold_gain":0,"player_choice":"Paid","damage_taken":0,"relics_obtained":["Red Mask"],"max_hp_gain":0,"max_hp_loss":0,"event_name":"Tomb of Lord Red Mask","floor":48,"gold_loss":97}],"is_beta":false,"boss_relics":[{"not_picked":["Pandora\u0027s Box","Runic Pyramid"],"picked":"Orrery"},{"not_picked":["Inserter","Black Star"],"picked":"Philosopher\u0027s Stone"}],"items_purged_floors":[13,22,42],"is_endless":false,"potions_floor_spawned":[4,12,14,20,24,28,33,38,41,46],"killed_by":"Awakened One","ascension_level":2}