{"gold_per_floor":[112,127,23,23,23,23,57,57,57,90,101,113,169,181,181,181],"floor_reached":16,"playtime":981,"items_purged":[],"score":257,"play_id":"77f89a84-31c9-4fce-8522-ce7a4f6b13d3","local_time":"20190117202312","is_ascension_mode":true,"campfire_choices":[{"data":"Ball Lightning","floor":6,"key":"SMITH"},{"data":"Lockon","floor":8,"key":"SMITH"},{"data":"Creative AI","floor":15,"key":"SMITH"}],"neow_cost":"NONE","seed_source_timestamp":618936411933000,"circlet_count":0,"master_deck":["AscendersBane","Strike_B","Strike_B","Strike_B","Strike_B","Defend_B","Defend_B","Defend_B","Defend_B","Zap","Dualcast","Ball Lightning+1","Hello World","Conserve Battery","Gash","Lockon+1","White Noise","Creative AI+1","Heatsinks","Lockon","Compile Driver"],"relics":["Cracked Core","NeowsBlessing","Happy Flower","Mercury Hourglass","Oddly Smooth Stone","Symbiotic Virus"],"potions_floor_usage":[4,13,13,16],"damage_taken":[{"damage":0,"enemies":"Small Slimes","floor":1,"turns":1},{"damage":0,"enemies":"Cultist","floor":2,"turns":1},{"damage":0,"enemies":"Gremlin Nob","floor":7,"turns":1},{"damage":16,"enemies":"Lagavulin","floor":10,"turns":5},{"damage":12,"enemies":"Jaw Worm","floor":11,"turns":2},{"damage":0,"enemies":"Blue Slaver","floor":12,"turns":2},{"damage":14,"enemies":"3 Sentries","floor":13,"turns":5},{"damage":0,"enemies":"Exordium Wildlife","floor":14,"turns":2},{"damage":28,"enemies":"The Guardian","floor":16,"turns":2}],"seed_played":"6850881275299548680","potions_obtained":[{"floor":2,"key":"Poison Potion"},{"floor":4,"key":"SneckoOil"},{"floor":4,"key":"Fruit Juice"},{"floor":7,"key":"Dexterity Potion"},{"floor":13,"key":"SneckoOil"}],"is_trial":false,"path_per_floor":["M","M","$","?","$","R","E","R","T","E","M","M","?","M","R","B"],"character_chosen":"DEFECT","items_purchased":["Conserve Battery","Gash"],"campfire_rested":0,"item_purchase_floors":[3,3],"current_hp_per_floor":[64,64,64,69,69,69,69,69,69,53,41,41,27,27,27,0],"gold":181,"neow_bonus":"THREE_ENEMY_KILL","is_prod":false,"is_daily":false,"chose_seed":false,"campfire_upgraded":3,"win_rate":0,"timestamp":1547785392,"path_taken":["M","M","$","?","$","R","E","R","T","E","M","?","?","M","R","BOSS"],"build_version":"2019-01-17","purchased_purges":0,"victory":false,"max_hp_per_floor":[71,71,71,76,76,76,76,76,76,76,76,76,76,76,76,76],"card_choices":[{"not_picked":["Gash","Leap"],"picked":"Ball Lightning","floor":1},{"not_picked":["Turbo","Blizzard"],"picked":"Hello World","floor":2},{"not_picked":["Double Energy","Steam"],"picked":"Lockon","floor":7},{"not_picked":["Barrage","Chill"],"picked":"White Noise","floor":10},{"not_picked":["Conserve Battery","Stack"],"picked":"Creative AI","floor":11},{"not_picked":["Cold Snap","Barrage"],"picked":"Heatsinks","floor":12},{"not_picked":["Chill","Barrage"],"picked":"Lockon","floor":13},{"not_picked":["Genetic Algorithm","Darkness"],"picked":"Compile Driver","floor":14}],"player_experience":521916,"relics_obtained":[{"floor":7,"key":"Happy Flower"},{"floor":9,"key":"Mercury Hourglass"},{"floor":10,"key":"Oddly Smooth Stone"},{"floor":13,"key":"Symbiotic Virus"}],"event_choices":[{"damage_healed":0,"gold_gain":0,"player_choice":"Got Potions","damage_taken":0,"max_hp_gain":0,"max_hp_loss":0,"event_name":"Lab","floor":4,"gold_loss":0},{"damage_healed":0,"gold_gain":0,"player_choice":"Searched \u00272\u0027 times","damage_taken":0,"max_hp_gain":0,"max_hp_loss":0,"event_name":"Dead Adventurer","floor":13,"gold_loss":0}],"is_beta":false,"boss_relics":[],"items_purged_floors":[],"is_endless":false,"potions_floor_spawned":[2,7,13],"killed_by":"The Guardian","ascension_level":18}