{"gold_per_floor":[361,375,30,30,50,50,15,15,40,40,4,16,16,30,30,127,127,143,418,328,346,346,346,243,261,261,261,290,28,28,55,55,159,159,171,171,35,35,35],"floor_reached":39,"playtime":1475,"items_purged":["Pain","Strike_B","Strike_B"],"score":594,"play_id":"6ad272dc-b684-4a04-9222-d7d83109ed72","local_time":"20180917125422","is_ascension_mode":true,"campfire_choices":[{"data":"Storm","floor":6,"key":"SMITH"},{"data":"Capacitor","floor":8,"key":"SMITH"},{"data":"Zap","floor":10,"key":"SMITH"},{"floor":15,"key":"REST"},{"data":"Thunder Strike","floor":23,"key":"SMITH"},{"data":"Storm","floor":27,"key":"SMITH"},{"data":"Consume","floor":32,"key":"SMITH"}],"neow_cost":"CURSE","seed_source_timestamp":239192499257025,"circlet_count":0,"master_deck":["Strike_B","Defend_B","Defend_B","Defend_B","Defend_B","Zap+1","Dualcast","Capacitor+1","Lockon","Storm+1","Leap","White Noise+1","Hello World","Force Field","Thunder Strike+1","Tempest+1","Ghostly","Ghostly","Ghostly","Ghostly","Ghostly","Storm+1","Lockon","Loop+1","Consume+1","Heatsinks+1","Bandage Up","Storm+1","Creative AI+1","Madness+1","Mayhem+1","Mayhem+1","Static Discharge+1","Madness+1","Madness+1"],"relics":["Cracked Core","Membership Card","Boot","Happy Flower","Eternal Feather","Art of War","Cables","Frozen Egg 2","Toxic Egg 2","Coffee Dripper","Lee\u0027s Waffle"],"potions_floor_usage":[],"damage_taken":[{"damage":4,"enemies":"Jaw Worm","floor":1,"turns":4},{"damage":4,"enemies":"Cultist","floor":2,"turns":3},{"damage":9,"enemies":"2 Louse","floor":5,"turns":3},{"damage":9,"enemies":"2 Fungi Beasts","floor":12,"turns":3},{"damage":20,"enemies":"Large Slime","floor":14,"turns":5},{"damage":25,"enemies":"Slime Boss","floor":16,"turns":9},{"damage":0,"enemies":"Chosen","floor":18,"turns":4},{"damage":0,"enemies":"Spheric Guardian","floor":21,"turns":3},{"damage":15,"enemies":"Centurion and Healer","floor":25,"turns":6},{"damage":2,"enemies":"Book of Stabbing","floor":28,"turns":5},{"damage":5,"enemies":"Gremlin Leader","floor":31,"turns":6},{"damage":3,"enemies":"Automaton","floor":33,"turns":7},{"damage":2,"enemies":"3 Shapes","floor":35,"turns":2},{"damage":47,"enemies":"3 Darklings","floor":39,"turns":2}],"seed_played":"-6968001089965437314","potions_obtained":[{"floor":1,"key":"Ancient Potion"},{"floor":14,"key":"Dexterity Potion"},{"floor":25,"key":"SteroidPotion"}],"is_trial":false,"path_per_floor":["M","M","$","?","M","R","$","R","T","R","$","M","?","M","R","B",null,"M","?","?","M","?","R","$","M","T","R","E","$","?","E","R","B",null,"M","?","$","?"],"character_chosen":"DEFECT","items_purchased":["Storm","Membership Card","White Noise","Hello World","Storm","Lockon","Frozen Egg 2","Heatsinks+1","Bandage Up","Static Discharge+1","Lee\u0027s Waffle"],"campfire_rested":1,"item_purchase_floors":[3,3,7,11,24,24,29,29,29,37,37],"current_hp_per_floor":[64,60,60,60,51,51,51,51,51,51,51,42,35,15,37,12,59,59,59,59,59,37,37,37,22,22,37,35,35,35,34,37,36,37,35,25,44,38,0],"gold":35,"neow_bonus":"TWO_FIFTY_GOLD","is_prod":false,"is_daily":false,"chose_seed":false,"campfire_upgraded":6,"win_rate":0,"timestamp":1537203262,"path_taken":["M","M","$","?","M","R","$","R","T","R","$","M","?","?","R","BOSS","M","?","?","M","?","R","$","M","T","R","E","$","?","E","R","BOSS","M","?","$","?","M"],"build_version":"2018-09-06","purchased_purges":3,"victory":false,"max_hp_per_floor":[75,75,75,75,75,75,75,75,75,75,75,75,75,75,75,75,75,75,75,75,75,37,37,37,37,37,37,37,37,37,37,37,37,37,37,37,44,44,44],"card_choices":[{"not_picked":["Go for the Eyes","Stack"],"picked":"Capacitor","floor":1},{"not_picked":["Tempest","BootSequence"],"picked":"Lockon","floor":2},{"not_picked":["Doom and Gloom","Turbo"],"picked":"Leap","floor":5},{"not_picked":["Hologram","Sweeping Beam","Stack"],"picked":"SKIP","floor":12},{"not_picked":["Leap","Turbo"],"picked":"Force Field","floor":14},{"not_picked":["Rainbow","Seek"],"picked":"Thunder Strike","floor":16},{"not_picked":["Cold Snap","Hologram"],"picked":"Tempest+1","floor":18},{"not_picked":["Steam","Coolheaded","Turbo"],"picked":"SKIP","floor":21},{"not_picked":["Glacier","Barrage"],"picked":"Loop+1","floor":25},{"not_picked":["Streamline","Sunder"],"picked":"Consume","floor":28},{"not_picked":["Beam Cell","Leap+1"],"picked":"Storm+1","floor":31},{"not_picked":["Reboot+1","Buffer+1"],"picked":"Creative AI+1","floor":33},{"not_picked":["Turbo+1","Steam+1","Reinforced Body+1"],"picked":"SKIP","floor":35},{"not_picked":["Flash of Steel","Trip+1"],"picked":"Madness+1","floor":36},{"not_picked":["Mind Blast","The Bomb+1"],"picked":"Mayhem+1","floor":36},{"not_picked":["Trip+1","Bandage Up+1"],"picked":"Mayhem+1","floor":36}],"player_experience":204655,"relics_obtained":[{"floor":9,"key":"Happy Flower"},{"floor":26,"key":"Art of War"},{"floor":28,"key":"Cables"},{"floor":31,"key":"Toxic Egg 2"}],"event_choices":[{"event_name":"WeMeetAgain","player_choice":"Potion","floor":4,"damage_taken":0},{"event_name":"Golden Wing","player_choice":"Card Removal","floor":13,"damage_taken":0},{"event_name":"Golden Shrine","player_choice":"Desecrate","floor":19,"damage_taken":0},{"event_name":"Designer","player_choice":"Full Service","floor":20,"damage_taken":0},{"event_name":"Ghosts","player_choice":"Became a Ghost","floor":22,"damage_taken":0},{"event_name":"Beggar","player_choice":"Ignored","floor":30,"damage_taken":0},{"event_name":"SensoryStone","player_choice":"Memory 3","floor":36,"damage_taken":0},{"event_name":"Winding Halls","player_choice":"Embrace Madness","floor":38,"damage_taken":0}],"is_beta":false,"boss_relics":[{"not_picked":["Pandora\u0027s Box","White Beast Statue"],"picked":"Eternal Feather"},{"not_picked":["Snecko Eye","Lizard Tail"],"picked":"Coffee Dripper"}],"items_purged_floors":[3,24,29],"is_endless":false,"potions_floor_spawned":[1,14,25],"killed_by":"3 Darklings","ascension_level":7}