{"path_per_floor":["M","?","$","?","?","R","M","R","T","E","$","M","M","?","R","B",null,"M","?","?","$","M","E","?","M","T"],"character_chosen":"DEFECT","items_purchased":[],"gold_per_floor":[15,15,15,90,90,90,104,104,104,136,61,73,90,40,40,140,140,156,156,156,56,69,98,98,112,112,112],"floor_reached":27,"campfire_rested":0,"playtime":1064,"item_purchase_floors":[],"current_hp_per_floor":[75,75,75,64,49,49,49,49,49,22,22,22,14,14,14,23,62,62,62,62,62,41,3,3,3,3,0],"items_purged":["Strike_B","Strike_B"],"gold":112,"score":311,"play_id":"bc7a4e95-c35c-45fa-bd88-fa29a0d6bafe","local_time":"20180523122618","is_prod":false,"is_daily":false,"chose_seed":false,"is_ascension_mode":true,"campfire_upgraded":0,"timestamp":1527045978,"campfire_choices":[{"floor":6,"key":"DIG"},{"floor":8,"key":"DIG"},{"floor":15,"key":"DIG"}],"path_taken":["M","?","$","?","?","R","M","R","T","E","$","M","?","?","R","BOSS","M","?","?","?","M","E","?","M","T","?"],"build_version":"2018-05-21v2","seed_source_timestamp":540500281969928,"purchased_purges":2,"victory":false,"master_deck":["Strike_B","Defend_B","Defend_B+1","Defend_B","Defend_B","Zap+1","Dualcast","Melter","Darkness","Hello World+1","Seek","Auto Shields","Go for the Eyes","Biased Cognition+1","FTL+1","Ball Lightning+1","Ghostly","Ghostly","Ghostly","Ghostly","Ghostly","Glacier","Doubt"],"max_hp_per_floor":[75,75,75,75,75,75,75,75,75,75,75,75,75,75,75,75,75,75,75,75,75,75,75,37,37,37,37],"relics":["Cracked Core","Shovel","Ornamental Fan","Pantograph","Frozen Egg 2","Centennial Puzzle","Emotion Chip","Cursed Key","Mummified Hand","Blue Candle"],"card_choices":[{"not_picked":["Capacitor","Rebound"],"picked":"Melter","floor":1},{"not_picked":["Reprogram","Capacitor"],"picked":"Hello World","floor":7},{"not_picked":["Turbo","Fusion"],"picked":"Seek","floor":10},{"not_picked":["Tempest","Reinforced Body"],"picked":"Auto Shields","floor":12},{"not_picked":["Coolheaded","Axe Kick"],"picked":"Go for the Eyes","floor":13},{"not_picked":["Hyperbeam","Fission"],"picked":"Biased Cognition+1","floor":16},{"not_picked":["Hologram","Go for the Eyes"],"picked":"FTL+1","floor":18},{"not_picked":["Go for the Eyes","Cold Snap+1"],"picked":"Ball Lightning+1","floor":22},{"not_picked":["Streamline","Sweeping Beam","Axe Kick+1"],"picked":"SKIP","floor":23},{"not_picked":["Capacitor+1","Fusion"],"picked":"Glacier","floor":25}],"player_experience":509194,"potions_floor_usage":[],"damage_taken":[{"damage":0,"enemies":"2 Louse","floor":1,"turns":2},{"damage":0,"enemies":"Cultist","floor":7,"turns":3},{"damage":27,"enemies":"3 Sentries","floor":10,"turns":7},{"damage":0,"enemies":"Jaw Worm","floor":12,"turns":2},{"damage":8,"enemies":"3 Louse","floor":13,"turns":3},{"damage":16,"enemies":"Hexaghost","floor":16,"turns":8},{"damage":0,"enemies":"Chosen","floor":18,"turns":4},{"damage":21,"enemies":"2 Thieves","floor":22,"turns":3},{"damage":38,"enemies":"Slavers","floor":23,"turns":5},{"damage":0,"enemies":"Snake Plant","floor":25,"turns":4},{"damage":3,"enemies":"Cultist and Chosen","floor":27,"turns":4}],"relics_obtained":[{"floor":6,"key":"Ornamental Fan"},{"floor":8,"key":"Pantograph"},{"floor":9,"key":"Frozen Egg 2"},{"floor":10,"key":"Centennial Puzzle"},{"floor":15,"key":"Emotion Chip"},{"floor":23,"key":"Mummified Hand"},{"floor":26,"key":"Blue Candle"}],"event_choices":[{"event_name":"Match and Keep!","player_choice":"1 cards matched","floor":2,"damage_taken":0},{"event_name":"World of Goop","player_choice":"Gather Gold","floor":4,"damage_taken":0},{"event_name":"Shining Light","player_choice":"Entered Light","floor":5,"damage_taken":0},{"event_name":"The Cleric","player_choice":"Card Removal","floor":14,"damage_taken":0},{"event_name":"Accursed Blacksmith","player_choice":"Forge","floor":19,"damage_taken":0},{"event_name":"Purifier","player_choice":"One Purge","floor":20,"damage_taken":0},{"event_name":"Ghosts","player_choice":"Became a Ghost","floor":24,"damage_taken":0}],"boss_relics":[{"not_picked":["Calling Bell","Runic Pyramid"],"picked":"Cursed Key"}],"items_purged_floors":[11,21],"potions_floor_spawned":[10,16,22,23],"seed_played":"-8336457419959994557","killed_by":"Cultist and Chosen","ascension_level":5,"potions_obtained":[{"floor":10,"key":"LiquidBronze"},{"floor":16,"key":"Strength Potion"},{"floor":22,"key":"Strength Potion"},{"floor":23,"key":"Dexterity Potion"}],"is_trial":false}