{"gold_per_floor":[113,13,13,27,27,27,55,55,80,105,125,125,138,171,171,269,269,292,342,357,30,51,51,72,105,130,10,24,65,65,98,98,188,188,201,215,548,12,0,32,32,65,65,65,78,111,156,156,156,156],"floor_reached":51,"playtime":3605,"items_purged":["Injury"],"score":2053,"play_id":"da7e078d-0732-493c-beb7-33d00dd534dc","local_time":"20180710200347","is_ascension_mode":true,"campfire_choices":[{"data":"Chaos","floor":6,"key":"SMITH"},{"data":"Defragment","floor":8,"key":"SMITH"},{"data":"Capacitor","floor":15,"key":"SMITH"},{"floor":23,"key":"REST"},{"floor":32,"key":"REST"},{"floor":41,"key":"REST"},{"floor":44,"key":"REST"},{"data":"Defend_B","floor":49,"key":"PURGE"}],"neow_cost":"NONE","seed_source_timestamp":152541350910659,"circlet_count":0,"master_deck":["Strike_B+1","Defend_B+1","Defend_B","Defend_B","Zap+1","Dualcast","AscendersBane","Chaos+1","Defragment+1","Go for the Eyes+1","Coolheaded","Chill","Capacitor+1","Leap","Hello World","Steam Power","Machine Learning","Genetic Algorithm","Self Repair","Barrage+1","Conserve Battery","Capacitor","Chill","Creative AI","Tempest+1","Buffer+1","Steam+1","Defragment+1","Thunder Strike","Hologram+1"],"relics":["Cracked Core","War Paint","Ancient Tea Set","DataDisk","Bag of Marbles","Peace Pipe","Fusion Hammer","Matryoshka","Whetstone","Happy Flower","Juzu Bracelet","Bottled Tornado","Singing Bowl","Astrolabe","DollysMirror","Bottled Lightning","Red Mask","Ornamental Fan","Question Card","Pen Nib","Letter Opener","Bag of Preparation","Calipers","Unceasing Top"],"potions_floor_usage":[7,16,25,29,29,40],"damage_taken":[{"damage":2,"enemies":"Jaw Worm","floor":1,"turns":3},{"damage":4,"enemies":"2 Louse","floor":4,"turns":3},{"damage":0,"enemies":"Lagavulin","floor":7,"turns":6},{"damage":0,"enemies":"3 Sentries","floor":10,"turns":6},{"damage":7,"enemies":"Small Slimes","floor":11,"turns":2},{"damage":0,"enemies":"Looter","floor":13,"turns":2},{"damage":0,"enemies":"Lagavulin","floor":14,"turns":7},{"damage":4,"enemies":"Hexaghost","floor":16,"turns":9},{"damage":7,"enemies":"Shell Parasite","floor":18,"turns":6},{"damage":12,"enemies":"Spheric Guardian","floor":20,"turns":4},{"damage":22,"enemies":"Snecko","floor":22,"turns":7},{"damage":0,"enemies":"Centurion and Healer","floor":24,"turns":9},{"damage":8,"enemies":"Gremlin Leader","floor":25,"turns":11},{"damage":35,"enemies":"Slaver and Parasite","floor":28,"turns":7},{"damage":24,"enemies":"Slavers","floor":29,"turns":9},{"damage":1,"enemies":"Book of Stabbing","floor":31,"turns":6},{"damage":29,"enemies":"Collector","floor":33,"turns":16},{"damage":15,"enemies":"Orb Walker","floor":35,"turns":4},{"damage":26,"enemies":"3 Darklings","floor":36,"turns":6},{"damage":23,"enemies":"2 Orb Walkers","floor":40,"turns":5},{"damage":0,"enemies":"Giant Head","floor":42,"turns":9},{"damage":0,"enemies":"4 Shapes","floor":45,"turns":5},{"damage":14,"enemies":"2 Orb Walkers","floor":46,"turns":6},{"damage":11,"floor":47,"turns":4},{"damage":0,"floor":48,"turns":8},{"damage":0,"enemies":"Time Eater","floor":50,"turns":13}],"seed_played":"4923315295115018076","potions_obtained":[{"floor":1,"key":"EssenceOfSteel"},{"floor":7,"key":"Dexterity Potion"},{"floor":11,"key":"FocusPotion"},{"floor":16,"key":"EssenceOfSteel"},{"floor":29,"key":"Energy Potion"},{"floor":46,"key":"Fire Potion"},{"floor":48,"key":"Block Potion"}],"is_trial":false,"path_per_floor":["M","$","?","M","$","R","E","R","T","E","M","?","M","E","R","B",null,"M","?","M","$","M","R","M","E","T","$","M","E","?","E","R","B",null,"M","M","?","$","?","E","R","E","T","R","M","E","?","?","R","B"],"character_chosen":"DEFECT","items_purchased":["Defragment","Go for the Eyes","Matryoshka","Self Repair","Capacitor","Strength Potion","DollysMirror","Bottled Lightning"],"campfire_rested":4,"item_purchase_floors":[2,2,21,21,27,27,38,38],"current_hp_per_floor":[62,62,62,58,58,58,58,58,58,58,51,51,51,51,51,47,65,58,58,46,46,31,52,59,58,58,58,30,13,13,21,42,20,60,54,37,37,37,37,23,46,55,55,79,81,74,72,81,81,85],"gold":156,"neow_bonus":"RANDOM_COMMON_RELIC","is_prod":false,"is_daily":false,"chose_seed":false,"campfire_upgraded":3,"win_rate":0,"timestamp":1531245827,"path_taken":["M","$","?","M","$","R","E","R","T","E","M","?","M","E","R","BOSS","M","?","M","$","M","R","M","E","T","$","M","E","?","E","R","BOSS","M","M","?","$","?","E","R","E","T","R","M","E","?","?","R","BOSS"],"build_version":"2018-07-05","purchased_purges":1,"victory":true,"max_hp_per_floor":[71,71,71,71,71,71,71,71,71,71,71,71,71,71,71,71,71,71,71,71,71,71,71,71,71,71,71,71,71,71,73,73,73,73,75,77,77,77,77,79,79,81,81,81,81,81,83,85,85,85],"card_choices":[{"not_picked":["Reinforced Body","Sweeping Beam"],"picked":"Chaos","floor":1},{"not_picked":["Darkness","Go for the Eyes"],"picked":"Coolheaded","floor":4},{"not_picked":["Doom and Gloom","Turbo"],"picked":"Chill","floor":7},{"not_picked":["BootSequence","Rip and Tear"],"picked":"Capacitor","floor":10},{"not_picked":["Redo","Aggregate"],"picked":"Leap","floor":11},{"not_picked":["Gash","Rebound"],"picked":"Hello World","floor":13},{"not_picked":["Sweeping Beam","Barrage"],"picked":"Steam Power","floor":14},{"not_picked":["Hyperbeam","Core Surge"],"picked":"Machine Learning","floor":16},{"not_picked":["Blizzard","Gash","Chill"],"picked":"SKIP","floor":18},{"not_picked":["Doom and Gloom","Heatsinks"],"picked":"Genetic Algorithm","floor":20},{"not_picked":["Rip and Tear","Go for the Eyes","Gash+1"],"picked":"SKIP","floor":22},{"not_picked":["Stack","Gash"],"picked":"Barrage","floor":24},{"not_picked":["Fusion","Storm"],"picked":"Conserve Battery","floor":25},{"not_picked":["FTL","Beam Cell"],"picked":"Chill","floor":28},{"not_picked":["Gash","Beam Cell","Lockon"],"picked":"SKIP","floor":29},{"not_picked":["Streamline","Storm","Stack"],"picked":"Singing Bowl","floor":31},{"not_picked":["Rainbow","Thunder Strike"],"picked":"Creative AI","floor":33},{"not_picked":["Chaos","Leap","Hologram"],"picked":"Singing Bowl","floor":35},{"not_picked":["Beam Cell","Genetic Algorithm","Coolheaded"],"picked":"Singing Bowl","floor":36},{"not_picked":["Turbo","Stack","Beam Cell"],"picked":"Singing Bowl","floor":40},{"not_picked":["Ball Lightning","Rip and Tear+1","Genetic Algorithm+1"],"picked":"Singing Bowl","floor":42},{"not_picked":["Barrage","Go for the Eyes","Reprogram"],"picked":"Thunder Strike","floor":45},{"not_picked":["Barrage","Force Field","Compile Driver"],"picked":"Hologram+1","floor":46},{"not_picked":["Chill","Gash","Cold Snap","Go for the Eyes"],"picked":"Singing Bowl","floor":47},{"not_picked":["Rebound","Steam Power","Barrage","Sunder"],"picked":"Singing Bowl","floor":48}],"player_experience":798431,"relics_obtained":[{"floor":7,"key":"Ancient Tea Set"},{"floor":9,"key":"DataDisk"},{"floor":10,"key":"Bag of Marbles"},{"floor":14,"key":"Peace Pipe"},{"floor":25,"key":"Whetstone"},{"floor":26,"key":"Happy Flower"},{"floor":26,"key":"Juzu Bracelet"},{"floor":29,"key":"Bottled Tornado"},{"floor":31,"key":"Singing Bowl"},{"floor":40,"key":"Ornamental Fan"},{"floor":42,"key":"Question Card"},{"floor":43,"key":"Pen Nib"},{"floor":43,"key":"Letter Opener"},{"floor":46,"key":"Bag of Preparation"},{"floor":47,"key":"Calipers"},{"floor":48,"key":"Unceasing Top"}],"event_choices":[{"event_name":"Living Wall","player_choice":"Grow","floor":3,"damage_taken":0},{"event_name":"Golden Idol","player_choice":"Take Wound","floor":12,"damage_taken":0},{"event_name":"Nest","player_choice":"Stole From Cult","floor":19,"damage_taken":0},{"event_name":"Beggar","player_choice":"Ignored","floor":30,"damage_taken":0},{"event_name":"The Moai Head","player_choice":"Gave Idol","floor":37,"damage_taken":0},{"event_name":"Tomb of Lord Red Mask","player_choice":"Paid","floor":39,"damage_taken":0},{"event_name":"Mysterious Sphere","player_choice":"Fight","floor":47,"damage_taken":0},{"event_name":"MindBloom","player_choice":"Fight","floor":48,"damage_taken":0}],"boss_relics":[{"not_picked":["Nuclear Battery","Lizard Tail"],"picked":"Fusion Hammer"},{"not_picked":["Philosopher\u0027s Stone","Sozu"],"picked":"Astrolabe"}],"items_purged_floors":[38],"is_endless":false,"potions_floor_spawned":[1,7,11,16,20,29,46,48],"ascension_level":15}