{"gold_per_floor":[109,109,70,140,190,223,273,273,273,273,290,290,362,428,428,530,530,549,698,748,798,818,818,868,868,914,173,188,188,204,44,44,141,191,202,8,23,35,185,185,235,303,329,418,440,452,514,540,552,564],"floor_reached":51,"playtime":1520,"items_purged":["Strike_B"],"score":1090,"play_id":"ea8d39c1-ad0f-4bc7-8e7e-57249303a9a4","local_time":"20181102014817","is_ascension_mode":true,"campfire_choices":[{"data":"Zap","floor":8,"key":"SMITH"},{"data":"Dualcast","floor":10,"key":"SMITH"},{"data":"Electrodynamics","floor":12,"key":"SMITH"},{"data":"Cold Snap","floor":15,"key":"SMITH"},{"data":"Echo Form","floor":23,"key":"SMITH"},{"data":"Ball Lightning","floor":25,"key":"SMITH"},{"data":"Defragment","floor":29,"key":"SMITH"},{"data":"Storm","floor":32,"key":"SMITH"},{"data":"Thunder Strike","floor":40,"key":"SMITH"},{"data":"Buffer","floor":46,"key":"SMITH"},{"floor":49,"key":"REST"}],"neow_cost":"NONE","seed_source_timestamp":454861849322890,"circlet_count":0,"master_deck":["AscendersBane","Strike_B","Strike_B","Defend_B","Defend_B+1","Defend_B","Defend_B+1","Zap+1","Dualcast+1","Sweeping Beam+1","Defragment+1","Sweeping Beam+1","Electrodynamics+1","Cold Snap+1","Ball Lightning+1","Cold Snap","Echo Form+1","Turbo+1","Capacitor+1","Capacitor+1","Defragment+1","Storm+1","Coolheaded","Fusion","Buffer+1","Stack+1","Ball Lightning+1","Storm","Coolheaded","Thunder Strike+1","Hologram+1","Thunder Strike+1","Parasite","Lockon","Panacea","Tempest+1"],"relics":["Cracked Core","Bag of Preparation","SsserpentHead","Vajra","Nunchaku","Odd Mushroom","Sozu","MutagenicStrength","Bottled Flame","Whetstone","Unceasing Top","Orichalcum","Lee\u0027s Waffle","Tiny House","War Paint","StoneCalendar","MawBank","DataDisk"],"potions_floor_usage":[16,18,50,50],"damage_taken":[{"damage":2,"enemies":"Jaw Worm","floor":1,"turns":4},{"damage":0,"enemies":"Cultist","floor":4,"turns":3},{"damage":31,"enemies":"Gremlin Nob","floor":6,"turns":4},{"damage":0,"enemies":"2 Louse","floor":11,"turns":1},{"damage":4,"enemies":"The Mushroom Lair","floor":13,"turns":2},{"damage":0,"enemies":"2 Fungi Beasts","floor":14,"turns":1},{"damage":0,"enemies":"Hexaghost","floor":16,"turns":8},{"damage":13,"enemies":"3 Byrds","floor":18,"turns":3},{"damage":8,"enemies":"Shell Parasite","floor":22,"turns":3},{"damage":1,"enemies":"3 Cultists","floor":28,"turns":3},{"damage":6,"enemies":"Centurion and Healer","floor":30,"turns":2},{"damage":29,"enemies":"Collector","floor":33,"turns":5},{"damage":0,"enemies":"Orb Walker","floor":35,"turns":2},{"damage":12,"enemies":"3 Darklings","floor":37,"turns":2},{"damage":0,"enemies":"Maw","floor":38,"turns":5},{"damage":10,"enemies":"Mind Bloom Boss Battle","floor":39,"turns":5},{"damage":20,"enemies":"Writhing Mass","floor":42,"turns":4},{"damage":13,"enemies":"Sphere and 2 Shapes","floor":45,"turns":3},{"damage":0,"enemies":"Transient","floor":48,"turns":5},{"damage":43,"enemies":"Time Eater","floor":50,"turns":5}],"seed_played":"-5693911890338066012","potions_obtained":[{"floor":1,"key":"Poison Potion"},{"floor":6,"key":"Weak Potion"},{"floor":14,"key":"Poison Potion"},{"floor":16,"key":"Fire Potion"}],"is_trial":false,"path_per_floor":["M","?","$","M","?","E","?","R","T","R","M","R","?","M","R","B",null,"M","?","?","?","M","R","T","R","T","$","M","R","M","$","R","B",null,"M","$","M","M","?","R","?","M","T","T","M","R","?","M","R","B",null],"character_chosen":"DEFECT","items_purchased":["Defragment","Unceasing Top","Orichalcum","Lee\u0027s Waffle","Capacitor","Storm","Coolheaded","Fusion","Storm","War Paint"],"campfire_rested":1,"item_purchase_floors":[3,27,27,27,27,31,31,31,36,36],"current_hp_per_floor":[66,66,66,66,66,35,28,28,28,28,28,28,24,24,24,24,62,49,49,49,49,41,41,41,41,41,82,81,81,75,75,75,46,78,78,78,66,66,56,56,56,36,36,36,23,23,23,23,49,6],"gold":576,"neow_bonus":"RANDOM_COMMON_RELIC","is_prod":false,"is_daily":false,"chose_seed":false,"campfire_upgraded":10,"win_rate":0,"timestamp":1541148497,"path_taken":["M","?","$","?","?","E","?","R","T","R","M","R","?","?","R","BOSS","M","?","?","?","M","R","?","R","T","?","M","R","M","$","R","BOSS","M","$","M","M","?","R","?","?","T","?","M","R","?","M","R","BOSS"],"build_version":"2018-11-01","purchased_purges":1,"victory":true,"max_hp_per_floor":[75,75,75,75,75,75,75,75,75,75,75,75,75,75,75,75,75,75,75,75,75,75,75,75,75,75,82,82,82,82,82,82,82,87,87,87,87,87,87,87,87,87,87,87,87,87,87,87,87,87],"card_choices":[{"not_picked":["Genetic Algorithm","Beam Cell"],"picked":"Sweeping Beam","floor":1},{"not_picked":["FTL","Turbo"],"picked":"Sweeping Beam","floor":4},{"not_picked":["Ball Lightning","Blizzard"],"picked":"Electrodynamics","floor":6},{"not_picked":["Hologram","Doom and Gloom"],"picked":"Cold Snap","floor":11},{"not_picked":["Go for the Eyes","Skim"],"picked":"Ball Lightning","floor":13},{"not_picked":["Hologram","Scrape"],"picked":"Cold Snap","floor":14},{"not_picked":["Buffer","Rainbow"],"picked":"Echo Form","floor":16},{"not_picked":["Leap","Darkness"],"picked":"Turbo+1","floor":18},{"not_picked":["Genetic Algorithm","Compile Driver+1"],"picked":"Capacitor+1","floor":22},{"not_picked":["Compile Driver","Gash"],"picked":"Defragment","floor":28},{"not_picked":["Rebound","BootSequence","Auto Shields"],"picked":"SKIP","floor":30},{"not_picked":["All For One","Core Surge"],"picked":"Buffer","floor":33},{"not_picked":["Beam Cell","Steam+1"],"picked":"Stack+1","floor":34},{"not_picked":["Self Repair+1","Steam"],"picked":"Ball Lightning+1","floor":35},{"not_picked":["Beam Cell+1","Leap"],"picked":"Coolheaded","floor":37},{"not_picked":["Leap","Reinforced Body+1"],"picked":"Thunder Strike","floor":38},{"not_picked":["FTL","BootSequence"],"picked":"Hologram+1","floor":39},{"not_picked":["Leap","Chill"],"picked":"Lockon","floor":42},{"not_picked":["Steam+1","Genetic Algorithm+1","Cold Snap"],"picked":"SKIP","floor":45},{"not_picked":["Trip","Madness"],"picked":"Panacea","floor":47},{"not_picked":["Fusion","Streamline"],"picked":"Tempest+1","floor":48}],"player_experience":337360,"relics_obtained":[{"floor":6,"key":"Vajra"},{"floor":9,"key":"Nunchaku"},{"floor":13,"key":"Odd Mushroom"},{"floor":24,"key":"Bottled Flame"},{"floor":26,"key":"Whetstone"},{"floor":39,"key":"StoneCalendar"},{"floor":43,"key":"MawBank"},{"floor":44,"key":"DataDisk"}],"event_choices":[{"damage_healed":0,"gold_gain":0,"player_choice":"Trade","damage_taken":0,"relics_obtained":["SsserpentHead"],"max_hp_gain":0,"max_hp_loss":0,"event_name":"FaceTrader","floor":2,"gold_loss":0},{"damage_healed":0,"gold_gain":0,"player_choice":"Grow","damage_taken":0,"max_hp_gain":0,"max_hp_loss":0,"event_name":"Living Wall","floor":5,"gold_loss":0,"cards_upgraded":["Defragment"]},{"cards_removed":["Strike_B"],"damage_healed":0,"gold_gain":0,"player_choice":"Card Removal","damage_taken":7,"max_hp_gain":0,"max_hp_loss":0,"event_name":"Golden Wing","floor":7,"gold_loss":0},{"damage_healed":0,"gold_gain":0,"player_choice":"Fought Mushrooms","damage_taken":0,"max_hp_gain":0,"max_hp_loss":0,"event_name":"Mushrooms","floor":13,"gold_loss":0},{"damage_healed":0,"gold_gain":99,"player_choice":"Stole From Cult","damage_taken":0,"max_hp_gain":0,"max_hp_loss":0,"event_name":"Nest","floor":19,"gold_loss":0},{"damage_healed":0,"gold_gain":0,"player_choice":"Inject Mutagens","damage_taken":0,"relics_obtained":["MutagenicStrength"],"max_hp_gain":0,"max_hp_loss":0,"event_name":"Drug Dealer","floor":20,"gold_loss":0},{"damage_healed":0,"gold_gain":0,"player_choice":"Ignored","damage_taken":0,"max_hp_gain":0,"max_hp_loss":0,"event_name":"Vampires","floor":21,"gold_loss":0},{"damage_healed":0,"gold_gain":0,"player_choice":"Fight","damage_taken":0,"max_hp_gain":0,"max_hp_loss":0,"event_name":"MindBloom","floor":39,"gold_loss":0},{"damage_healed":0,"gold_gain":0,"player_choice":"Copied","damage_taken":0,"max_hp_gain":0,"max_hp_loss":0,"event_name":"Duplicator","floor":41,"gold_loss":0,"cards_obtained":["Thunder Strike"]},{"damage_healed":0,"gold_gain":0,"player_choice":"Memory 1","damage_taken":0,"max_hp_gain":0,"max_hp_loss":0,"event_name":"SensoryStone","floor":47,"gold_loss":0}],"is_beta":false,"boss_relics":[{"not_picked":["Empty Cage","White Beast Statue"],"picked":"Sozu"},{"not_picked":["Astrolabe","Velvet Choker"],"picked":"Tiny House"}],"items_purged_floors":[27],"is_endless":false,"potions_floor_spawned":[1,6,14,16,33,35,45,48],"ascension_level":10}