{"gold_per_floor":[113,126,2,2,2,2,37,50,50,50,85,85,95,150,150,249,249,267,280,99,114,114,114,114],"floor_reached":24,"playtime":1093,"items_purged":["Strike_B","Strike_B"],"score":282,"play_id":"9d973d9f-c187-4dbf-963c-1a1eefb69973","local_time":"20190307140520","is_ascension_mode":true,"campfire_choices":[{"data":"Zap","floor":6,"key":"SMITH"},{"data":"Sunder","floor":10,"key":"SMITH"},{"data":"Turbo","floor":15,"key":"SMITH"},{"data":"Defragment","floor":23,"key":"SMITH"}],"neow_cost":"NONE","seed_source_timestamp":6516519042522,"circlet_count":0,"master_deck":["Strike_B+1","Strike_B","Defend_B","Defend_B","Defend_B","Defend_B","Zap+1","Dualcast","Conserve Battery","Coolheaded","Ball Lightning+1","Sunder+1","Leap","Self Repair","Turbo+1","Creative AI","Defragment+1"],"relics":["Cracked Core","Orichalcum","Pear","Mango","Centennial Puzzle","Lantern","Tiny Chest","Inserter"],"potions_floor_usage":[7,19],"damage_taken":[{"damage":3,"enemies":"Jaw Worm","floor":1,"turns":3},{"damage":0,"enemies":"2 Louse","floor":2,"turns":2},{"damage":11,"enemies":"Lagavulin","floor":7,"turns":7},{"damage":0,"enemies":"Small Slimes","floor":8,"turns":2},{"damage":5,"enemies":"3 Sentries","floor":11,"turns":6},{"damage":2,"enemies":"Exordium Thugs","floor":13,"turns":3},{"damage":10,"enemies":"Lagavulin","floor":14,"turns":6},{"damage":52,"enemies":"Hexaghost","floor":16,"turns":10},{"damage":17,"enemies":"Spheric Guardian","floor":18,"turns":5},{"damage":29,"enemies":"2 Thieves","floor":19,"turns":5},{"damage":19,"enemies":"Centurion and Healer","floor":21,"turns":5},{"damage":96,"enemies":"Gremlin Leader","floor":24,"turns":6}],"seed_played":"1989362752138930080","potions_obtained":[{"floor":1,"key":"Poison Potion"},{"floor":11,"key":"Strength Potion"},{"floor":16,"key":"Energy Potion"}],"is_trial":false,"path_per_floor":["M","M","$","?","$","R","E","M","T","R","E","T","M","E","R","B",null,"M","M","$","M","?","R","E"],"character_chosen":"DEFECT","items_purchased":["Ball Lightning","Defragment"],"campfire_rested":0,"item_purchase_floors":[3,20],"current_hp_per_floor":[72,72,72,57,57,57,56,56,70,70,65,65,70,67,67,22,99,89,67,67,55,88,88,0],"gold":114,"neow_bonus":"RANDOM_COMMON_RELIC","is_prod":false,"is_daily":false,"chose_seed":false,"campfire_upgraded":4,"win_rate":0,"timestamp":1551996320,"path_taken":["M","M","$","?","?","R","E","M","T","R","E","?","M","E","R","BOSS","M","M","$","M","?","R","E"],"build_version":"2019-01-23","purchased_purges":2,"victory":false,"max_hp_per_floor":[75,75,75,75,75,75,85,85,99,99,99,99,99,99,99,99,99,99,99,99,99,99,99,99],"card_choices":[{"not_picked":["Auto Shields","Streamline"],"picked":"Conserve Battery","floor":1},{"not_picked":["Streamline","Compile Driver"],"picked":"Coolheaded","floor":2},{"not_picked":["Gash","Self Repair"],"picked":"Sunder","floor":7},{"not_picked":["Genetic Algorithm","Hologram"],"picked":"Leap","floor":8},{"not_picked":["Undo","Loop"],"picked":"Self Repair","floor":11},{"not_picked":["Steam Power","Reboot","Beam Cell"],"picked":"SKIP","floor":13},{"not_picked":["Genetic Algorithm","FTL"],"picked":"Turbo","floor":14},{"not_picked":["Core Surge","Machine Learning"],"picked":"Creative AI","floor":16},{"not_picked":["Steam","Leap","Reinforced Body"],"picked":"SKIP","floor":18},{"not_picked":["Hologram","Undo","Storm"],"picked":"SKIP","floor":19},{"not_picked":["Rebound","Compile Driver","Redo+1"],"picked":"SKIP","floor":21}],"player_experience":342085,"relics_obtained":[{"floor":7,"key":"Pear"},{"floor":9,"key":"Mango"},{"floor":11,"key":"Centennial Puzzle"},{"floor":12,"key":"Lantern"},{"floor":14,"key":"Tiny Chest"}],"event_choices":[{"damage_healed":0,"gold_gain":0,"player_choice":"Entered Light","damage_taken":15,"max_hp_gain":0,"max_hp_loss":0,"event_name":"Shining Light","floor":4,"gold_loss":0,"cards_upgraded":["Ball Lightning","Strike_B"]},{"damage_healed":33,"gold_gain":0,"player_choice":"Heal","damage_taken":0,"max_hp_gain":0,"max_hp_loss":0,"event_name":"The Library","floor":22,"gold_loss":0}],"is_beta":false,"boss_relics":[{"not_picked":["Cursed Key","FrozenCore"],"picked":"Inserter"}],"items_purged_floors":[3,20],"is_endless":false,"potions_floor_spawned":[1,11,16],"killed_by":"Gremlin Leader","ascension_level":4}