{"gold_per_floor":[116,136,136,61,61,89,89,118,118,118,133,148,76,91,91,186,186,204,220,66,79,79,79,79,98,125,125,25,35,35,35,35,132,132,148,23,123,123,133,133,148,148,148,168,168,200,200,218,218,218],"floor_reached":50,"playtime":2686,"items_purged":["Strike_G","Masterful Stab","Defend_G"],"score":528,"play_id":"65238a1c-4d98-4be1-bf09-40f47c68b0f2","local_time":"20190219231913","is_ascension_mode":true,"campfire_choices":[{"floor":7,"key":"REST"},{"floor":10,"key":"REST"},{"floor":15,"key":"REST"},{"floor":23,"key":"REST"},{"floor":30,"key":"REST"},{"data":"Dagger Spray","floor":32,"key":"SMITH"},{"data":"Survivor","floor":40,"key":"SMITH"},{"floor":45,"key":"REST"},{"floor":47,"key":"REST"},{"floor":49,"key":"REST"}],"neow_cost":"NONE","seed_source_timestamp":5649294176607716,"circlet_count":0,"master_deck":["Defend_G","Defend_G","Defend_G","Defend_G","Strike_G","Strike_G","Survivor+1","Neutralize+1","Dagger Spray+1","Caltrops","Sucker Punch","A Thousand Cuts+1","Noxious Fumes+1","Infinite Blades+1","Envenom+1","Cloak And Dagger","Infinite Blades+1","Cloak And Dagger","Dagger Spray+1"],"relics":["Ring of the Snake","Frozen Egg 2","Meat on the Bone","Mummified Hand","Runic Pyramid","Oddly Smooth Stone","HoveringKite","Nunchaku","Blood Vial","Centennial Puzzle"],"potions_floor_usage":[29,46],"damage_taken":[{"damage":5,"enemies":"Cultist","floor":1,"turns":5},{"damage":1,"enemies":"2 Louse","floor":2,"turns":3},{"damage":34,"enemies":"3 Sentries","floor":6,"turns":10},{"damage":45,"enemies":"Lagavulin","floor":8,"turns":9},{"damage":6,"enemies":"Small Slimes","floor":11,"turns":4},{"damage":2,"enemies":"Blue Slaver","floor":12,"turns":3},{"damage":5,"enemies":"2 Fungi Beasts","floor":14,"turns":3},{"damage":27,"enemies":"Hexaghost","floor":16,"turns":9},{"damage":6,"enemies":"3 Byrds","floor":18,"turns":3},{"damage":14,"enemies":"Shell Parasite","floor":19,"turns":6},{"damage":13,"enemies":"Snecko","floor":21,"turns":5},{"damage":3,"enemies":"Cultist and Chosen","floor":25,"turns":4},{"damage":12,"enemies":"Snake Plant","floor":29,"turns":5},{"damage":50,"enemies":"Champ","floor":33,"turns":10},{"damage":8,"enemies":"3 Shapes","floor":35,"turns":4},{"damage":0,"enemies":"Mind Bloom Boss Battle","floor":37,"turns":5},{"damage":8,"enemies":"Orb Walker","floor":39,"turns":4},{"damage":25,"enemies":"Sphere and 2 Shapes","floor":41,"turns":6},{"damage":12,"enemies":"3 Darklings","floor":44,"turns":4},{"damage":26,"enemies":"Reptomancer","floor":46,"turns":6},{"damage":33,"enemies":"Transient","floor":48,"turns":5},{"damage":69,"enemies":"Awakened One","floor":50,"turns":6}],"seed_played":"-7780064440589016960","potions_obtained":[{"floor":1,"key":"Ancient Potion"},{"floor":8,"key":"Dexterity Potion"},{"floor":14,"key":"GamblersBrew"},{"floor":35,"key":"SkillPotion"}],"is_trial":false,"path_per_floor":["M","M","?","$","?","E","R","E","T","R","M","M","$","M","R","B",null,"M","M","$","M","?","R","?","M","T","?","$","M","R","$","R","B",null,"M","$","?","?","M","R","M","?","T","M","R","E","R","M","R","B"],"character_chosen":"THE_SILENT","items_purchased":["Infinite Blades+1","Oddly Smooth Stone"],"campfire_rested":8,"item_purchase_floors":[13,20],"current_hp_per_floor":[65,64,64,64,64,30,51,6,6,27,33,43,43,38,59,44,70,64,50,50,37,37,58,58,55,55,55,55,43,64,64,64,26,70,62,62,62,62,54,54,41,41,41,43,64,40,61,42,63,0],"gold":218,"neow_bonus":"TRANSFORM_CARD","is_prod":false,"is_daily":false,"chose_seed":false,"campfire_upgraded":2,"win_rate":0,"timestamp":1550636353,"path_taken":["M","?","?","$","?","E","R","E","T","R","M","M","$","M","R","BOSS","M","?","$","M","?","R","?","M","T","?","?","M","R","?","R","BOSS","M","$","?","?","M","R","M","?","T","M","R","E","R","M","R","BOSS"],"build_version":"2019-01-23","purchased_purges":3,"victory":false,"max_hp_per_floor":[70,70,70,70,70,70,70,70,70,70,70,70,70,70,70,70,70,70,70,70,70,70,70,70,70,70,70,70,70,70,70,70,70,70,70,70,70,70,70,70,70,70,70,70,70,70,70,70,70,70],"card_choices":[{"not_picked":["Eviscerate","Calculated Gamble"],"picked":"Dagger Spray","floor":1},{"not_picked":["Endless Agony","Crippling Poison"],"picked":"Caltrops","floor":2},{"not_picked":["Tactician","Quick Slash"],"picked":"Sucker Punch","floor":6},{"not_picked":["Dagger Spray","Dagger Throw"],"picked":"A Thousand Cuts+1","floor":8},{"not_picked":["Masterful Stab","Quick Slash","Deflect"],"picked":"SKIP","floor":11},{"not_picked":["Dodge and Roll","Dagger Spray"],"picked":"Noxious Fumes+1","floor":12},{"not_picked":["Slice","Tactician","Underhanded Strike"],"picked":"SKIP","floor":14},{"not_picked":["Burst","Malaise"],"picked":"Envenom+1","floor":16},{"not_picked":["Eviscerate+1","Leg Sweep","Dagger Spray+1"],"picked":"SKIP","floor":18},{"not_picked":["Acrobatics+1","Prepared+1","Dash"],"picked":"SKIP","floor":19},{"not_picked":["Flying Knee","Eviscerate","Escape Plan+1"],"picked":"SKIP","floor":21},{"not_picked":["Flechettes","Choke+1"],"picked":"Cloak And Dagger","floor":25},{"not_picked":["Dodge and Roll","Blade Dance","Tactician"],"picked":"SKIP","floor":29},{"not_picked":["Footwork+1","Deflect"],"picked":"Cloak And Dagger","floor":35},{"not_picked":["Deadly Poison","Poisoned Stab+1"],"picked":"Dagger Spray+1","floor":39},{"not_picked":["Cloak And Dagger","Reflex+1","Quick Slash+1"],"picked":"SKIP","floor":41},{"not_picked":["Dagger Throw","Deflect+1","Sucker Punch+1"],"picked":"SKIP","floor":44},{"not_picked":["Sucker Punch+1","Heel Hook+1","Accuracy+1"],"picked":"SKIP","floor":46},{"not_picked":["Malaise","Accuracy+1","Footwork+1"],"picked":"SKIP","floor":48}],"player_experience":92750,"relics_obtained":[{"floor":6,"key":"Frozen Egg 2"},{"floor":8,"key":"Meat on the Bone"},{"floor":9,"key":"Mummified Hand"},{"floor":37,"key":"Nunchaku"},{"floor":43,"key":"Blood Vial"},{"floor":46,"key":"Centennial Puzzle"}],"event_choices":[{"damage_healed":0,"gold_gain":0,"player_choice":"Ignored","damage_taken":0,"max_hp_gain":0,"max_hp_loss":0,"event_name":"Shining Light","floor":3,"gold_loss":0},{"damage_healed":0,"gold_gain":0,"player_choice":"Forge","damage_taken":0,"max_hp_gain":0,"max_hp_loss":0,"event_name":"Accursed Blacksmith","floor":5,"gold_loss":0,"cards_upgraded":["Neutralize"]},{"damage_healed":0,"gold_gain":0,"player_choice":"Ignored","damage_taken":0,"max_hp_gain":0,"max_hp_loss":0,"event_name":"Vampires","floor":22,"gold_loss":0},{"damage_healed":0,"gold_gain":0,"player_choice":"Ignored","damage_taken":0,"max_hp_gain":0,"max_hp_loss":0,"event_name":"Ghosts","floor":24,"gold_loss":0},{"damage_healed":0,"gold_gain":0,"cards_transformed":["Expertise","Strike_G"],"player_choice":"Became Test Subject","damage_taken":0,"max_hp_gain":0,"max_hp_loss":0,"event_name":"Drug Dealer","floor":27,"gold_loss":0,"cards_obtained":["Masterful Stab","Infinite Blades"]},{"damage_healed":0,"gold_gain":0,"player_choice":"Fight","damage_taken":0,"max_hp_gain":0,"max_hp_loss":0,"event_name":"MindBloom","floor":37,"gold_loss":0},{"damage_healed":0,"gold_gain":0,"player_choice":"Ignored","damage_taken":0,"max_hp_gain":0,"max_hp_loss":0,"event_name":"Tomb of Lord Red Mask","floor":38,"gold_loss":0},{"damage_healed":0,"gold_gain":0,"player_choice":"Ignored","damage_taken":0,"max_hp_gain":0,"max_hp_loss":0,"event_name":"Mysterious Sphere","floor":42,"gold_loss":0}],"is_beta":false,"boss_relics":[{"not_picked":["Lizard Tail","Cursed Key"],"picked":"Runic Pyramid"},{"not_picked":["Runic Dome","Ring of the Serpent"],"picked":"HoveringKite"}],"items_purged_floors":[4,28,36],"is_endless":false,"potions_floor_spawned":[1,8,14,16,18,21,25,35,41],"killed_by":"Awakened One","ascension_level":2}