{"gold_per_floor":[13,13,29,45,63,63,92,111,163,163,196,210,229,263,263,336,336,346,396,409,43,59,59],"floor_reached":23,"playtime":1607,"items_purged":[],"score":468,"play_id":"8c3f3955-51c3-4bd6-973d-08ba74cb1933","local_time":"20190227144816","is_ascension_mode":true,"campfire_choices":[{"data":"Fiend Fire","floor":6.0,"key":"SMITH"},{"data":"True Grit","floor":10.0,"key":"SMITH"},{"data":"Flame Barrier","floor":15.0,"key":"SMITH"}],"neow_cost":"NO_GOLD","seed_source_timestamp":0,"circlet_count":0,"master_deck":["AscendersBane","Strike_R","Strike_R","Strike_R","Defend_R","Defend_R","Defend_R","Defend_R","Bash","Feel No Pain","Clash","Clothesline","Fiend Fire+1","Flame Barrier+1","True Grit+1","Feel No Pain","Cleave","Evolve","Juggernaut","Armaments","Spot Weakness","Feed","Secret Weapon","Metallicize"],"special_seed":0,"relics":["Burning Blood","Self Forming Clay","Lantern","Ornamental Fan","Vajra","Black Star"],"potions_floor_usage":[23,23],"damage_taken":[{"damage":6.0,"enemies":"Jaw Worm","floor":1.0,"turns":5.0},{"damage":9.0,"enemies":"2 Louse","floor":3.0,"turns":4.0},{"damage":1.0,"enemies":"Cultist","floor":4.0,"turns":4.0},{"damage":20.0,"enemies":"Exordium Thugs","floor":5.0,"turns":5.0},{"damage":6.0,"enemies":"3 Sentries","floor":7.0,"turns":13.0},{"damage":0.0,"enemies":"Red Slaver","floor":8.0,"turns":4.0},{"damage":21.0,"enemies":"Gremlin Nob","floor":11.0,"turns":4.0},{"damage":1.0,"enemies":"2 Fungi Beasts","floor":12.0,"turns":4.0},{"damage":10.0,"enemies":"Large Slime","floor":13.0,"turns":8.0},{"damage":0.0,"enemies":"3 Sentries","floor":14.0,"turns":15.0},{"damage":47.0,"enemies":"Hexaghost","floor":16.0,"turns":11.0},{"damage":3.0,"enemies":"2 Thieves","floor":18.0,"turns":5.0},{"damage":16.0,"enemies":"3 Byrds","floor":20.0,"turns":5.0},{"damage":15.0,"enemies":"Centurion and Healer","floor":22.0,"turns":6.0},{"damage":82,"enemies":"Gremlin Leader","floor":23,"turns":9}],"seed_played":"-4557376364207618795","potions_obtained":[{"floor":1.0,"key":"SteroidPotion"},{"floor":3.0,"key":"EssenceOfSteel"},{"floor":7.0,"key":"Regen Potion"},{"floor":12.0,"key":"PowerPotion"},{"floor":18.0,"key":"Dexterity Potion"}],"is_trial":false,"path_per_floor":["M","?","M","M","M","R","E","M","T","R","E","M","M","E","R","B",null,"M","?","M","$","M","E"],"character_chosen":"IRONCLAD","items_purchased":["Feed","Secret Weapon"],"campfire_rested":0,"item_purchase_floors":[21,21],"current_hp_per_floor":[68,73,70,75,61,61,61,67,67,67,52,57,53,59,59,18,65,68,68,58,58,49,0],"gold":59,"neow_bonus":"REMOVE_TWO","is_prod":false,"is_daily":false,"chose_seed":false,"campfire_upgraded":3,"win_rate":0,"timestamp":1551296896,"path_taken":["M","?","M","M","M","R","E","M","T","R","E","M","M","E","R","BOSS","M","?","?","$","M","E"],"build_version":"2019-01-23","purchased_purges":0,"victory":false,"max_hp_per_floor":[75,80,80,80,80,80,80,80,80,80,80,80,80,80,80,80,80,80,80,80,80,80,80],"card_choices":[{"not_picked":["Bloodletting","Anger"],"picked":"Feel No Pain","floor":1.0},{"not_picked":["Perfected Strike","Havoc"],"picked":"Clash","floor":3.0},{"not_picked":["Battle Trance","Shrug It Off"],"picked":"Clothesline","floor":4.0},{"not_picked":["Armaments","Flex"],"picked":"Fiend Fire","floor":5.0},{"not_picked":["Headbutt","Armaments"],"picked":"Flame Barrier","floor":7.0},{"not_picked":["Dropkick","Flex"],"picked":"True Grit","floor":8.0},{"not_picked":["Shrug It Off","Warcry"],"picked":"Feel No Pain","floor":11.0},{"not_picked":["Searing Blow","Anger"],"picked":"Cleave","floor":12.0},{"not_picked":["Warcry","Bloodletting","Twin Strike"],"picked":"SKIP","floor":13.0},{"not_picked":["Twin Strike","Second Wind"],"picked":"Evolve","floor":14.0},{"not_picked":["Exhume","Barricade"],"picked":"Juggernaut","floor":16.0},{"not_picked":["Iron Wave","Shrug It Off"],"picked":"Armaments","floor":18.0},{"not_picked":["Seeing Red","Battle Trance"],"picked":"Spot Weakness","floor":20.0},{"not_picked":["Twin Strike","Sever Soul"],"picked":"Metallicize","floor":22.0}],"player_experience":590463,"relics_obtained":[{"floor":7.0,"key":"Self Forming Clay"},{"floor":9.0,"key":"Lantern"},{"floor":11.0,"key":"Ornamental Fan"},{"floor":14.0,"key":"Vajra"}],"event_choices":[{"damage_healed":0.0,"max_hp_gain":5.0,"max_hp_loss":0.0,"gold_gain":0.0,"event_name":"Big Fish","player_choice":"Donut","floor":2.0,"gold_loss":0.0,"damage_taken":0.0},{"damage_healed":0.0,"max_hp_gain":0.0,"max_hp_loss":0.0,"gold_gain":100.0,"event_name":"The Joust","player_choice":"Bet on Murderer","floor":19.0,"gold_loss":50.0,"damage_taken":0.0}],"is_beta":false,"boss_relics":[{"not_picked":["Busted Crown","Lizard Tail"],"picked":"Black Star"}],"items_purged_floors":[],"is_endless":false,"potions_floor_spawned":[1,3,7,12,18],"killed_by":"Gremlin Leader","ascension_level":19}