{"gold_per_floor":[110,126,301,12,12,47,66,30,330,330,347,357,357],"floor_reached":13,"playtime":389,"items_purged":[],"score":154,"play_id":"b1ff4dc7-1f20-418e-a0d0-3f6e98dff5af","local_time":"20180920154728","is_ascension_mode":true,"campfire_choices":[],"neow_cost":"NONE","seed_source_timestamp":509882493061333,"circlet_count":0,"master_deck":["Strike_B","Strike_B","Strike_B","Strike_B","Defend_B","Defend_B","Defend_B","Defend_B","Zap","Dualcast","Cold Snap","Loop","Doubt","Gash","Creative AI","Defragment","White Noise","Undo","Defragment"],"relics":["Cracked Core","NeowsBlessing","Blue Candle","Peace Pipe","Old Coin"],"potions_floor_usage":[11,12],"damage_taken":[{"damage":0,"enemies":"Cultist","floor":1,"turns":1},{"damage":0,"enemies":"2 Louse","floor":2,"turns":1},{"damage":0,"enemies":"3 Sentries","floor":6,"turns":1},{"damage":0,"enemies":"Small Slimes","floor":7,"turns":3},{"damage":54,"enemies":"Exordium Wildlife","floor":11,"turns":5},{"damage":1,"enemies":"Looter","floor":12,"turns":4},{"damage":16,"enemies":"2 Fungi Beasts","floor":13,"turns":2}],"seed_played":"8671820308771412242","potions_obtained":[{"floor":2,"key":"LiquidBronze"},{"floor":11,"key":"PowerPotion"}],"is_trial":false,"path_per_floor":["M","M","?","$","?","E","M","$","T","?","M","M"],"character_chosen":"DEFECT","items_purchased":["Blue Candle","Gash","White Noise"],"campfire_rested":0,"item_purchase_floors":[4,4,8],"current_hp_per_floor":[68,68,68,68,68,68,68,68,68,61,7,6,0],"gold":357,"neow_bonus":"THREE_ENEMY_KILL","is_prod":false,"is_daily":false,"chose_seed":false,"campfire_upgraded":0,"win_rate":0,"timestamp":1537472848,"path_taken":["M","?","?","$","?","E","M","$","T","?","M","M","?"],"build_version":"2018-09-06","purchased_purges":0,"victory":false,"max_hp_per_floor":[75,75,75,75,75,75,75,75,75,75,75,75,75],"card_choices":[{"not_picked":["Go for the Eyes","Barrage"],"picked":"Cold Snap","floor":1},{"not_picked":["Skim","Gash"],"picked":"Loop","floor":2},{"not_picked":["Recycle","Genetic Algorithm"],"picked":"Creative AI","floor":6},{"not_picked":["Sweeping Beam","Streamline"],"picked":"Defragment","floor":7},{"not_picked":["Redo","Ball Lightning"],"picked":"Undo","floor":11},{"not_picked":["Coolheaded","Reprogram"],"picked":"Defragment","floor":12}],"player_experience":212259,"relics_obtained":[{"floor":6,"key":"Peace Pipe"},{"floor":9,"key":"Old Coin"}],"event_choices":[{"event_name":"Liars Game","player_choice":"agreed","floor":3,"damage_taken":0},{"event_name":"The Cleric","player_choice":"Leave","floor":5,"damage_taken":0},{"event_name":"Wheel of Change","player_choice":"Damage","floor":10,"damage_taken":0}],"is_beta":false,"boss_relics":[],"items_purged_floors":[],"is_endless":false,"potions_floor_spawned":[2,11],"killed_by":"2 Fungi Beasts","ascension_level":8}