{"gold_per_floor":[113,113,124,124,141,141,241,241,268,268,297,30,40,13,13,118,118,88,101,101,200,0,0],"floor_reached":23,"playtime":1482,"items_purged":["Dark Embrace"],"score":306,"play_id":"32fc32c5-4a47-43aa-848b-240d932cce0f","local_time":"20190305063147","is_ascension_mode":true,"campfire_choices":[{"data":"Clothesline","floor":6,"key":"SMITH"},{"data":"Bash","floor":8,"key":"SMITH"},{"data":"Metallicize","floor":10,"key":"SMITH"},{"data":"Power Through","floor":15,"key":"SMITH"}],"neow_cost":"NONE","seed_source_timestamp":70095354468053,"circlet_count":0,"master_deck":["AscendersBane","Defend_R","Defend_R","Defend_R+1","Defend_R","Bash+1","Metallicize+1","Power Through+1","Clothesline+1","Limit Break","Battle Trance","Wild Strike+1","Bite","Bite","Bite","Bite","Bite"],"relics":["Burning Blood","Bag of Marbles","Bag of Preparation","Red Skull","Mark of Pain"],"potions_floor_usage":[11,11,16,23,23],"damage_taken":[{"damage":5,"enemies":"Small Slimes","floor":1,"turns":4},{"damage":5,"enemies":"Cultist","floor":3,"turns":4},{"damage":0,"enemies":"2 Louse","floor":5,"turns":4},{"damage":2,"enemies":"3 Sentries","floor":11,"turns":11},{"damage":1,"enemies":"2 Fungi Beasts","floor":13,"turns":5},{"damage":46,"enemies":"Hexaghost","floor":16,"turns":16},{"damage":25,"enemies":"2 Thieves","floor":18,"turns":5},{"damage":26,"enemies":"Spheric Guardian","floor":19,"turns":5},{"damage":27,"enemies":"Gremlin Leader","floor":23,"turns":5}],"seed_played":"-7906123664987000488","potions_obtained":[{"floor":3,"key":"EssenceOfSteel"},{"floor":5,"key":"Block Potion"},{"floor":19,"key":"Dexterity Potion"}],"is_trial":false,"path_per_floor":["M","?","M","?","M","R","?","R","T","R","E","$","M","?","R","B",null,"M","M","?","?","$","E"],"character_chosen":"IRONCLAD","items_purchased":["Red Skull","Battle Trance","Strength Potion","BloodPotion","Poison Potion"],"campfire_rested":0,"item_purchase_floors":[12,12,12,22,22],"current_hp_per_floor":[73,57,58,63,69,69,69,69,69,69,73,73,78,78,78,38,73,54,34,34,34,34,24],"gold":0,"neow_bonus":"ONE_RANDOM_RARE_CARD","is_prod":false,"is_daily":false,"chose_seed":false,"campfire_upgraded":4,"win_rate":0,"timestamp":1551789107,"path_taken":["M","?","M","?","M","R","?","R","T","R","E","$","?","?","R","BOSS","M","M","?","?","$","E"],"build_version":"2019-01-23","purchased_purges":1,"victory":false,"max_hp_per_floor":[80,80,80,85,85,85,85,85,85,85,85,85,85,85,85,85,85,85,85,59,59,59,59],"card_choices":[{"not_picked":["Wild Strike","Clash"],"picked":"Metallicize","floor":1},{"not_picked":["Thunderclap","Perfected Strike"],"picked":"Power Through","floor":3},{"not_picked":["Rupture","Sword Boomerang"],"picked":"Clothesline","floor":5},{"not_picked":["Wild Strike","Searing Blow"],"picked":"Limit Break","floor":11},{"not_picked":["Twin Strike","Warcry","Body Slam"],"picked":"SKIP","floor":13},{"not_picked":["Thunderclap","Headbutt"],"picked":"Wild Strike+1","floor":18},{"not_picked":["Perfected Strike","Armaments","Iron Wave"],"picked":"SKIP","floor":19}],"player_experience":177706,"relics_obtained":[{"floor":9,"key":"Bag of Marbles"},{"floor":11,"key":"Bag of Preparation"}],"event_choices":[{"damage_healed":0,"gold_gain":0,"player_choice":"Entered Light","damage_taken":16,"max_hp_gain":0,"max_hp_loss":0,"event_name":"Shining Light","floor":2,"gold_loss":0,"cards_upgraded":["Strike_R","Defend_R"]},{"damage_healed":0,"gold_gain":0,"player_choice":"Donut","damage_taken":0,"max_hp_gain":5,"max_hp_loss":0,"event_name":"Big Fish","floor":4,"gold_loss":0},{"damage_healed":0,"gold_gain":100,"player_choice":"Pray","damage_taken":0,"max_hp_gain":0,"max_hp_loss":0,"event_name":"Golden Shrine","floor":7,"gold_loss":0},{"damage_healed":0,"gold_gain":0,"player_choice":"Left Gold","damage_taken":0,"max_hp_gain":0,"max_hp_loss":0,"event_name":"World of Goop","floor":14,"gold_loss":27},{"damage_healed":0,"gold_gain":0,"player_choice":"Became a vampire","damage_taken":0,"max_hp_gain":0,"max_hp_loss":26,"event_name":"Vampires","floor":20,"gold_loss":0,"cards_obtained":["Bite","Bite","Bite","Bite","Bite"]},{"damage_healed":0,"gold_gain":99,"player_choice":"Stole From Cult","damage_taken":0,"max_hp_gain":0,"max_hp_loss":0,"event_name":"Nest","floor":21,"gold_loss":0}],"is_beta":false,"boss_relics":[{"not_picked":["Tiny House","Black Star"],"picked":"Mark of Pain"}],"items_purged_floors":[22],"is_endless":false,"potions_floor_spawned":[3,5,19],"killed_by":"Gremlin Leader","ascension_level":10}