{"gold_per_floor":[116,135,147,158,173,207,218,218,218,218,237,249,178,195,195,298,298,316,316,316,330,86,111,111,123,146,172,201,213],"floor_reached":29,"playtime":1237,"items_purged":[],"score":253,"play_id":"16bfecf7-1983-41be-98c2-913d943424b6","local_time":"20190119162239","is_ascension_mode":false,"campfire_choices":[{"floor":10,"key":"RECALL"},{"data":"Inflame","floor":15,"key":"SMITH"},{"floor":24,"key":"REST"}],"neow_cost":"NONE","seed_source_timestamp":924599413351437,"circlet_count":0,"master_deck":["Strike_R+1","Strike_R+1","Strike_R+1","Strike_R+1","Strike_R+1","Defend_R+1","Defend_R+1","Defend_R+1","Defend_R+1","Bash","Spot Weakness","Heavy Blade","Inflame+1","Perfected Strike","Metallicize","Anger","Rupture","Cleave","Spot Weakness","Blood for Blood","Combust","Demon Form","Armaments","Intimidate+1","Warcry","Clothesline","Demon Form","Reckless Charge","Pommel Strike"],"relics":["Burning Blood","Blood Vial","Bronze Scales","Eternal Feather","MutagenicStrength","PrismaticShard","Gremlin Horn","MawBank"],"potions_floor_usage":[18,28,29],"damage_taken":[{"damage":1,"enemies":"2 Louse","floor":1,"turns":3},{"damage":5,"enemies":"Cultist","floor":2,"turns":4},{"damage":6,"enemies":"Jaw Worm","floor":3,"turns":5},{"damage":23,"enemies":"Large Slime","floor":4,"turns":6},{"damage":10,"enemies":"Exordium Wildlife","floor":5,"turns":3},{"damage":35,"enemies":"Gremlin Nob","floor":6,"turns":5},{"damage":3,"enemies":"3 Louse","floor":7,"turns":4},{"damage":6,"enemies":"Blue Slaver","floor":11,"turns":4},{"damage":14,"enemies":"Exordium Thugs","floor":12,"turns":3},{"damage":6,"enemies":"2 Fungi Beasts","floor":14,"turns":3},{"damage":54,"enemies":"Hexaghost","floor":16,"turns":7},{"damage":30,"enemies":"2 Thieves","floor":18,"turns":4},{"damage":22,"enemies":"Shell Parasite","floor":21,"turns":5},{"damage":27,"enemies":"Gremlin Leader","floor":23,"turns":6},{"damage":27,"enemies":"Centurion and Healer","floor":25,"turns":6},{"damage":25,"enemies":"Snake Plant","floor":27,"turns":5},{"damage":13,"enemies":"Chosen and Byrds","floor":28,"turns":7},{"damage":23,"enemies":"Centurion and Healer","floor":29,"turns":3}],"seed_played":"4330768938448242971","potions_obtained":[{"floor":1,"key":"Fire Potion"},{"floor":2,"key":"Strength Potion"},{"floor":3,"key":"SneckoOil"},{"floor":11,"key":"Block Potion"},{"floor":21,"key":"Swift Potion"}],"is_trial":false,"path_per_floor":["M","M","M","M","M","E","M","?","T","R","M","M","$","M","R","B",null,"M","?","?","M","$","E","R","M","T","M","M","M"],"character_chosen":"IRONCLAD","items_purchased":["Blood for Blood","PrismaticShard","Warcry"],"campfire_rested":1,"item_purchase_floors":[13,22,22],"current_hp_per_floor":[80,80,80,63,61,34,39,80,80,80,80,72,72,74,74,28,80,56,56,56,42,42,23,62,43,43,26,21,0],"gold":213,"neow_bonus":"RANDOM_COMMON_RELIC","is_prod":false,"is_daily":false,"chose_seed":false,"campfire_upgraded":1,"win_rate":0,"timestamp":1547932959,"path_taken":["M","M","M","M","M","E","M","?","T","R","M","M","?","M","R","BOSS","M","?","?","M","$","E","R","M","T","M","M","M"],"build_version":"2019-01-17v2","purchased_purges":0,"victory":false,"max_hp_per_floor":[80,80,80,80,80,80,80,80,80,80,80,80,80,80,80,80,80,80,80,80,80,80,80,80,80,80,80,80,80],"card_choices":[{"not_picked":["Sentinel","Rupture"],"picked":"Spot Weakness","floor":1},{"not_picked":["Armaments","Clash"],"picked":"Heavy Blade","floor":2},{"not_picked":["Fire Breathing","Flex"],"picked":"Inflame","floor":3},{"not_picked":["Sword Boomerang","Heavy Blade"],"picked":"Perfected Strike","floor":4},{"not_picked":["Thunderclap","Body Slam"],"picked":"Metallicize","floor":5},{"not_picked":["Pommel Strike","Dark Embrace"],"picked":"Anger","floor":6},{"not_picked":["Uppercut","Havoc"],"picked":"Rupture","floor":7},{"not_picked":["Sever Soul","Body Slam"],"picked":"Cleave","floor":11},{"not_picked":["Evolve","Clash"],"picked":"Spot Weakness","floor":12},{"not_picked":["Sword Boomerang","Pommel Strike"],"picked":"Combust","floor":14},{"not_picked":["Bludgeon","Double Tap"],"picked":"Demon Form","floor":16},{"not_picked":["Cleave","Body Slam+1"],"picked":"Armaments","floor":18},{"not_picked":["Anger","Blood for Blood"],"picked":"Intimidate+1","floor":21},{"not_picked":["Bane+1","Redo"],"picked":"Clothesline","floor":23},{"not_picked":["PiercingWail+1","Ball Lightning+1"],"picked":"Demon Form","floor":25},{"not_picked":["Clash+1","True Grit"],"picked":"Reckless Charge","floor":27},{"not_picked":["Rip and Tear","Rebound"],"picked":"Pommel Strike","floor":28}],"player_experience":72717,"relics_obtained":[{"floor":6,"key":"Bronze Scales"},{"floor":23,"key":"Gremlin Horn"},{"floor":26,"key":"MawBank"}],"event_choices":[{"damage_healed":41,"gold_gain":0,"player_choice":"Full Heal","damage_taken":0,"max_hp_gain":0,"max_hp_loss":0,"event_name":"Wheel of Change","floor":8,"gold_loss":0},{"damage_healed":0,"gold_gain":0,"player_choice":"Simplicity","damage_taken":0,"max_hp_gain":0,"max_hp_loss":0,"event_name":"Back to Basics","floor":19,"gold_loss":0,"cards_upgraded":["Strike_R","Strike_R","Strike_R","Strike_R","Strike_R","Defend_R","Defend_R","Defend_R","Defend_R"]},{"damage_healed":0,"gold_gain":0,"player_choice":"Inject Mutagens","damage_taken":0,"relics_obtained":["MutagenicStrength"],"max_hp_gain":0,"max_hp_loss":0,"event_name":"Drug Dealer","floor":20,"gold_loss":0}],"is_beta":false,"boss_relics":[{"not_picked":["Philosopher\u0027s Stone","Pandora\u0027s Box"],"picked":"Eternal Feather"}],"items_purged_floors":[],"is_endless":false,"potions_floor_spawned":[1,2,3,11,21,25,27],"killed_by":"Centurion and Healer","ascension_level":0}