{"gold_per_floor":[118,118,137,149,149,149,165,175,175,175,175,175,191,206,206,303,303,303,303,303,303,101,101,101,101,101,49,49,49,49,49,49,49,49,49,49,49,0,0,0,0,0,0,0,0],"floor_reached":45,"playtime":2337,"items_purged":["Defend_R"],"score":438,"play_id":"8d5f9eea-22a7-4a52-b7a6-02bceb0344ec","local_time":"20190109190215","is_ascension_mode":false,"campfire_choices":[{"data":"Seeing Red","floor":6.0,"key":"SMITH"},{"data":"Dual Wield","floor":12.0,"key":"SMITH"},{"data":"Armaments","floor":15.0,"key":"SMITH"},{"floor":24.0,"key":"REST"},{"floor":32.0,"key":"REST"},{"data":"Barricade","floor":40,"key":"SMITH"},{"data":"Metallicize","floor":42,"key":"SMITH"}],"neow_cost":"NONE","seed_source_timestamp":0,"circlet_count":0,"master_deck":["Strike_R","Strike_R","Strike_R+1","Strike_R","Defend_R+1","Defend_R","Bash","Shrug It Off","Seeing Red+1","Dual Wield+1","Uppercut","Armaments+1","Demon Form","Metallicize+1","Heavy Blade","Fire Breathing","Inflame+1","Clothesline","Shrug It Off","Fire Breathing","Juggernaut","Rage+1","Disarm+1","Power Through+1","Barricade+1","Flame Barrier+1"],"special_seed":0,"relics":["Burning Blood","Self Forming Clay","Ectoplasm","Nloth\u0027s Gift","Pantograph","Astrolabe","Red Mask","Anchor"],"potions_floor_usage":[33,33],"damage_taken":[{"damage":6.0,"enemies":"Jaw Worm","floor":1.0,"turns":4.0},{"damage":0.0,"enemies":"2 Louse","floor":3.0,"turns":3.0},{"damage":0.0,"enemies":"Cultist","floor":4.0,"turns":3.0},{"damage":6.0,"enemies":"Blue Slaver","floor":7.0,"turns":3.0},{"damage":8.0,"enemies":"Lots of Slimes","floor":8.0,"turns":6.0},{"damage":19.0,"enemies":"Gremlin Gang","floor":13.0,"turns":5.0},{"damage":0.0,"enemies":"Looter","floor":14.0,"turns":2.0},{"damage":31.0,"enemies":"Hexaghost","floor":16.0,"turns":13.0},{"damage":21.0,"enemies":"Shell Parasite","floor":18.0,"turns":6.0},{"damage":30.0,"enemies":"3 Byrds","floor":19.0,"turns":6.0},{"damage":19.0,"enemies":"Snake Plant","floor":20.0,"turns":4.0},{"damage":14.0,"enemies":"Chosen and Byrds","floor":23.0,"turns":6.0},{"damage":23.0,"enemies":"Centurion and Healer","floor":25.0,"turns":5.0},{"damage":15.0,"enemies":"3 Cultists","floor":28.0,"turns":5.0},{"damage":19.0,"enemies":"Shelled Parasite and Fungi","floor":29.0,"turns":4.0},{"damage":12.0,"enemies":"Snecko","floor":30.0,"turns":5.0},{"damage":10.0,"enemies":"Centurion and Healer","floor":31.0,"turns":7.0},{"damage":4,"enemies":"Champ","floor":33,"turns":10},{"damage":12,"enemies":"Orb Walker","floor":35,"turns":4},{"damage":29,"enemies":"3 Shapes","floor":41,"turns":9},{"damage":38,"enemies":"Jaw Worm Horde","floor":44,"turns":8},{"damage":30,"enemies":"Spire Growth","floor":45,"turns":4}],"seed_played":"-6787235372863667368","potions_obtained":[{"floor":1.0,"key":"Explosive Potion"},{"floor":7.0,"key":"EssenceOfSteel"},{"floor":8.0,"key":"Weak Potion"},{"floor":16.0,"key":"LiquidBronze"},{"floor":18.0,"key":"BloodPotion"},{"floor":28.0,"key":"Block Potion"},{"floor":31.0,"key":"SkillPotion"}],"is_trial":false,"path_per_floor":["M","?","M","M","?","R","M","M","T","?","$","R","M","M","R","B",null,"M","M","M","?","$","M","R","M","T","$","M","M","M","M","R","B",null,"M","?","$","?","?","R","M","R","T","M","M"],"character_chosen":"IRONCLAD","items_purchased":["Heavy Blade","Fire Breathing","Clothesline"],"campfire_rested":2,"item_purchase_floors":[22,22,27],"current_hp_per_floor":[88,81,87,88,70,70,70,68,68,88,88,88,75,81,81,56,88,73,49,36,36,36,28,54,37,37,37,36,23,17,13,39,66,88,82,82,82,82,82,82,59,59,59,27,0],"gold":0,"neow_bonus":"TEN_PERCENT_HP_BONUS","is_prod":false,"is_daily":false,"chose_seed":false,"campfire_upgraded":5,"win_rate":0.0,"timestamp":1547078535,"path_taken":["M","?","M","M","?","R","M","M","T","?","$","R","?","M","R","BOSS","M","?","M","?","$","?","R","M","T","?","M","M","M","?","R","BOSS","M","?","$","?","?","R","M","R","T","M","M"],"build_version":"2019-01-03v4","purchased_purges":1,"victory":false,"max_hp_per_floor":[88,88,88,88,88,88,88,88,88,88,88,88,88,88,88,88,88,88,88,88,88,88,88,88,88,88,88,88,88,88,88,88,88,88,88,84,84,84,84,84,84,84,84,84,84],"card_choices":[{"not_picked":["Power Through","Heavy Blade"],"picked":"Shrug It Off","floor":1.0},{"not_picked":["Anger","Rage"],"picked":"Seeing Red","floor":3.0},{"not_picked":["Pommel Strike","Body Slam","Flex"],"picked":"SKIP","floor":4.0},{"not_picked":["Twin Strike","Body Slam","Power Through"],"picked":"SKIP","floor":7.0},{"not_picked":["Clothesline","Body Slam"],"picked":"Dual Wield","floor":8.0},{"not_picked":["Carnage","Clash"],"picked":"Uppercut","floor":13.0},{"not_picked":["Sword Boomerang","Bludgeon"],"picked":"Armaments","floor":14.0},{"not_picked":["Reaper","Bludgeon"],"picked":"Demon Form","floor":16.0},{"not_picked":["Rage","Body Slam","Headbutt+1"],"picked":"SKIP","floor":18.0},{"not_picked":["True Grit","Cleave"],"picked":"Perfected Strike","floor":19.0},{"not_picked":["Entrench","Clothesline+1"],"picked":"Metallicize","floor":20.0},{"not_picked":["Disarm","Thunderclap"],"picked":"Inflame+1","floor":23.0},{"not_picked":["Blood for Blood","Perfected Strike","Sword Boomerang"],"picked":"SKIP","floor":25.0},{"not_picked":["Fiend Fire","Dropkick+1","Corruption"],"picked":"SKIP","floor":28.0},{"not_picked":["Hemokinesis","Rampage"],"picked":"Shrug It Off","floor":29.0},{"not_picked":["Iron Wave","Perfected Strike","Dual Wield"],"picked":"SKIP","floor":30.0},{"not_picked":["Heavy Blade","Body Slam"],"picked":"Fire Breathing","floor":31.0},{"not_picked":["Brutality","Double Tap"],"picked":"Juggernaut","floor":33},{"not_picked":["Thunderclap+1","Armaments"],"picked":"Barricade","floor":35},{"not_picked":["Shrug It Off+1","Sword Boomerang+1"],"picked":"Flame Barrier+1","floor":41},{"not_picked":["Sever Soul+1","Reaper","Fire Breathing"],"picked":"SKIP","floor":44}],"player_experience":26387,"relics_obtained":[{"floor":9.0,"key":"Self Forming Clay"},{"floor":26.0,"key":"Pantograph"},{"floor":43,"key":"Anchor"}],"event_choices":[{"damage_healed":0.0,"max_hp_gain":0.0,"max_hp_loss":0.0,"gold_gain":0.0,"event_name":"Scrap Ooze","player_choice":"Success","floor":2.0,"gold_loss":0.0,"damage_taken":7.0,"relics_obtained":["Bag of Marbles"]},{"damage_healed":0.0,"max_hp_gain":0.0,"max_hp_loss":0.0,"gold_gain":0.0,"event_name":"Shining Light","player_choice":"Entered Light","floor":5.0,"gold_loss":0.0,"damage_taken":18.0,"cards_upgraded":["Strike_R","Defend_R"]},{"damage_healed":29.0,"max_hp_gain":0.0,"max_hp_loss":0.0,"gold_gain":0.0,"event_name":"Big Fish","player_choice":"Banana","floor":10.0,"gold_loss":0.0,"damage_taken":0.0},{"damage_healed":0.0,"max_hp_gain":0.0,"max_hp_loss":0.0,"gold_gain":0.0,"event_name":"N\u0027loth","player_choice":"Traded Relic","floor":21.0,"relics_lost":["Bag of Marbles"],"gold_loss":0.0,"damage_taken":0.0,"relics_obtained":["Nloth\u0027s Gift"]},{"damage_healed":0,"gold_gain":0,"player_choice":"Max HP","damage_taken":0,"max_hp_gain":0,"max_hp_loss":4,"event_name":"Winding Halls","floor":36,"gold_loss":0},{"damage_healed":0,"gold_gain":0,"player_choice":"Paid","damage_taken":0,"relics_obtained":["Red Mask"],"max_hp_gain":0,"max_hp_loss":0,"event_name":"Tomb of Lord Red Mask","floor":38,"gold_loss":49},{"damage_healed":0,"gold_gain":0,"player_choice":"Memory 1","damage_taken":0,"max_hp_gain":0,"max_hp_loss":0,"event_name":"SensoryStone","floor":39,"gold_loss":0}],"is_beta":false,"boss_relics":[{"not_picked":["Empty Cage","Eternal Feather"],"picked":"Ectoplasm"},{"not_picked":["Fusion Hammer","Orrery"],"picked":"Astrolabe"}],"items_purged_floors":[22],"is_endless":false,"potions_floor_spawned":[1,7,8,16,18,20,28,31],"killed_by":"Spire Growth","ascension_level":0}