{"path_per_floor":["M","M","$","M","?","E","M","E","T","T","E","$","M","M","R","B",null,"M","?","$","M","$","R","E","M","T","M","M"],"character_chosen":"THE_SILENT","items_purchased":["Infinite Blades","Mind Blast","Dagger Throw","Deflect","Adrenaline","Ancient Potion","Fire Potion"],"gold_per_floor":[109,119,43,62,62,95,119,159,159,159,195,32,55,68,68,188,188,208,249,31,55,3,3,47,70,70,90,113,113],"floor_reached":29,"campfire_rested":2,"playtime":3065,"item_purchase_floors":[3,12,12,12,20,20,22],"current_hp_per_floor":[70,70,70,70,53,38,38,2,2,2,2,2,2,2,23,23,70,48,43,43,29,29,50,18,18,18,18,3,0],"items_purged":[],"gold":113,"score":292,"play_id":"f095e9aa-16da-4a92-b00c-8350c9f4f2a7","local_time":"20180604231834","is_prod":false,"is_daily":false,"chose_seed":false,"is_ascension_mode":false,"campfire_upgraded":0,"win_rate":0.0,"timestamp":1528179514,"campfire_choices":[{"floor":15,"key":"REST"},{"floor":23,"key":"REST"}],"path_taken":["M","?","?","?","?","E","M","E","T","?","E","$","?","M","R","BOSS","M","?","$","M","$","R","E","M","T","M","M","M"],"build_version":"2018-05-31","seed_source_timestamp":162302219836340,"purchased_purges":0,"victory":false,"master_deck":["Defend_G","Defend_G","Defend_G","Defend_G","Defend_G","Strike_G","Strike_G","Strike_G","Strike_G","Strike_G","Survivor","Neutralize","Heel Hook","Predator","Infinite Blades","Backstab","Backstab","Dagger Spray","Sucker Punch","Escape Plan","Mind Blast","Dagger Throw","Deflect","Backstab","Bouncing Flask","Envenom","Dagger Spray+1","Bouncing Flask","Adrenaline","Night Terror","Dagger Throw+1","Noxious Fumes+1","Backflip","Flying Knee"],"max_hp_per_floor":[70,70,70,70,70,70,70,70,70,70,70,70,70,70,70,70,70,70,70,70,70,70,70,70,70,70,70,70,70],"relics":["Ring of the Snake","Golden Idol","Ancient Tea Set","Bottled Flame","Question Card","Tough Bandages","Mercury Hourglass","Velvet Choker","Red Mask","Pen Nib","Toolbox"],"card_choices":[{"not_picked":["Skewer","Dagger Spray"],"picked":"Heel Hook","floor":1},{"not_picked":["Deflect","Skewer"],"picked":"Predator","floor":2},{"not_picked":["Calculated Gamble","Quick Slash"],"picked":"Backstab","floor":4},{"not_picked":["Flying Knee","Caltrops"],"picked":"Backstab","floor":6},{"not_picked":["Prepared","Deflect"],"picked":"Dagger Spray","floor":7},{"not_picked":["Poisoned Stab","Endless Agony"],"picked":"Sucker Punch","floor":8},{"not_picked":["Flying Knee","Infinite Blades","Dagger Throw"],"picked":"Escape Plan","floor":11},{"not_picked":["Sucker Punch","Reflex","Bouncing Flask"],"picked":"Backstab","floor":13},{"not_picked":["Distraction","Skewer","Malaise"],"picked":"Bouncing Flask","floor":14},{"not_picked":["Phantasmal Killer","Glass Knife","Unload"],"picked":"Envenom","floor":16},{"not_picked":["Dodge and Roll","Deflect+1","Expertise+1"],"picked":"Dagger Spray+1","floor":18},{"not_picked":["Poisoned Stab+1","Quick Slash","Sucker Punch"],"picked":"Bouncing Flask","floor":19},{"not_picked":["Flying Knee+1","Deadly Poison+1","Outmaneuver+1"],"picked":"Night Terror","floor":21},{"not_picked":["Calculated Gamble+1","Flechettes","Blur+1"],"picked":"Dagger Throw+1","floor":24},{"not_picked":["Quick Slash","Deflect","Underhanded Strike"],"picked":"Noxious Fumes+1","floor":25},{"not_picked":["Dodge and Roll","Dagger Spray","Heel Hook"],"picked":"Backflip","floor":27},{"not_picked":["Deflect+1","Skewer","Reflex"],"picked":"Flying Knee","floor":28}],"player_experience":2977,"potions_floor_usage":[11,16,16,21,28],"damage_taken":[{"damage":0,"enemies":"Cultist","floor":1,"turns":4},{"damage":0,"enemies":"Small Slimes","floor":2,"turns":4},{"damage":0,"enemies":"2 Louse","floor":4,"turns":2},{"damage":15,"enemies":"Gremlin Nob","floor":6,"turns":4},{"damage":0,"enemies":"Blue Slaver","floor":7,"turns":3},{"damage":36,"enemies":"Lagavulin","floor":8,"turns":6},{"damage":0,"enemies":"Gremlin Nob","floor":11,"turns":4},{"damage":0,"enemies":"Red Slaver","floor":13,"turns":2},{"damage":0,"enemies":"Exordium Wildlife","floor":14,"turns":2},{"damage":15,"enemies":"Hexaghost","floor":16,"turns":9},{"damage":22,"enemies":"2 Thieves","floor":18,"turns":3},{"damage":5,"enemies":"Masked Bandits","floor":19,"turns":3},{"damage":14,"enemies":"Shell Parasite","floor":21,"turns":4},{"damage":32,"enemies":"Book of Stabbing","floor":24,"turns":4},{"damage":0,"enemies":"Sentry and Sphere","floor":25,"turns":3},{"damage":0,"enemies":"Cultist and Chosen","floor":27,"turns":3},{"damage":15,"enemies":"Centurion and Healer","floor":28,"turns":4},{"damage":5,"enemies":"Snake Plant","floor":29,"turns":1}],"relics_obtained":[{"floor":6,"key":"Ancient Tea Set"},{"floor":8,"key":"Bottled Flame"},{"floor":9,"key":"Question Card"},{"floor":10,"key":"Tough Bandages"},{"floor":11,"key":"Mercury Hourglass"},{"floor":19,"key":"Red Mask"},{"floor":24,"key":"Pen Nib"},{"floor":26,"key":"Toolbox"}],"event_choices":[{"event_name":"Golden Idol","player_choice":"Take Damage","floor":5,"damage_taken":0},{"event_name":"Masked Bandits","player_choice":"Fought over 208 gold","floor":19,"damage_taken":0}],"boss_relics":[{"not_picked":["Runic Pyramid","Snecko Eye"],"picked":"Velvet Choker"}],"items_purged_floors":[],"potions_floor_spawned":[1,4,6,13,21,24,28],"seed_played":"-3327521123533257611","killed_by":"Snake Plant","ascension_level":0,"potions_obtained":[{"floor":1,"key":"EssenceOfSteel"},{"floor":4,"key":"Block Potion"},{"floor":6,"key":"SmokeBomb"},{"floor":13,"key":"Regen Potion"},{"floor":21,"key":"LiquidBronze"},{"floor":24,"key":"SkillPotion"},{"floor":28,"key":"GamblersBrew"}],"is_trial":false}