{"gold_per_floor":[116,46,46,63,77,106,106,138,138,138,173,186,206,206,206,285,285,301,336,352,362,277,277,302,302,302,302,8,8,38,84,84,163,163,173,190,5,22,22,22,51,51,78,78,78,78,78,78,78,78],"floor_reached":51,"playtime":3137,"items_purged":[],"score":1347,"play_id":"a6979988-06ee-486b-802b-346cf8eff17e","local_time":"20180703232536","is_ascension_mode":true,"campfire_choices":[{"data":"Neutralize","floor":7,"key":"SMITH"},{"floor":10,"key":"REST"},{"floor":15,"key":"REST"},{"floor":23,"key":"REST"},{"floor":25,"key":"REST"},{"data":"Deadly Poison","floor":27,"key":"SMITH"},{"floor":32,"key":"REST"},{"floor":40,"key":"REST"},{"floor":42,"key":"REST"},{"floor":49,"key":"REST"}],"neow_cost":"NONE","seed_source_timestamp":1386830480200292,"circlet_count":0,"master_deck":["Survivor+1","Neutralize+1","AscendersBane","Deadly Poison+1","Footwork+1","Quick Slash+1","Dodge and Roll+1","Dash+1","Riddle With Holes+1","All Out Attack+1","Flying Knee+1","Neutralize+1","Burst+1","Endless Agony+1","Quick Slash+1","Deflect+1","Backflip+1","Outmaneuver+1","Prepared+1","Accuracy+1","Heel Hook+1","Calculated Gamble+1","Escape Plan+1","Cloak And Dagger+1","Footwork+1","Accuracy+1","Caltrops+1","Die Die Die+1","After Image+1","Adrenaline+1","Blur+1","Well Laid Plans+1","Footwork+1","Infinite Blades+1","Leg Sweep+1","Doppelganger+1","Madness+1","Madness+1","Cloak And Dagger+1"],"relics":["Ring of the Snake","Happy Flower","Darkstone Periapt","The Specimen","Mango","Bag of Preparation","Pandora\u0027s Box","Red Mask","Bag of Marbles","Toolbox","The Courier","Ancient Tea Set","Bronze Scales","Snake Skull","Fusion Hammer","Vajra","Orichalcum","Mark of the Bloom"],"potions_floor_usage":[6,7,8,16,19,21,24,33,41,50],"damage_taken":[{"damage":0,"enemies":"Cultist","floor":1,"turns":4},{"damage":0,"enemies":"Small Slimes","floor":4,"turns":3},{"damage":7,"enemies":"2 Louse","floor":5,"turns":4},{"damage":14,"enemies":"Lagavulin","floor":6,"turns":10},{"damage":8,"enemies":"3 Sentries","floor":8,"turns":7},{"damage":46,"enemies":"Gremlin Nob","floor":11,"turns":6},{"damage":0,"enemies":"Large Slime","floor":12,"turns":6},{"damage":12,"enemies":"Exordium Thugs","floor":13,"turns":5},{"damage":19,"enemies":"Slime Boss","floor":16,"turns":12},{"damage":0,"enemies":"Chosen","floor":18,"turns":4},{"damage":39,"floor":19,"turns":6},{"damage":16,"enemies":"2 Thieves","floor":20,"turns":5},{"damage":0,"enemies":"Snake Plant","floor":21,"turns":4},{"damage":0,"enemies":"Book of Stabbing","floor":24,"turns":5},{"damage":34,"enemies":"Slavers","floor":30,"turns":8},{"damage":20,"enemies":"Champ","floor":33,"turns":12},{"damage":16,"enemies":"3 Darklings","floor":35,"turns":6},{"damage":0,"enemies":"3 Shapes","floor":36,"turns":3},{"damage":0,"enemies":"Sphere and 2 Shapes","floor":38,"turns":3},{"damage":0,"enemies":"Giant Head","floor":41,"turns":9},{"damage":17,"enemies":"Awakened One","floor":50,"turns":11}],"seed_played":"-2068668879477579078","potions_obtained":[{"floor":4,"key":"FearPotion"},{"floor":5,"key":"Explosive Potion"},{"floor":6,"key":"Fruit Juice"},{"floor":11,"key":"PowerPotion"},{"floor":16,"key":"Fire Potion"},{"floor":20,"key":"AttackPotion"},{"floor":21,"key":"Block Potion"},{"floor":30,"key":"SteroidPotion"},{"floor":33,"key":"FearPotion"},{"floor":38,"key":"AttackPotion"}],"is_trial":false,"path_per_floor":["M","$","?","M","M","E","R","E","T","R","E","M","M","?","R","B",null,"M","?","M","M","?","R","E","R","T","R","$","?","E","T","R","B",null,"M","M","$","M","$","R","E","R","T","?","?","?","?","?","R","B"],"character_chosen":"THE_SILENT","items_purchased":["Footwork","Accuracy","Caltrops","Ancient Tea Set","Die Die Die","Footwork","Infinite Blades","Leg Sweep"],"campfire_rested":8,"item_purchase_floors":[2,28,28,28,28,37,37,37],"current_hp_per_floor":[59,59,59,59,52,38,43,35,49,74,28,28,16,16,41,22,69,69,30,14,14,14,39,39,64,64,64,64,64,30,30,55,35,73,57,57,57,57,57,82,82,85,85,85,70,70,70,70,70,53],"gold":78,"neow_bonus":"RANDOM_COMMON_RELIC","is_prod":false,"is_daily":false,"chose_seed":false,"campfire_upgraded":2,"win_rate":0,"timestamp":1530653136,"path_taken":["M","$","?","M","M","E","R","E","T","R","E","M","M","?","R","BOSS","M","?","M","M","?","R","E","R","T","R","$","?","E","?","R","BOSS","M","M","$","M","$","R","E","R","T","?","?","?","?","?","R","BOSS"],"build_version":"2018-06-28","purchased_purges":0,"victory":true,"max_hp_per_floor":[66,66,66,66,66,66,71,71,85,85,85,85,85,85,85,85,85,85,85,85,85,85,85,85,85,85,85,85,85,85,85,85,85,85,85,85,85,85,85,85,85,85,85,85,85,85,85,85,85,85],"card_choices":[{"not_picked":["Poisoned Stab","Deflect"],"picked":"Deadly Poison","floor":1},{"not_picked":["Escape Plan","Eviscerate","Bane"],"picked":"SKIP","floor":4},{"not_picked":["Outmaneuver","Expertise"],"picked":"Quick Slash","floor":5},{"not_picked":["Tactician","Heel Hook"],"picked":"Dodge and Roll","floor":6},{"not_picked":["All Out Attack","PiercingWail"],"picked":"Dash","floor":8},{"not_picked":["Bane","Acrobatics"],"picked":"Riddle With Holes","floor":11},{"not_picked":["Underhanded Strike","Finisher"],"picked":"All Out Attack","floor":12},{"not_picked":["Dagger Throw","Deflect"],"picked":"Flying Knee","floor":13},{"not_picked":["Night Terror","Phantasmal Killer"],"picked":"Burst","floor":16},{"not_picked":["Sucker Punch","Prepared"],"picked":"Escape Plan","floor":18},{"not_picked":["Bane","Escape Plan"],"picked":"Cloak And Dagger","floor":19},{"not_picked":["Slice","Terror","Quick Slash"],"picked":"SKIP","floor":20},{"not_picked":["Slice","Underhanded Strike"],"picked":"Footwork+1","floor":21},{"not_picked":["Bane","Dagger Throw","Underhanded Strike"],"picked":"SKIP","floor":24},{"not_picked":["Skewer","Bane"],"picked":"After Image","floor":30},{"not_picked":["Storm of Steel","Venomology"],"picked":"Adrenaline","floor":33},{"not_picked":["Quick Slash","Sucker Punch"],"picked":"Blur+1","floor":35},{"not_picked":["Prepared","Concentrate"],"picked":"Well Laid Plans","floor":36},{"not_picked":["PiercingWail","Flying Knee","Slice"],"picked":"SKIP","floor":38},{"not_picked":["Slice+1","Dagger Spray"],"picked":"Doppelganger","floor":41}],"player_experience":744375,"relics_obtained":[{"floor":6,"key":"Darkstone Periapt"},{"floor":8,"key":"The Specimen"},{"floor":9,"key":"Mango"},{"floor":11,"key":"Bag of Preparation"},{"floor":19,"key":"Red Mask"},{"floor":24,"key":"Toolbox"},{"floor":26,"key":"The Courier"},{"floor":30,"key":"Bronze Scales"},{"floor":31,"key":"Snake Skull"},{"floor":41,"key":"Vajra"},{"floor":43,"key":"Orichalcum"}],"event_choices":[{"event_name":"The Cleric","player_choice":"Leave","floor":3,"damage_taken":0},{"event_name":"Match and Keep!","player_choice":"1 cards matched","floor":14,"damage_taken":0},{"event_name":"Masked Bandits","player_choice":"Fought over 301 gold","floor":19,"damage_taken":0},{"event_name":"Addict","player_choice":"Obtained Relic","floor":22,"damage_taken":0},{"event_name":"The Mausoleum","player_choice":"No","floor":29,"damage_taken":0},{"event_name":"Tomb of Lord Red Mask","player_choice":"Ignored","floor":44,"damage_taken":0},{"event_name":"Winding Halls","player_choice":"Embrace Madness","floor":45,"damage_taken":0},{"event_name":"MindBloom","player_choice":"Upgrade","floor":46,"damage_taken":0},{"event_name":"Duplicator","player_choice":"One dupe","floor":47,"damage_taken":0},{"event_name":"Falling","player_choice":"Removed Skill","floor":48,"damage_taken":0}],"boss_relics":[{"not_picked":["Cursed Key","Calling Bell"],"picked":"Pandora\u0027s Box"},{"not_picked":["Astrolabe","Coffee Dripper"],"picked":"Fusion Hammer"}],"items_purged_floors":[],"is_endless":false,"potions_floor_spawned":[4,5,6,11,16,20,21,30,33,38],"ascension_level":15}