{"gold_per_floor":[111,111,29,48,48,48,59,71,162,202,289,301,329,351,363,454,466,495,5,5,17,35,35,349,363,363,393,393,422,435,470,470,548,548,565,578,304,314,333,333,368,368,368,416,498,523,541,596,596,596,596],"floor_reached":52,"playtime":2163,"items_purged":["Poisoned Stab","Footwork"],"score":2663,"play_id":"776b698e-8339-408e-86ce-36d8f8d5313c","local_time":"20180827114719","daily_mods":["Draft","Heirloom","Time Dilation","Vintage"],"is_ascension_mode":true,"campfire_choices":[{"data":"Calculated Gamble","floor":6,"key":"SMITH"},{"data":"Calculated Gamble","floor":8,"key":"SMITH"},{"data":"Reflex","floor":12,"key":"SMITH"},{"data":"Reflex","floor":15,"key":"SMITH"},{"data":"Concentrate","floor":23,"key":"SMITH"},{"data":"Expertise","floor":28,"key":"SMITH"},{"data":"Expertise","floor":32,"key":"SMITH"},{"data":"Prepared","floor":40,"key":"SMITH"},{"data":"After Image","floor":42,"key":"SMITH"},{"data":"After Image","floor":49,"key":"SMITH"}],"neow_cost":"","seed_source_timestamp":0,"circlet_count":0,"master_deck":["AscendersBane","PiercingWail","Eviscerate+1","Leg Sweep","Backflip","Calculated Gamble+1","Backflip","Expertise+1","Reflex+1","Concentrate+1","Reflex+1","Expertise+1","Prepared+1","Calculated Gamble+1","After Image+1","Grand Finale+1","After Image+1","Quick Slash+1"],"relics":["Ring of the Snake","Tough Bandages","Gremlin Horn","Pear","MawBank","Kunai","Toxic Egg 2","Smiling Mask","Pantograph","Busted Crown","Du-Vu Doll","Matryoshka","Turnip","Lantern","Old Coin","Whetstone","Vajra","Darkstone Periapt","Molten Egg 2","Anchor","Bag of Marbles","Omamori","Lizard Tail","Bag of Preparation","Frozen Egg 2","TheAbacus","Ice Cream","Sundial","StoneCalendar","Pen Nib","Prayer Wheel","Tiny Chest","Mummified Hand","Art of War","Paper Crane","Unceasing Top"],"potions_floor_usage":[],"damage_taken":[{"damage":0,"enemies":"Jaw Worm","floor":1,"turns":1},{"damage":0,"enemies":"Cultist","floor":4,"turns":1},{"damage":0,"enemies":"Small Slimes","floor":7,"turns":1},{"damage":0,"enemies":"Lagavulin","floor":10,"turns":3},{"damage":0,"enemies":"3 Louse","floor":13,"turns":1},{"damage":0,"enemies":"Gremlin Gang","floor":14,"turns":1},{"damage":0,"enemies":"The Guardian","floor":16,"turns":2},{"damage":0,"enemies":"Shell Parasite","floor":18,"turns":1},{"damage":0,"enemies":"Spheric Guardian","floor":21,"turns":2},{"damage":0,"enemies":"Chosen and Byrds","floor":22,"turns":1},{"damage":0,"enemies":"Snecko","floor":24,"turns":1},{"damage":0,"enemies":"Shelled Parasite and Fungi","floor":25,"turns":1},{"damage":0,"enemies":"Gremlin Leader","floor":27,"turns":1},{"damage":0,"enemies":"Slavers","floor":29,"turns":1},{"damage":0,"enemies":"Centurion and Healer","floor":30,"turns":1},{"damage":0,"enemies":"Book of Stabbing","floor":31,"turns":1},{"damage":0,"enemies":"Champ","floor":33,"turns":1},{"damage":0,"enemies":"Flame Bruiser 1 Orb","floor":35,"turns":1},{"damage":0,"enemies":"3 Darklings","floor":36,"turns":1},{"damage":0,"enemies":"Sphere and 2 Shapes","floor":38,"turns":1},{"damage":0,"enemies":"Maw","floor":39,"turns":1},{"damage":0,"enemies":"2 Orb Walkers","floor":41,"turns":1},{"damage":0,"enemies":"4 Shapes","floor":44,"turns":1},{"damage":0,"enemies":"Flame Bruiser 2 Orb","floor":47,"turns":1},{"damage":0,"enemies":"Mysterious Sphere","floor":48,"turns":1},{"damage":0,"enemies":"Time Eater","floor":50,"turns":4},{"damage":0,"enemies":"Awakened One","floor":51,"turns":2}],"seed_played":"-6345501255136734235","potions_obtained":[{"floor":10,"key":"Strength Potion"},{"floor":14,"key":"SpeedPotion"}],"is_trial":true,"path_per_floor":["M","?","$","M","$","R","M","R","T","E","?","R","M","M","R","B",null,"M","$","?","M","M","R","M","M","T","E","R","E","M","E","R","B",null,"M","M","$","M","M","R","E","R","T","M","T","T","M","?","R","B","B"],"character_chosen":"THE_SILENT","items_purchased":["Calculated Gamble","Grand Finale","Matryoshka","TheAbacus"],"campfire_rested":0,"item_purchase_floors":[3,19,19,37],"current_hp_per_floor":[59,64,64,74,74,74,74,74,74,74,63,63,63,63,63,63,77,77,77,77,77,77,77,77,77,77,77,77,77,77,77,77,81,81,81,81,81,81,81,81,81,81,81,81,81,81,81,81,81,81,81],"gold":596,"neow_bonus":"","is_prod":false,"is_daily":false,"chose_seed":false,"campfire_upgraded":10,"win_rate":0,"timestamp":1535338039,"path_taken":["M","?","?","M","$","R","M","R","T","E","?","R","M","?","R","BOSS","M","$","?","M","M","R","M","M","T","E","R","E","?","E","R","BOSS","M","M","$","?","M","R","E","R","T","M","?","?","?","?","R","BOSS","BOSS"],"build_version":"2018-08-23v2","purchased_purges":2,"victory":true,"max_hp_per_floor":[66,71,71,81,81,81,81,81,81,81,81,81,81,81,81,81,81,81,81,81,81,81,81,81,81,81,81,81,81,81,81,81,81,81,81,81,81,81,81,81,81,81,81,81,81,81,81,81,81,81,81],"card_choices":[{"not_picked":["Quick Slash","Flying Knee"],"picked":"PiercingWail","floor":0},{"not_picked":["Sucker Punch","Deflect"],"picked":"Eviscerate","floor":0},{"not_picked":["Cloak And Dagger","Slice"],"picked":"Poisoned Stab","floor":0},{"not_picked":["Bane","Underhanded Strike"],"picked":"Flying Knee","floor":0},{"not_picked":["Bane","Dagger Spray"],"picked":"Leg Sweep","floor":0},{"not_picked":["Masterful Stab","Accuracy"],"picked":"Backflip","floor":0},{"not_picked":["Skewer","Tactician"],"picked":"Footwork","floor":0},{"not_picked":["Deflect","Sucker Punch"],"picked":"Calculated Gamble","floor":0},{"not_picked":["Cloak And Dagger","Bane"],"picked":"Backflip","floor":0},{"not_picked":["Poisoned Stab","Dagger Spray"],"picked":"Expertise","floor":0},{"not_picked":["Cloak And Dagger","Expertise"],"picked":"Reflex","floor":0},{"not_picked":["Escape Plan","Deflect"],"picked":"Concentrate","floor":0},{"not_picked":["Deflect","All Out Attack"],"picked":"Reflex","floor":0},{"not_picked":["Deflect","Sucker Punch"],"picked":"Expertise","floor":0},{"not_picked":["Setup","Accuracy"],"picked":"Prepared","floor":0},{"not_picked":["Flechettes","Outmaneuver","Dagger Throw"],"picked":"SKIP","floor":10},{"not_picked":["Envenom","Venomology+1"],"picked":"After Image","floor":16},{"not_picked":["Underhanded Strike"],"picked":"SKIP","floor":27},{"not_picked":["Dash+1"],"picked":"SKIP","floor":29},{"not_picked":["Sucker Punch+1"],"picked":"SKIP","floor":31},{"not_picked":[],"picked":"After Image","floor":33},{"not_picked":[],"picked":"Quick Slash+1","floor":41}],"player_experience":612152,"relics_obtained":[{"floor":1,"key":"Gremlin Horn"},{"floor":4,"key":"Pear"},{"floor":7,"key":"MawBank"},{"floor":9,"key":"Kunai"},{"floor":13,"key":"Toxic Egg 2"},{"floor":14,"key":"Smiling Mask"},{"floor":16,"key":"Pantograph"},{"floor":18,"key":"Du-Vu Doll"},{"floor":21,"key":"Turnip"},{"floor":22,"key":"Lantern"},{"floor":24,"key":"Old Coin"},{"floor":25,"key":"Whetstone"},{"floor":26,"key":"Vajra"},{"floor":26,"key":"Darkstone Periapt"},{"floor":27,"key":"Molten Egg 2"},{"floor":29,"key":"Anchor"},{"floor":30,"key":"Bag of Marbles"},{"floor":31,"key":"Omamori"},{"floor":35,"key":"Bag of Preparation"},{"floor":36,"key":"Frozen Egg 2"},{"floor":38,"key":"Ice Cream"},{"floor":39,"key":"Sundial"},{"floor":41,"key":"StoneCalendar"},{"floor":43,"key":"Pen Nib"},{"floor":43,"key":"Prayer Wheel"},{"floor":44,"key":"Tiny Chest"},{"floor":45,"key":"Mummified Hand"},{"floor":46,"key":"Art of War"},{"floor":47,"key":"Paper Crane"},{"floor":48,"key":"Unceasing Top"}],"event_choices":[{"event_name":"Big Fish","player_choice":"Donut","floor":2,"damage_taken":0},{"event_name":"World of Goop","player_choice":"Gather Gold","floor":11,"damage_taken":0},{"event_name":"Back to Basics","player_choice":"Elegance","floor":20,"damage_taken":0},{"event_name":"Mysterious Sphere","player_choice":"Fight","floor":48,"damage_taken":0}],"is_beta":false,"boss_relics":[{"not_picked":["Velvet Choker","White Beast Statue"],"picked":"Busted Crown"},{"not_picked":["Snecko Eye","Orrery"],"picked":"Lizard Tail"}],"items_purged_floors":[19,37],"is_endless":false,"potions_floor_spawned":[10,14,18,22,25,27,31,36,38,47],"ascension_level":20}