{"path_per_floor":["M","M","?","M","M","E","R","M","T","R","M","M","$","M","R","B",null,"M","?","?","M","M","E","M","R","T"],"character_chosen":"IRONCLAD","items_purchased":["Thread and Needle"],"gold_per_floor":[111,121,121,136,153,179,179,191,272,272,291,305,15,26,26,124,124,141,141,241,256,276,310,322,322,367,367],"floor_reached":27,"campfire_rested":1,"playtime":2542,"current_hp_per_floor":[80,80,64,63,61,39,39,40,40,40,46,50,50,54,54,43,80,80,80,80,75,64,43,29,53,53,0],"items_purged":[],"gold":367,"score":239,"play_id":"9fca21ee-03de-47a8-9a23-fcaad3b02790","local_time":"20180406235153","is_prod":false,"is_daily":false,"is_ascension_mode":false,"campfire_upgraded":3,"timestamp":1523051513,"path_taken":["M","M","?","M","M","E","R","M","T","R","M","M","$","M","R","BOSS","M","?","?","M","M","E","M","R","T","E"],"build_version":"2018-04-05v2","purchased_purges":0,"victory":false,"master_deck":["Strike_R","Strike_R","Strike_R","Strike_R+1","Defend_R","Defend_R","Defend_R","Defend_R","Bash+1","Feel No Pain","Shockwave","Demon Form+1","Pommel Strike","Armaments+1","Metallicize+1","Burning Pact","Thunderclap","Seeing Red","Pommel Strike","Juggernaut","Dropkick+1","Dropkick","Fire Breathing+1","Offering","Heavy Blade"],"max_hp_per_floor":[80,80,80,80,80,80,80,80,80,80,80,80,80,80,80,80,80,80,80,80,80,80,80,80,80,80,80],"relics":["Burning Blood","Mercury Hourglass","Question Card","Thread and Needle","Black Star","Centennial Puzzle","Kunai","Dream Catcher"],"card_choices":[{"not_picked":["Headbutt","Wild Strike"],"picked":"Shockwave","floor":1},{"not_picked":["Iron Wave","Entrench"],"picked":"Demon Form","floor":2},{"not_picked":["Headbutt","Blood for Blood"],"picked":"Pommel Strike","floor":4},{"not_picked":["Wild Strike","Body Slam"],"picked":"Armaments","floor":5},{"not_picked":["Cleave","Rage"],"picked":"Metallicize","floor":6},{"not_picked":["Fire Breathing","Shrug It Off"],"picked":"Burning Pact","floor":8},{"not_picked":["Anger","Second Wind","Bloodletting"],"picked":"Thunderclap","floor":11},{"not_picked":["Body Slam","Thunderclap","Twin Strike"],"picked":"Seeing Red","floor":12},{"not_picked":["Spot Weakness","Perfected Strike","Cleave"],"picked":"Pommel Strike","floor":14},{"not_picked":["Bludgeon","Double Tap","Berserk"],"picked":"Juggernaut","floor":16},{"not_picked":["Flame Barrier","Disarm","Body Slam"],"picked":"Dropkick","floor":18},{"not_picked":["Cleave","Flex","Second Wind"],"picked":"Fire Breathing","floor":21},{"not_picked":["Clash","Reckless Charge","Uppercut"],"picked":"Offering","floor":23},{"not_picked":["Dual Wield","Shrug It Off","Perfected Strike"],"picked":"Heavy Blade","floor":24}],"player_experience":32661,"potions_floor_usage":[16,22,22],"damage_taken":[{"damage":2,"enemies":"Small Slimes","floor":1,"turns":4},{"damage":3,"enemies":"Jaw Worm","floor":2,"turns":4},{"damage":7,"enemies":"2 Louse","floor":4,"turns":4},{"damage":8,"enemies":"Large Slime","floor":5,"turns":5},{"damage":28,"enemies":"3 Sentries","floor":6,"turns":10},{"damage":5,"enemies":"Blue Slaver","floor":8,"turns":4},{"damage":0,"enemies":"Red Slaver","floor":11,"turns":5},{"damage":2,"enemies":"Looter","floor":12,"turns":4},{"damage":2,"enemies":"Blue Slaver","floor":14,"turns":4},{"damage":17,"enemies":"Hexaghost","floor":16,"turns":7},{"damage":3,"enemies":"Shell Parasite","floor":18,"turns":6},{"damage":11,"enemies":"Spheric Guardian","floor":21,"turns":5},{"damage":17,"enemies":"Cultist and Chosen","floor":22,"turns":6},{"damage":27,"enemies":"Book of Stabbing","floor":23,"turns":7},{"damage":20,"enemies":"Snake Plant","floor":24,"turns":5},{"damage":60,"enemies":"Gremlin Leader","floor":27,"turns":7}],"event_choices":[{"event_name":"Shining Light","player_choice":"Entered Light","floor":3,"damage_taken":0},{"event_name":"The Library","player_choice":"Read","floor":19,"damage_taken":0},{"event_name":"Golden Shrine","player_choice":"Pray","floor":20,"damage_taken":0}],"boss_relics":[{"not_picked":["Philosopher\u0027s Stone","Runic Pyramid"],"picked":"Black Star"}],"potions_floor_spawned":[2,4,8,11,16,18,21],"seed_played":"3561873881905464105","killed_by":"Gremlin Leader","ascension_level":0,"is_trial":false}