{"path_per_floor":["M","M","?","$","M","R","E","?","T","M","M","M","R","M","R","B",null,"M","?","M","M","?","R","E","R","T","?","M","M","R","M","R"],"character_chosen":"THE_SILENT","items_purchased":["Orichalcum","Poisoned Stab"],"gold_per_floor":[118,138,213,16,34,34,62,62,88,107,124,141,141,157,157,255,255,245,160,179,189,189,189,215,215,215,215,226,241,241,261,261],"floor_reached":33,"campfire_rested":6,"playtime":2944,"current_hp_per_floor":[66,66,55,55,55,70,66,70,77,69,62,62,62,59,77,33,77,60,60,56,34,34,57,38,61,61,61,23,17,40,33,56],"items_purged":[],"gold":261,"score":271,"play_id":"2ac92fb7-86ae-48c4-94f1-69eba5f47e08","local_time":"20180312192922","is_prod":false,"is_daily":false,"is_ascension_mode":false,"campfire_upgraded":1,"timestamp":1520843362,"path_taken":["M","M","?","$","M","R","E","?","T","M","M","M","R","M","R","BOSS","M","?","?","M","?","R","E","R","T","?","?","M","R","M","R","BOSS"],"build_version":"2018-03-09","purchased_purges":0,"victory":false,"master_deck":["Defend_G+1","Defend_G+1","Defend_G+1","Defend_G+1","Defend_G+1","Strike_G+1","Strike_G+1","Strike_G+1","Strike_G+1","Strike_G+1","Survivor","Neutralize+1","Dagger Spray","Endless Agony+1","Poisoned Stab+1","Slice","Masterful Stab","Deflect","Outmaneuver","Unload","Night Terror","Flechettes+1","Deflect","Flying Knee","PiercingWail+1","Expertise","Choke","Dodge and Roll","Acrobatics+1","Tactician"],"max_hp_per_floor":[70,70,70,70,70,70,70,70,77,77,77,77,77,77,77,77,77,77,77,77,77,77,77,77,77,77,77,77,77,77,77,77],"relics":["Ring of the Snake","Orichalcum","Whetstone","Strawberry","Lizard Tail","Letter Opener","Oddly Smooth Stone","Dream Catcher"],"card_choices":[{"not_picked":["Bane","Leg Sweep"],"picked":"Dagger Spray"},{"not_picked":["Bouncing Flask","Flying Knee"],"picked":"Endless Agony"},{"not_picked":["Sucker Punch","Acrobatics"],"picked":"Slice"},{"not_picked":["Underhanded Strike","Bane"],"picked":"Endless Agony"},{"not_picked":["Choke","Eviscerate"],"picked":"Masterful Stab"},{"not_picked":["Underhanded Strike","Reflex"],"picked":"Deflect"},{"not_picked":["Bouncing Flask","Terror"],"picked":"Outmaneuver"},{"not_picked":["Footwork","Poisoned Stab"],"picked":"Unload"},{"not_picked":["Burst","A Thousand Cuts"],"picked":"Night Terror"},{"not_picked":["Choke","Acrobatics"],"picked":"Flechettes"},{"not_picked":["Dagger Spray","Dagger Throw"],"picked":"Deflect"},{"not_picked":["Masterful Stab","Flechettes"],"picked":"Flying Knee"},{"not_picked":["Skewer","Footwork"],"picked":"PiercingWail"},{"not_picked":["Bane","Poisoned Stab"],"picked":"Expertise"},{"not_picked":["Malaise","Slice"],"picked":"Choke"},{"not_picked":["Night Terror","Dagger Throw"],"picked":"Dodge and Roll"},{"not_picked":["Flechettes","Deflect"],"picked":"Acrobatics"},{"not_picked":["Poisoned Stab","Endless Agony"],"picked":"Tactician"}],"player_experience":15630,"potions_floor_usage":[12,16,16,16,21,28,29],"damage_taken":[{"damage":4,"enemies":"2 Louse","floor":1,"turns":3},{"damage":0,"enemies":"Jaw Worm","floor":2,"turns":4},{"damage":0,"enemies":"Small Slimes","floor":5,"turns":3},{"damage":4,"enemies":"Gremlin Nob","floor":7,"turns":4},{"damage":8,"enemies":"Red Slaver","floor":10,"turns":4},{"damage":7,"enemies":"2 Fungi Beasts","floor":11,"turns":3},{"damage":0,"enemies":"Exordium Thugs","floor":12,"turns":3},{"damage":3,"enemies":"Blue Slaver","floor":14,"turns":3},{"damage":44,"enemies":"The Guardian","floor":16,"turns":17},{"damage":17,"enemies":"2 Thieves","floor":18,"turns":4},{"damage":4,"enemies":"Chosen","floor":20,"turns":5},{"damage":22,"enemies":"Snecko","floor":21,"turns":6},{"damage":64,"enemies":"Book of Stabbing","floor":24,"turns":9},{"damage":38,"enemies":"Cultist and Chosen","floor":28,"turns":9},{"damage":6,"enemies":"Snake Plant","floor":29,"turns":6},{"damage":7,"enemies":"Centurion and Healer","floor":31,"turns":11},{"damage":58,"enemies":"Automaton","floor":33,"turns":6}],"event_choices":[{"event_name":"World of Goop","player_choice":"Gather Gold","floor":3,"damage_taken":0},{"event_name":"Bonfire Elementals","player_choice":"UNCOMMON","floor":8,"damage_taken":0},{"event_name":"Addict","player_choice":"Obtained Relic","floor":19,"damage_taken":0},{"event_name":"Back to Basics","player_choice":"Simplicity","floor":22,"damage_taken":0},{"event_name":"Drug Dealer","player_choice":"Ignored","floor":27,"damage_taken":0}],"boss_relics":[{"not_picked":["Velvet Choker","Runic Pyramid"],"picked":"Lizard Tail"}],"potions_floor_spawned":[2,7,10,14,16,20,24,28],"seed_played":"3875464437223875891","killed_by":"Automaton","ascension_level":0,"is_trial":false}