{"gold_per_floor":[116,133,149,167,186,186,36,36,36,55,55,55,55,67,67,145,145,157,256,306,306,323,323,343,357,357,376,376,76,89,106,106,177,177,194,209,7,7,21,21,41,59,59,2,2,12,12,12,12,12],"floor_reached":51,"playtime":2211,"items_purged":["Strike_B"],"score":1062,"play_id":"02b8df54-0e18-4030-b905-70361d7c6f99","local_time":"20180924100917","is_ascension_mode":true,"campfire_choices":[{"data":"Capacitor","floor":6,"key":"SMITH"},{"data":"Defragment","floor":13,"key":"SMITH"},{"data":"Storm","floor":15,"key":"SMITH"},{"data":"Lockon","floor":23,"key":"SMITH"},{"floor":28,"key":"REST"},{"data":"Seek","floor":32,"key":"SMITH"},{"floor":40,"key":"REST"},{"floor":45,"key":"REST"},{"floor":49,"key":"REST"}],"neow_cost":"NONE","seed_source_timestamp":833381190806974,"circlet_count":0,"master_deck":["Strike_B","Strike_B","Defend_B","Defend_B","Defend_B","Defend_B","Zap+1","Dualcast","AscendersBane","Capacitor+1","Coolheaded","White Noise","Glacier","Ball Lightning","Parasite","Defragment+1","Storm+1","Biased Cognition","Lockon+1","Cold Snap","Seek+1","Storm","Amplify","Conserve Battery","Stack","Creative AI","Go for the Eyes+1","Auto Shields","Static Discharge","Stack","Conserve Battery"],"relics":["Cracked Core","DataDisk","Peace Pipe","Nuclear Battery","Ginger","Velvet Choker","ClockworkSouvenir","The Courier"],"potions_floor_usage":[10,25,33,33,46,50],"damage_taken":[{"damage":0,"enemies":"Cultist","floor":1,"turns":3},{"damage":11,"enemies":"Small Slimes","floor":2,"turns":3},{"damage":0,"enemies":"2 Louse","floor":3,"turns":3},{"damage":23,"enemies":"Large Slime","floor":4,"turns":7},{"damage":0,"enemies":"Blue Slaver","floor":5,"turns":6},{"damage":12,"enemies":"Gremlin Gang","floor":10,"turns":4},{"damage":0,"enemies":"2 Fungi Beasts","floor":14,"turns":5},{"damage":17,"enemies":"The Guardian","floor":16,"turns":8},{"damage":0,"enemies":"Spheric Guardian","floor":18,"turns":3},{"damage":8,"enemies":"2 Thieves","floor":22,"turns":4},{"damage":21,"enemies":"Snake Plant","floor":24,"turns":4},{"damage":9,"enemies":"Chosen and Byrds","floor":25,"turns":5},{"damage":13,"enemies":"Centurion and Healer","floor":27,"turns":6},{"damage":1,"enemies":"Snecko","floor":30,"turns":5},{"damage":2,"enemies":"Cultist and Chosen","floor":31,"turns":5},{"damage":21,"enemies":"Champ","floor":33,"turns":7},{"damage":19,"enemies":"Orb Walker","floor":35,"turns":3},{"damage":23,"enemies":"3 Darklings","floor":36,"turns":6},{"damage":0,"enemies":"Maw","floor":39,"turns":5},{"damage":7,"enemies":"Transient","floor":41,"turns":5},{"damage":4,"enemies":"Sphere and 2 Shapes","floor":42,"turns":4},{"damage":8,"enemies":"Spire Growth","floor":46,"turns":3},{"damage":47,"enemies":"Time Eater","floor":50,"turns":7}],"seed_played":"8994940654117878527","potions_obtained":[{"floor":1,"key":"Weak Potion"},{"floor":3,"key":"LiquidBronze"},{"floor":4,"key":"Dexterity Potion"},{"floor":16,"key":"EssenceOfSteel"},{"floor":25,"key":"FocusPotion"},{"floor":39,"key":"Regen Potion"},{"floor":41,"key":"SpeedPotion"}],"is_trial":false,"path_per_floor":["M","M","M","M","M","R","$","?","T","M","?","$","R","M","R","B",null,"M","?","?","?","M","R","M","M","T","M","R","$","M","M","R","B",null,"M","M","$","?","M","R","M","M","T","$","R","M","?","?","R","B"],"character_chosen":"DEFECT","items_purchased":["DataDisk","Storm","Amplify","ClockworkSouvenir","PowerPotion","Conserve Battery"],"campfire_rested":4,"item_purchase_floors":[7,29,29,37,44,44],"current_hp_per_floor":[64,53,53,30,30,30,30,47,47,35,58,58,58,58,58,41,64,64,64,64,64,56,56,35,26,26,13,34,34,33,31,31,10,56,37,14,14,14,14,35,28,24,24,24,45,46,46,46,66,19],"gold":12,"neow_bonus":"UPGRADE_CARD","is_prod":false,"is_daily":false,"chose_seed":false,"campfire_upgraded":5,"win_rate":0,"timestamp":1537798157,"path_taken":["M","M","M","?","M","R","$","?","T","M","?","$","R","?","R","BOSS","M","?","?","?","?","R","M","?","T","M","R","$","M","M","R","BOSS","M","M","$","?","M","R","M","M","T","$","R","?","?","?","R","BOSS"],"build_version":"2018-09-20","purchased_purges":1,"victory":true,"max_hp_per_floor":[71,71,71,71,71,71,71,71,71,71,71,71,71,71,71,71,71,71,71,71,71,71,71,71,71,71,71,71,71,71,71,71,71,71,71,71,71,71,71,71,71,71,71,71,71,71,71,67,67,67],"card_choices":[{"not_picked":["Fusion","Force Field"],"picked":"Capacitor","floor":1},{"not_picked":["Redo","Leap"],"picked":"Coolheaded","floor":2},{"not_picked":["Auto Shields","Lockon"],"picked":"White Noise","floor":3},{"not_picked":["Consume","Turbo"],"picked":"Glacier","floor":4},{"not_picked":["Hologram","Steam"],"picked":"Ball Lightning","floor":5},{"not_picked":["Beam Cell","Barrage"],"picked":"Defragment","floor":10},{"not_picked":["Rip and Tear","Turbo"],"picked":"Storm","floor":14},{"not_picked":["Seek","Fission"],"picked":"Biased Cognition","floor":16},{"not_picked":["Fusion","Stack","Rebound"],"picked":"SKIP","floor":18},{"not_picked":["Compile Driver","Steam Power"],"picked":"Lockon","floor":22},{"not_picked":["Streamline","Leap","Sweeping Beam"],"picked":"SKIP","floor":24},{"not_picked":["Tempest","Steam"],"picked":"Cold Snap","floor":25},{"not_picked":["Double Energy","Hologram+1"],"picked":"Seek","floor":27},{"not_picked":["Barrage","Sweeping Beam"],"picked":"Conserve Battery","floor":30},{"not_picked":["Streamline","Ball Lightning"],"picked":"Stack","floor":31},{"not_picked":["Meteor Strike","Biased Cognition"],"picked":"Creative AI","floor":33},{"not_picked":["Rebound","Barrage"],"picked":"Go for the Eyes+1","floor":35},{"not_picked":["Beam Cell","Compile Driver+1"],"picked":"Auto Shields","floor":36},{"not_picked":["Sweeping Beam","Redo+1"],"picked":"Static Discharge","floor":39},{"not_picked":["Static Discharge","Turbo"],"picked":"Stack","floor":41},{"not_picked":["Fission","Compile Driver+1","Aggregate+1"],"picked":"SKIP","floor":42},{"not_picked":["Reprogram","Leap","Hello World+1"],"picked":"SKIP","floor":46}],"player_experience":253209,"relics_obtained":[{"floor":9,"key":"Peace Pipe"},{"floor":26,"key":"Ginger"},{"floor":43,"key":"The Courier"}],"event_choices":[{"event_name":"Mushrooms","player_choice":"Healed and dodged fight","floor":8,"damage_taken":0},{"event_name":"Big Fish","player_choice":"Banana","floor":11,"damage_taken":0},{"event_name":"Nest","player_choice":"Stole From Cult","floor":19,"damage_taken":0},{"event_name":"The Joust","player_choice":"Bet on Murderer","floor":20,"damage_taken":0},{"event_name":"Ghosts","player_choice":"Ignored","floor":21,"damage_taken":0},{"event_name":"Mysterious Sphere","player_choice":"Ignore","floor":38,"damage_taken":0},{"event_name":"Purifier","player_choice":"One Purge","floor":47,"damage_taken":0},{"event_name":"Winding Halls","player_choice":"Max HP","floor":48,"damage_taken":0}],"is_beta":false,"boss_relics":[{"not_picked":["White Beast Statue","Ectoplasm"],"picked":"Nuclear Battery"},{"not_picked":["Black Star","Orrery"],"picked":"Velvet Choker"}],"items_purged_floors":[29],"is_endless":false,"potions_floor_spawned":[1,3,4,16,18,25,27,39,41],"ascension_level":14}