{"gold_per_floor":[118,129,54,68,68,68,68,68,68,88,13,13,28,43,43,143,143,160,85,105,105,105,105,105,105,105,105,5,22,22,22,22,120,120,135,135,146,21,121,121,121,121,121,121,121,121,121,139,139,139],"floor_reached":51,"playtime":1411,"items_purged":["Strike_R","Regret","Strike_B"],"score":654,"play_id":"a4a68dad-c1e5-4412-866f-0991dd421860","local_time":"20190204190048","daily_mods":["Chimera","Flight","Night Terrors"],"is_ascension_mode":false,"campfire_choices":[{"data":"Darkness","floor":6,"key":"SMITH"},{"data":"Defragment","floor":8,"key":"SMITH"},{"data":"Echo Form","floor":12,"key":"SMITH"},{"data":"Chaos","floor":15,"key":"SMITH"},{"data":"Sunder","floor":23,"key":"SMITH"},{"data":"Zap","floor":24,"key":"SMITH"},{"data":"Genetic Algorithm","floor":25,"key":"SMITH"},{"data":"Bash","floor":27,"key":"SMITH"},{"data":"Undo","floor":32,"key":"SMITH"},{"data":"Defragment","floor":40,"key":"SMITH"},{"data":"Buffer","floor":41,"key":"SMITH"},{"data":"Survivor","floor":44,"key":"SMITH"},{"data":"Defend_G","floor":45,"key":"SMITH"},{"data":"Defend_B","floor":46,"key":"SMITH"},{"data":"Defend_R","floor":49,"key":"SMITH"}],"neow_cost":"","seed_source_timestamp":79961358883543,"circlet_count":0,"master_deck":["Bash+1","Survivor+1","Zap+1","Defend_R+1","Defend_G+1","Defend_B+1","Darkness+1","Sunder+1","Defragment+1","Genetic Algorithm+1","Echo Form+1","Undo+1","Chaos+1","Ball Lightning+1","Shame","Buffer+1","Defragment+1"],"relics":["Cracked Core","Mercury Hourglass","Kunai","Cursed Key","Incense Burner","Mummified Hand","Coffee Dripper","Bird Faced Urn"],"potions_floor_usage":[33,33,50],"damage_taken":[{"damage":0,"enemies":"Cultist","floor":1,"turns":3},{"damage":0,"enemies":"Small Slimes","floor":2,"turns":3},{"damage":8,"enemies":"Jaw Worm","floor":4,"turns":4},{"damage":10,"enemies":"Exordium Thugs","floor":10,"turns":4},{"damage":3,"enemies":"Looter","floor":13,"turns":4},{"damage":15,"enemies":"Large Slime","floor":14,"turns":6},{"damage":32,"enemies":"The Guardian","floor":16,"turns":7},{"damage":9,"enemies":"Shell Parasite","floor":18,"turns":5},{"damage":0,"enemies":"Spheric Guardian","floor":20,"turns":3},{"damage":10,"enemies":"Centurion and Healer","floor":29,"turns":4},{"damage":14,"enemies":"Champ","floor":33,"turns":10},{"damage":0,"enemies":"3 Darklings","floor":35,"turns":5},{"damage":3,"enemies":"3 Shapes","floor":37,"turns":4},{"damage":0,"enemies":"Mind Bloom Boss Battle","floor":39,"turns":6},{"damage":0,"enemies":"Writhing Mass","floor":48,"turns":5},{"damage":42,"enemies":"Time Eater","floor":50,"turns":8}],"seed_played":"2855715725849924258","potions_obtained":[{"floor":1,"key":"SpeedPotion"},{"floor":13,"key":"Block Potion"},{"floor":14,"key":"EssenceOfSteel"},{"floor":33,"key":"Ancient Potion"},{"floor":35,"key":"FearPotion"}],"is_trial":true,"path_per_floor":["M","M","$","M","T","R","?","R","T","M","$","R","M","M","R","B",null,"M","?","M","?","T","R","R","R","T","R","$","M","?","?","R","B",null,"M","?","M","$","?","R","R","?","T","R","R","R","$","M","R","B",null],"character_chosen":"DEFECT","items_purchased":["Defragment"],"campfire_rested":0,"item_purchase_floors":[3],"current_hp_per_floor":[75,75,75,67,67,67,67,67,67,57,57,57,54,39,39,7,75,66,66,66,66,66,66,66,66,66,66,66,56,56,42,42,28,80,80,80,77,77,77,77,77,76,76,76,76,76,76,76,76,37],"gold":139,"neow_bonus":"","is_prod":false,"is_daily":false,"chose_seed":false,"campfire_upgraded":15,"win_rate":0,"timestamp":1549267248,"path_taken":["M","M","$","?","?","R","?","R","T","?","$","R","M","?","R","BOSS","M","?","M","?","?","R","R","R","T","R","?","?","?","?","R","BOSS","M","?","M","$","?","R","R","?","T","R","R","R","$","?","R","BOSS"],"build_version":"2019-01-23","purchased_purges":3,"victory":true,"max_hp_per_floor":[75,75,75,75,75,75,75,75,75,75,75,75,75,75,75,75,75,75,75,75,75,75,75,75,75,75,75,75,75,75,80,80,80,80,80,80,80,80,80,80,80,76,76,76,76,76,76,76,76,76],"card_choices":[{"not_picked":["Blizzard","Hologram"],"picked":"Darkness","floor":1},{"not_picked":["Tempest","Blizzard"],"picked":"Sunder","floor":2},{"not_picked":["Doom and Gloom","Steam Power"],"picked":"Genetic Algorithm","floor":4},{"not_picked":["Beam Cell","Sweeping Beam"],"picked":"Undo","floor":10},{"not_picked":["Go for the Eyes","Leap"],"picked":"Chaos","floor":13},{"not_picked":["Barrage","Undo","Coolheaded"],"picked":"SKIP","floor":14},{"not_picked":["Turbo","Stack+1"],"picked":"Ball Lightning+1","floor":18},{"not_picked":["Blizzard","Barrage+1","Auto Shields+1"],"picked":"SKIP","floor":20},{"not_picked":["Cold Snap","Chill","Sweeping Beam"],"picked":"SKIP","floor":29},{"not_picked":["Rainbow","All For One"],"picked":"Buffer","floor":33},{"not_picked":["Conserve Battery","Steam","Turbo"],"picked":"SKIP","floor":35},{"not_picked":["Redo","Rebound+1"],"picked":"Defragment","floor":37},{"not_picked":["Beam Cell","Redo","Hologram+1"],"picked":"SKIP","floor":48}],"player_experience":696843,"relics_obtained":[{"floor":5,"key":"Mercury Hourglass"},{"floor":9,"key":"Kunai"},{"floor":26,"key":"Incense Burner"},{"floor":39,"key":"Bird Faced Urn"}],"event_choices":[{"damage_healed":0,"gold_gain":0,"player_choice":"1 cards matched","damage_taken":0,"max_hp_gain":0,"max_hp_loss":0,"event_name":"Match and Keep!","floor":7,"gold_loss":0,"cards_obtained":["Echo Form"]},{"cards_removed":["Strike_G"],"damage_healed":0,"gold_gain":0,"player_choice":"Gave Gold","damage_taken":0,"max_hp_gain":0,"max_hp_loss":0,"event_name":"Beggar","floor":19,"gold_loss":75},{"damage_healed":0,"gold_gain":0,"player_choice":"Ignored","damage_taken":0,"max_hp_gain":0,"max_hp_loss":0,"event_name":"Vampires","floor":21,"gold_loss":0},{"damage_healed":0,"gold_gain":0,"player_choice":"Stole Relic","damage_taken":0,"relics_obtained":["Mummified Hand"],"max_hp_gain":0,"max_hp_loss":0,"event_name":"Addict","floor":30,"gold_loss":0,"cards_obtained":["Shame"]},{"damage_healed":0,"gold_gain":0,"player_choice":"Shed Blood","damage_taken":19,"max_hp_gain":5,"max_hp_loss":0,"event_name":"Forgotten Altar","floor":31,"gold_loss":0},{"damage_healed":0,"gold_gain":0,"player_choice":"Ignored","damage_taken":0,"max_hp_gain":0,"max_hp_loss":0,"event_name":"Tomb of Lord Red Mask","floor":36,"gold_loss":0},{"damage_healed":0,"gold_gain":0,"player_choice":"Fight","damage_taken":0,"max_hp_gain":0,"max_hp_loss":0,"event_name":"MindBloom","floor":39,"gold_loss":0},{"damage_healed":0,"gold_gain":0,"player_choice":"Max HP","damage_taken":0,"max_hp_gain":0,"max_hp_loss":4,"event_name":"Winding Halls","floor":42,"gold_loss":0}],"is_beta":false,"boss_relics":[{"not_picked":["Empty Cage","Fusion Hammer"],"picked":"Cursed Key"},{"not_picked":["Lizard Tail","Calling Bell"],"picked":"Coffee Dripper"}],"items_purged_floors":[11,28,38],"is_endless":false,"potions_floor_spawned":[1,13,14,16,18,29,33,35,37,48],"ascension_level":0}