{"path_per_floor":["M","?","$","?","M","E","R","$","T","M","?","E","R","M","R","B",null,"M","?","$","?","M","E","$"],"character_chosen":"IRONCLAD","items_purchased":["Carnage","Feel No Pain","Lee\u0027s Waffle","Flex","Warcry"],"gold_per_floor":[115,65,29,29,43,86,86,47,47,62,62,102,102,116,116,242,242,265,265,21,21,34,65,14,14],"floor_reached":25,"campfire_rested":1,"playtime":2048,"item_purchase_floors":[],"current_hp_per_floor":[80,80,80,60,55,29,29,29,29,35,35,12,12,11,35,27,80,74,74,87,87,66,19,19,0],"items_purged":[],"gold":14,"score":227,"play_id":"3ceb964a-4a4b-4e50-a0c1-7a1cbaac9dd2","local_time":"20180606203221","is_prod":false,"is_daily":false,"chose_seed":false,"is_ascension_mode":false,"campfire_upgraded":2,"win_rate":0,"timestamp":1528342341,"campfire_choices":[{"data":"Fiend Fire","floor":7.0,"key":"SMITH"},{"data":"Anger","floor":13.0,"key":"SMITH"},{"floor":15.0,"key":"REST"}],"path_taken":["M","?","?","?","?","E","R","$","T","M","?","E","R","M","R","BOSS","M","?","$","?","M","E","?","E"],"build_version":"2018-05-31","seed_source_timestamp":0,"purchased_purges":0,"victory":false,"master_deck":["Strike_R","Strike_R","Strike_R","Strike_R","Strike_R","Defend_R","Defend_R","Defend_R","Bash","Fiend Fire+1","Burning Pact","Carnage","Cleave","Brutality","Feel No Pain","Anger+1","Regret","Offering","Evolve","Reaper","Infernal Blade","Flex","Clash","Ghostly Armor","Warcry"],"max_hp_per_floor":[80,80,80,80,80,80,80,80,80,80,80,80,80,80,80,80,80,80,80,87,87,90,90,90,90],"relics":["Burning Blood","Golden Idol","Ornamental Fan","Unceasing Top","Vajra","Bag of Marbles","White Beast Statue","Lee\u0027s Waffle","Darkstone Periapt","Regal Pillow"],"card_choices":[{"not_picked":["Clash","Sword Boomerang"],"picked":"Burning Pact","floor":1.0},{"not_picked":["Burning Pact","Dual Wield"],"picked":"Cleave","floor":5.0},{"not_picked":["Searing Blow","Anger"],"picked":"Brutality","floor":6.0},{"not_picked":["Body Slam","Thunderclap"],"picked":"Anger","floor":10.0},{"not_picked":["Twin Strike","Cleave"],"picked":"Offering","floor":12.0},{"not_picked":["Combust","Sever Soul"],"picked":"Evolve","floor":14.0},{"not_picked":["Fiend Fire","Barricade"],"picked":"Reaper","floor":16.0},{"not_picked":["Headbutt","Evolve"],"picked":"Infernal Blade","floor":18.0},{"not_picked":["Entrench","Uppercut"],"picked":"Clash","floor":22.0},{"not_picked":["Shrug It Off","Heavy Blade+1"],"picked":"Ghostly Armor","floor":23}],"player_experience":32467,"potions_floor_usage":[25],"damage_taken":[{"damage":6.0,"enemies":"Cultist","floor":1.0,"turns":3.0},{"damage":11.0,"enemies":"Jaw Worm","floor":5.0,"turns":2.0},{"damage":32.0,"enemies":"3 Sentries","floor":6.0,"turns":5.0},{"damage":0.0,"enemies":"2 Louse","floor":10.0,"turns":2.0},{"damage":29.0,"enemies":"Gremlin Nob","floor":12.0,"turns":4.0},{"damage":7.0,"enemies":"Exordium Thugs","floor":14.0,"turns":4.0},{"damage":28.0,"enemies":"Hexaghost","floor":16.0,"turns":6.0},{"damage":12.0,"enemies":"Chosen","floor":18.0,"turns":4.0},{"damage":30.0,"enemies":"2 Thieves","floor":22.0,"turns":3.0},{"damage":59.0,"enemies":"Gremlin Leader","floor":23.0,"turns":6.0},{"damage":21,"enemies":"Slavers","floor":25,"turns":2}],"relics_obtained":[{"floor":6.0,"key":"Ornamental Fan"},{"floor":9.0,"key":"Unceasing Top"},{"floor":12.0,"key":"Bag of Marbles"},{"floor":23,"key":"Regal Pillow"}],"event_choices":[{"event_name":"The Cleric","player_choice":"Card Removal","floor":2.0,"damage_taken":0.0},{"event_name":"Golden Idol","player_choice":"Take Damage","floor":4.0,"damage_taken":0.0},{"event_name":"Big Fish","player_choice":"Box","floor":11.0,"damage_taken":0.0},{"event_name":"Vampires","player_choice":"Ignored","floor":19.0,"damage_taken":0.0},{"event_name":"The Mausoleum","player_choice":"Yes","floor":21.0,"damage_taken":0.0}],"boss_relics":[],"items_purged_floors":[],"potions_floor_spawned":[1,6,10,14,18,22,23],"seed_played":"4806239737383984018","killed_by":"Slavers","ascension_level":0,"potions_obtained":[{"floor":1.0,"key":"Regen Potion"},{"floor":6.0,"key":"GamblersBrew"},{"floor":10.0,"key":"LiquidBronze"},{"floor":14.0,"key":"SteroidPotion"},{"floor":18.0,"key":"Strength Potion"},{"floor":22.0,"key":"Strength Potion"},{"floor":23,"key":"SteroidPotion"}],"is_trial":false}