{"gold_per_floor":[117,135,148,148,109,134,155,155,155,7,7,7,7,48,48,177,177,193,16,16,40,64,64,104,122,122,122,122,155,155,4,4,133,133,151,151,151,151,151,151,151,151,175,175],"floor_reached":44,"playtime":2915,"items_purged":["Venomology"],"score":516,"play_id":"1411b208-8525-4818-af18-b49ba2bed3bc","local_time":"20190308125103","is_ascension_mode":true,"campfire_choices":[{"floor":8,"key":"REST"},{"floor":15,"key":"REST"},{"floor":23,"key":"REST"},{"floor":27,"key":"REST"},{"floor":32,"key":"REST"},{"floor":40,"key":"REST"},{"data":"Accuracy","floor":42,"key":"SMITH"}],"neow_cost":"NONE","seed_source_timestamp":2053565540164365,"circlet_count":0,"master_deck":["Defend_G","Defend_G","Defend_G","Defend_G","Defend_G","Strike_G","Strike_G","Strike_G","Strike_G","Strike_G","Survivor","Neutralize+1","Dagger Spray","Dodge and Roll","Leg Sweep","Infinite Blades","Corpse Explosion","Infinite Blades","Escape Plan","Cloak And Dagger","Leg Sweep","Well Laid Plans","Heel Hook","Burst","Deadly Poison","Accuracy+1","Caltrops","Malaise"],"relics":["Ring of the Snake","PreservedInsect","Boot","Odd Mushroom","Sundial","Juzu Bracelet","Golden Idol","Potion Belt","The Courier","Sozu","Happy Flower","Snake Skull","Oddly Smooth Stone","Meat on the Bone","Pantograph","Runic Dome","Bronze Scales"],"potions_floor_usage":[6,16,16],"damage_taken":[{"damage":6,"enemies":"Cultist","floor":1,"turns":4},{"damage":0,"enemies":"Jaw Worm","floor":2,"turns":5},{"damage":0,"enemies":"2 Louse","floor":3,"turns":2},{"damage":9,"enemies":"Gremlin Nob","floor":6,"turns":4},{"damage":32,"enemies":"The Mushroom Lair","floor":7,"turns":5},{"damage":23,"enemies":"Lagavulin","floor":14,"turns":7},{"damage":39,"enemies":"Slime Boss","floor":16,"turns":10},{"damage":17,"enemies":"Chosen","floor":18,"turns":5},{"damage":9,"enemies":"Shell Parasite","floor":21,"turns":7},{"damage":10,"enemies":"Chosen and Byrds","floor":22,"turns":4},{"damage":10,"enemies":"Slavers","floor":24,"turns":2},{"damage":28,"enemies":"Snake Plant","floor":25,"turns":7},{"damage":7,"enemies":"Book of Stabbing","floor":29,"turns":6},{"damage":43,"enemies":"Champ","floor":33,"turns":14},{"damage":25,"enemies":"3 Darklings","floor":35,"turns":3},{"damage":71,"enemies":"Reptomancer","floor":44,"turns":2}],"seed_played":"6165909405222940709","potions_obtained":[{"floor":2,"key":"Poison Potion"},{"floor":3,"key":"Explosive Potion"},{"floor":6,"key":"Regen Potion"}],"is_trial":false,"path_per_floor":["M","M","M","?","$","E","?","R","T","$","?","?","T","E","R","B",null,"M","$","?","M","M","R","E","M","T","R","?","E","?","$","R","B",null,"M","?","?","?","?","R","?","R","T","E"],"character_chosen":"THE_SILENT","items_purchased":["Infinite Blades","Juzu Bracelet","Happy Flower","Deadly Poison","Accuracy","Caltrops"],"campfire_rested":6,"item_purchase_floors":[5,10,19,31,31,31],"current_hp_per_floor":[71,71,71,68,68,59,27,50,50,50,75,71,71,48,69,45,71,54,54,54,45,35,56,46,18,18,39,39,44,44,44,65,40,71,46,46,46,46,46,67,67,67,67,0],"gold":175,"neow_bonus":"TEN_PERCENT_HP_BONUS","is_prod":false,"is_daily":false,"chose_seed":false,"campfire_upgraded":1,"win_rate":0,"timestamp":1552067463,"path_taken":["M","M","?","?","$","E","?","R","T","?","?","?","?","E","R","BOSS","M","$","?","M","M","R","E","M","T","R","?","E","?","?","R","BOSS","M","?","?","?","?","R","?","R","T","E"],"build_version":"2019-01-23","purchased_purges":1,"victory":false,"max_hp_per_floor":[77,77,77,77,77,77,77,77,77,77,77,71,71,71,71,71,71,71,71,71,71,71,71,71,71,71,71,71,71,71,71,71,71,71,71,71,71,71,71,71,67,67,67,67],"card_choices":[{"not_picked":["Finisher","Prepared"],"picked":"Dagger Spray","floor":1},{"not_picked":["Flying Knee","Riddle With Holes"],"picked":"Dodge and Roll","floor":2},{"not_picked":["Cloak And Dagger","Quick Slash"],"picked":"Leg Sweep","floor":3},{"not_picked":["Sucker Punch","Underhanded Strike"],"picked":"Corpse Explosion","floor":6},{"not_picked":["Backflip","Leg Sweep"],"picked":"Infinite Blades","floor":7},{"not_picked":["Slice","Poisoned Stab"],"picked":"Escape Plan","floor":14},{"not_picked":["Doppelganger","Die Die Die"],"picked":"Venomology","floor":16},{"not_picked":["Reflex","Underhanded Strike"],"picked":"Cloak And Dagger","floor":18},{"not_picked":["Outmaneuver+1","Predator+1"],"picked":"Dagger Throw+1","floor":21},{"not_picked":["Outmaneuver","Acrobatics+1"],"picked":"Leg Sweep","floor":22},{"not_picked":["Deflect+1","Night Terror"],"picked":"Well Laid Plans","floor":24},{"not_picked":["Cloak And Dagger","Underhanded Strike"],"picked":"Heel Hook","floor":25},{"not_picked":["Underhanded Strike+1","Poisoned Stab"],"picked":"Burst","floor":29},{"not_picked":["Night Terror","Doppelganger"],"picked":"Malaise","floor":33},{"not_picked":["Outmaneuver","Prepared","Endless Agony+1"],"picked":"SKIP","floor":35}],"player_experience":104987,"relics_obtained":[{"floor":6,"key":"Boot"},{"floor":7,"key":"Odd Mushroom"},{"floor":9,"key":"Sundial"},{"floor":13,"key":"Potion Belt"},{"floor":14,"key":"The Courier"},{"floor":24,"key":"Snake Skull"},{"floor":26,"key":"Oddly Smooth Stone"},{"floor":29,"key":"Pantograph"},{"floor":43,"key":"Bronze Scales"}],"event_choices":[{"damage_healed":0,"gold_gain":0,"player_choice":"Success","damage_taken":3,"relics_obtained":["PreservedInsect"],"max_hp_gain":0,"max_hp_loss":0,"event_name":"Scrap Ooze","floor":4,"gold_loss":0},{"damage_healed":0,"gold_gain":0,"player_choice":"Fought Mushrooms","damage_taken":0,"max_hp_gain":0,"max_hp_loss":0,"event_name":"Mushrooms","floor":7,"gold_loss":0},{"damage_healed":25,"gold_gain":0,"player_choice":"Banana","damage_taken":0,"max_hp_gain":0,"max_hp_loss":0,"event_name":"Big Fish","floor":11,"gold_loss":0},{"damage_healed":0,"gold_gain":0,"player_choice":"Lose Max HP","damage_taken":0,"relics_obtained":["Golden Idol"],"max_hp_gain":0,"max_hp_loss":6,"event_name":"Golden Idol","floor":12,"gold_loss":0},{"damage_healed":0,"gold_gain":0,"player_choice":"Forge","damage_taken":0,"max_hp_gain":0,"max_hp_loss":0,"event_name":"Accursed Blacksmith","floor":20,"gold_loss":0,"cards_upgraded":["Neutralize"]},{"damage_healed":0,"gold_gain":0,"player_choice":"Opened","damage_taken":0,"relics_obtained":["Meat on the Bone"],"max_hp_gain":0,"max_hp_loss":0,"event_name":"The Mausoleum","floor":28,"gold_loss":0,"cards_obtained":["Writhe"]},{"damage_healed":0,"gold_gain":0,"player_choice":"Ignored","damage_taken":0,"max_hp_gain":0,"max_hp_loss":0,"event_name":"Ghosts","floor":30,"gold_loss":0},{"damage_healed":0,"gold_gain":0,"player_choice":"Ignored","damage_taken":0,"max_hp_gain":0,"max_hp_loss":0,"event_name":"Tomb of Lord Red Mask","floor":36,"gold_loss":0},{"cards_removed":["Dagger Throw"],"damage_healed":0,"gold_gain":0,"player_choice":"Removed Attack","damage_taken":0,"max_hp_gain":0,"max_hp_loss":0,"event_name":"Falling","floor":37,"gold_loss":0},{"cards_removed":["Writhe"],"damage_healed":0,"gold_gain":0,"player_choice":"Removed Curses","damage_taken":0,"max_hp_gain":0,"max_hp_loss":0,"event_name":"Fountain of Cleansing","floor":38,"gold_loss":0},{"damage_healed":0,"gold_gain":0,"player_choice":"Ignored","damage_taken":0,"max_hp_gain":0,"max_hp_loss":0,"event_name":"Mysterious Sphere","floor":39,"gold_loss":0},{"damage_healed":0,"gold_gain":0,"player_choice":"Max HP","damage_taken":0,"max_hp_gain":0,"max_hp_loss":4,"event_name":"Winding Halls","floor":41,"gold_loss":0}],"is_beta":false,"boss_relics":[{"not_picked":["Runic Pyramid","Eternal Feather"],"picked":"Sozu"},{"not_picked":["Velvet Choker","Snecko Eye"],"picked":"Runic Dome"}],"items_purged_floors":[19],"is_endless":false,"potions_floor_spawned":[2,3,6,24,25,33],"killed_by":"Reptomancer","ascension_level":2}