{"gold_per_floor":[116,116,4,18,93,136,5,44,68,82,95,131,210,235,235,331,331,350,350,374,374],"floor_reached":21,"playtime":795,"items_purged":[],"score":461,"play_id":"7c22c743-d66d-48a4-9120-b279a6e9e7eb","local_time":"20190220123103","is_ascension_mode":true,"campfire_choices":[{"data":"Perfected Strike","floor":15.0,"key":"SMITH"}],"neow_cost":"NONE","seed_source_timestamp":50222626107461,"circlet_count":0,"master_deck":["AscendersBane","Strike_R","Defend_R","Defend_R","Defend_R","Bash","Twin Strike","Shrug It Off","Thunderclap","Perfected Strike+1","Brutality","Corruption","Wild Strike","Hemokinesis","Clash","Reckless Charge","Demon Form","Sentinel","Clothesline","Dark Embrace","Flex+1","Intimidate+1","Offering+1","Seeing Red","Dropkick","Anger","Shrug It Off"],"special_seed":0,"relics":["Burning Blood","NeowsBlessing","Golden Idol","Lantern","Darkstone Periapt","Blood Vial","Bottled Flame","Shuriken","Astrolabe"],"potions_floor_usage":[],"damage_taken":[{"damage":0.0,"enemies":"Cultist","floor":1.0,"turns":1.0},{"damage":0.0,"enemies":"Small Slimes","floor":4.0,"turns":1.0},{"damage":0.0,"enemies":"Gremlin Nob","floor":6.0,"turns":1.0},{"damage":24.0,"enemies":"Lagavulin","floor":8.0,"turns":7.0},{"damage":10.0,"enemies":"Jaw Worm","floor":10.0,"turns":3.0},{"damage":1.0,"enemies":"2 Fungi Beasts","floor":11.0,"turns":3.0},{"damage":3.0,"enemies":"Gremlin Nob","floor":12.0,"turns":2.0},{"damage":21.0,"enemies":"3 Sentries","floor":13.0,"turns":5.0},{"damage":6.0,"enemies":"Looter","floor":14.0,"turns":2.0},{"damage":18.0,"enemies":"The Guardian","floor":16.0,"turns":6.0},{"damage":27,"enemies":"Spheric Guardian","floor":18,"turns":4},{"damage":42,"enemies":"2 Thieves","floor":20,"turns":4},{"damage":19,"enemies":"Cultist and Chosen","floor":21,"turns":3}],"seed_played":"-6930326924760833503","potions_obtained":[{"floor":6.0,"key":"FearPotion"},{"floor":11.0,"key":"Energy Potion"},{"floor":14.0,"key":"SteroidPotion"},{"floor":18,"key":"LiquidBronze"}],"is_trial":false,"path_per_floor":["M","?","$","M","?","E","$","E","T","M","M","E","?","M","R","B",null,"M","?","M","M"],"character_chosen":"IRONCLAD","items_purchased":["Shrug It Off","Thunderclap","Corruption","Wild Strike"],"campfire_rested":0,"item_purchase_floors":[3,3,7,7],"current_hp_per_floor":[74,48,48,54,43,49,49,31,31,29,36,41,28,30,30,20,61,42,42,8,0],"gold":374,"neow_bonus":"THREE_ENEMY_KILL","is_prod":false,"is_daily":false,"chose_seed":false,"campfire_upgraded":1,"win_rate":0,"timestamp":1550683863,"path_taken":["M","?","$","M","?","E","$","E","T","M","M","E","?","M","R","BOSS","M","?","M","M"],"build_version":"2019-01-23","purchased_purges":0,"victory":false,"max_hp_per_floor":[75,75,75,75,75,75,75,75,75,75,75,75,75,75,75,75,75,75,75,75,75],"card_choices":[{"not_picked":["Evolve","Searing Blow"],"picked":"Twin Strike","floor":1.0},{"not_picked":["Wild Strike","Dropkick"],"picked":"Perfected Strike","floor":4.0},{"not_picked":["Warcry","True Grit"],"picked":"Brutality","floor":6.0},{"not_picked":["Heavy Blade","Thunderclap"],"picked":"Hemokinesis","floor":8.0},{"not_picked":["Headbutt","Twin Strike"],"picked":"Clash","floor":10.0},{"not_picked":["Inflame","Infernal Blade"],"picked":"Reckless Charge","floor":11.0},{"not_picked":["Bludgeon","Armaments"],"picked":"Demon Form","floor":12.0},{"not_picked":["Cleave","Battle Trance"],"picked":"Sentinel","floor":13.0},{"not_picked":["Pommel Strike","Havoc"],"picked":"Clothesline","floor":14.0},{"not_picked":["Double Tap","Offering"],"picked":"Dark Embrace","floor":16.0},{"not_picked":["Clothesline","Thunderclap"],"picked":"Seeing Red","floor":18},{"not_picked":["Havoc","Twin Strike"],"picked":"Shrug It Off","floor":20}],"player_experience":521918,"relics_obtained":[{"floor":6.0,"key":"Lantern"},{"floor":8.0,"key":"Darkstone Periapt"},{"floor":9.0,"key":"Blood Vial"},{"floor":12.0,"key":"Bottled Flame"},{"floor":13.0,"key":"Shuriken"}],"event_choices":[{"damage_healed":0.0,"max_hp_gain":0.0,"max_hp_loss":0.0,"gold_gain":0.0,"event_name":"Golden Idol","player_choice":"Take Damage","floor":2.0,"gold_loss":0.0,"damage_taken":26.0,"relics_obtained":["Golden Idol"]},{"damage_healed":0.0,"max_hp_gain":0.0,"max_hp_loss":0.0,"gold_gain":75.0,"event_name":"World of Goop","player_choice":"Gather Gold","floor":5.0,"gold_loss":0.0,"damage_taken":11.0},{"damage_healed":0.0,"max_hp_gain":0.0,"max_hp_loss":0.0,"gold_gain":0.0,"event_name":"Dead Adventurer","player_choice":"Searched \u00271\u0027 times","floor":13.0,"gold_loss":0.0,"damage_taken":0.0},{"damage_healed":0,"gold_gain":0,"cards_transformed":["Defend_R","Strike_R"],"player_choice":"Became Test Subject","damage_taken":0,"max_hp_gain":0,"max_hp_loss":0,"event_name":"Drug Dealer","floor":19,"gold_loss":0,"cards_obtained":["Dropkick","Anger"]}],"is_beta":false,"boss_relics":[{"not_picked":["Black Blood","Pandora\u0027s Box"],"picked":"Astrolabe"}],"items_purged_floors":[],"is_endless":false,"potions_floor_spawned":[6,11,14,18],"killed_by":"Cultist and Chosen","ascension_level":17}