{"path_per_floor":["M","M","?","M","?","R","E","R","T","M","R","?","R","M","R","B",null,"M","M","$","M","$","R","E","?","T","R","M","M","M","M","R"],"character_chosen":"THE_SILENT","items_purchased":["Noxious Fumes","Lantern","Footwork"],"gold_per_floor":[109,121,121,133,133,133,158,158,158,171,171,171,171,190,190,291,291,305,322,24,44,5,5,37,37,37,37,54,74,90,106,106],"floor_reached":33,"campfire_rested":2,"playtime":1748,"current_hp_per_floor":[63,62,55,55,55,55,28,28,28,20,20,17,38,33,33,26,59,59,48,48,48,48,48,47,47,47,47,28,25,13,7,28],"items_purged":["Wraith Form"],"gold":106,"score":390,"play_id":"aa168d3d-1c66-4fb2-b252-da2e06d94138","local_time":"20180313182548","is_prod":false,"is_daily":false,"is_ascension_mode":true,"campfire_upgraded":6,"timestamp":1520933148,"path_taken":["M","M","?","M","?","R","E","R","T","?","R","?","R","M","R","BOSS","M","M","$","M","$","R","E","?","T","R","?","M","?","M","R","BOSS"],"build_version":"2018-03-09","purchased_purges":1,"victory":false,"master_deck":["Defend_G","Defend_G","Defend_G","Defend_G","Defend_G","Strike_G","Survivor","Neutralize+1","Corpse Explosion+1","Cloak And Dagger","Poisoned Stab+1","Riddle With Holes","Poisoned Stab+1","Leg Sweep","Quick Slash","Adrenaline","Infinite Blades+1","Deadly Poison+1","PiercingWail","Noxious Fumes+1","Bouncing Flask+1","Footwork+1","Bullet Time","Backflip"],"max_hp_per_floor":[70,70,70,70,70,70,70,70,70,70,70,70,70,70,70,70,70,70,70,70,70,70,70,70,70,70,70,70,70,70,70,70],"relics":["Ring of the Snake","Pen Nib","Sundial","Thread and Needle","Astrolabe","Lantern","Ice Cream","Du-Vu Doll"],"card_choices":[{"not_picked":["Prepared","Acrobatics"],"picked":"Cloak And Dagger"},{"not_picked":["Predator","Quick Slash"],"picked":"Poisoned Stab"},{"not_picked":["Caltrops","Heel Hook"],"picked":"Riddle With Holes"},{"not_picked":["Reflex","Doppelganger"],"picked":"Poisoned Stab"},{"not_picked":["Dagger Spray","Outmaneuver"],"picked":"Leg Sweep"},{"not_picked":["Leg Sweep","Prepared"],"picked":"Quick Slash"},{"not_picked":["Storm of Steel","Grand Finale"],"picked":"Adrenaline"},{"not_picked":["Quick Slash","Terror"],"picked":"PiercingWail"},{"not_picked":["Backflip","Quick Slash"],"picked":"Bouncing Flask"},{"not_picked":["Phantasmal Killer","Expertise"],"picked":"Bullet Time"},{"not_picked":["Dagger Throw","Prepared"],"picked":"Backflip"}],"player_experience":285346,"potions_floor_usage":[16,24,30,31],"damage_taken":[{"damage":0,"enemies":"Cultist","floor":1,"turns":5},{"damage":1,"enemies":"Small Slimes","floor":2,"turns":4},{"damage":0,"enemies":"2 Louse","floor":4,"turns":4},{"damage":27,"enemies":"Lagavulin","floor":7,"turns":9},{"damage":8,"enemies":"Large Slime","floor":10,"turns":7},{"damage":5,"enemies":"Exordium Thugs","floor":14,"turns":4},{"damage":22,"enemies":"The Guardian","floor":16,"turns":13},{"damage":0,"enemies":"Shell Parasite","floor":18,"turns":7},{"damage":11,"enemies":"Chosen","floor":19,"turns":5},{"damage":0,"enemies":"Centurion and Healer","floor":21,"turns":5},{"damage":1,"enemies":"Book of Stabbing","floor":24,"turns":5},{"damage":19,"enemies":"Cultist and Chosen","floor":28,"turns":7},{"damage":3,"enemies":"Snecko","floor":29,"turns":3},{"damage":24,"enemies":"Sentry and Sphere","floor":30,"turns":6},{"damage":6,"enemies":"Cultist and Chosen","floor":31,"turns":6},{"damage":29,"enemies":"Champ","floor":33,"turns":12}],"event_choices":[{"event_name":"Golden Wing","player_choice":"Card Removal","floor":3,"damage_taken":0},{"event_name":"Liars Game","player_choice":"disagreed","floor":5,"damage_taken":0},{"event_name":"Scrap Ooze","player_choice":"success","floor":12,"damage_taken":3},{"event_name":"Vampires","player_choice":"Ignored","floor":25,"damage_taken":0}],"boss_relics":[{"not_picked":["Question Card","Black Star"],"picked":"Astrolabe"}],"potions_floor_spawned":[10,18,19,30],"seed_played":"6513366822669273582","killed_by":"Champ","ascension_level":9,"is_trial":false}