{"gold_per_floor":[113,113,129,16,37,68,143,181,181,38,38,57,76,89,89,217,217,237,262,177,197,197,197],"floor_reached":23,"playtime":1132,"items_purged":["Regret"],"score":233,"play_id":"93ec2a4b-d11b-4672-887e-d493966d7ac8","local_time":"20190222151506","is_ascension_mode":true,"campfire_choices":[{"floor":11,"key":"REST"},{"floor":15,"key":"REST"}],"neow_cost":"CURSE","seed_source_timestamp":0,"circlet_count":0,"master_deck":["Strike_B","Strike_B","Strike_B","Strike_B","Defend_B","Defend_B","Defend_B","Defend_B","Zap","Dualcast","Madness","Violence","Scrape","Hello World","Undo","Capacitor","Defragment","Ball Lightning","Fusion","Beam Cell","Electrodynamics","Hologram","BootSequence","Reboot","Pain"],"special_seed":0,"relics":["FrozenCore","Golden Idol","Mummified Hand","Mercury Hourglass","Letter Opener","Oddly Smooth Stone","Bird Faced Urn","WarpedTongs"],"potions_floor_usage":[8,8],"damage_taken":[{"damage":1.0,"enemies":"Small Slimes","floor":1.0,"turns":3.0},{"damage":3.0,"enemies":"2 Louse","floor":3.0,"turns":2.0},{"damage":6.0,"enemies":"Cultist","floor":5.0,"turns":3.0},{"damage":11.0,"enemies":"Lagavulin","floor":6.0,"turns":8.0},{"damage":21,"enemies":"Gremlin Nob","floor":8,"turns":4},{"damage":11,"enemies":"Exordium Thugs","floor":12,"turns":4},{"damage":5,"enemies":"Looter","floor":13,"turns":2},{"damage":4,"enemies":"Lots of Slimes","floor":14,"turns":2},{"damage":28,"enemies":"The Guardian","floor":16,"turns":11},{"damage":3,"enemies":"Chosen","floor":18,"turns":4},{"damage":6,"enemies":"Shell Parasite","floor":19,"turns":6},{"damage":14,"enemies":"Snake Plant","floor":21,"turns":4},{"damage":1,"enemies":"Book of Stabbing","floor":23,"turns":1}],"seed_played":"-2429154184343418310","potions_obtained":[{"floor":1.0,"key":"AttackPotion"},{"floor":5.0,"key":"Weak Potion"},{"floor":8,"key":"Ancient Potion"},{"floor":13,"key":"EssenceOfSteel"},{"floor":16,"key":"Energy Potion"},{"floor":21,"key":"Fire Potion"}],"is_trial":false,"path_per_floor":["M","?","M","$","M","E","?","E","T","$","R","M","M","M","R","B",null,"M","M","?","M","?","E"],"character_chosen":"DEFECT","items_purchased":["Hello World","Oddly Smooth Stone"],"campfire_rested":2,"item_purchase_floors":[4,10],"current_hp_per_floor":[74,56,53,53,47,36,29,8,8,8,30,19,14,10,32,4,75,72,66,66,58,58,59],"gold":197,"neow_bonus":"RANDOM_COLORLESS_2","is_prod":false,"is_daily":false,"chose_seed":false,"campfire_upgraded":0,"win_rate":0,"timestamp":1550837706,"path_taken":["M","?","M","$","M","E","?","E","T","$","R","?","M","M","R","BOSS","M","M","?","M","?","E"],"build_version":"2019-01-23","purchased_purges":1,"victory":false,"max_hp_per_floor":[75,75,75,75,75,75,75,75,75,75,75,75,75,75,75,75,75,75,75,75,75,75,75],"card_choices":[{"not_picked":["Compile Driver","Redo"],"picked":"Scrape","floor":1.0},{"not_picked":["Blizzard","Redo","Glacier"],"picked":"SKIP","floor":3.0},{"not_picked":["Heatsinks","Coolheaded"],"picked":"Undo","floor":5.0},{"not_picked":["Barrage","Storm"],"picked":"Capacitor","floor":6.0},{"not_picked":["Core Surge","Stack"],"picked":"Defragment","floor":8},{"not_picked":["Turbo","Barrage"],"picked":"Ball Lightning","floor":12},{"not_picked":["Barrage","Steam"],"picked":"Fusion","floor":13},{"not_picked":["Fusion","Go for the Eyes"],"picked":"Beam Cell","floor":14},{"not_picked":["Buffer","Creative AI"],"picked":"Electrodynamics","floor":16},{"not_picked":["Chaos+1","Compile Driver"],"picked":"Hologram","floor":18},{"not_picked":["Go for the Eyes","Barrage"],"picked":"BootSequence","floor":19},{"not_picked":["Ball Lightning","Heatsinks"],"picked":"Reboot","floor":21}],"player_experience":331590,"relics_obtained":[{"floor":6.0,"key":"Mummified Hand"},{"floor":8,"key":"Mercury Hourglass"},{"floor":9,"key":"Letter Opener"}],"event_choices":[{"damage_healed":0.0,"max_hp_gain":0.0,"max_hp_loss":0.0,"gold_gain":0.0,"event_name":"Golden Idol","player_choice":"Take Damage","floor":2.0,"gold_loss":0.0,"damage_taken":18.0,"relics_obtained":["Golden Idol"]},{"damage_healed":0,"gold_gain":75,"player_choice":"Touch","damage_taken":7,"max_hp_gain":0,"max_hp_loss":0,"event_name":"FaceTrader","floor":7,"gold_loss":0},{"damage_healed":0,"gold_gain":0,"player_choice":"Obtained Relic","damage_taken":0,"relics_obtained":["Bird Faced Urn"],"max_hp_gain":0,"max_hp_loss":0,"event_name":"Addict","floor":20,"gold_loss":85},{"damage_healed":0,"gold_gain":0,"player_choice":"Rummage","damage_taken":0,"relics_obtained":["WarpedTongs"],"max_hp_gain":0,"max_hp_loss":0,"event_name":"Accursed Blacksmith","floor":22,"gold_loss":0,"cards_obtained":["Pain"]}],"is_beta":false,"boss_relics":[{"not_picked":["Black Star","Pandora\u0027s Box"],"picked":"FrozenCore"}],"items_purged_floors":[4],"is_endless":false,"potions_floor_spawned":[1,5,8,13,16,21],"killed_by":"Book of Stabbing","ascension_level":3}