{"path_per_floor":["M","M","M","M","?","M","R","E","T","R","T","E","M","M","R","B",null,"M","?","?","M","?","R"],"character_chosen":"IRONCLAD","items_purchased":[],"gold_per_floor":[15,32,45,58,58,69,69,102,102,102,156,190,204,224,224,328,328,346,346,346,356,356,356,356],"floor_reached":24,"campfire_rested":0,"playtime":1493,"current_hp_per_floor":[75,72,78,64,48,43,43,40,40,40,40,29,33,35,35,34,69,68,68,53,40,40,40,0],"items_purged":[],"gold":356,"score":348,"play_id":"495c410e-c1c8-4651-a012-783e6bbb9842","local_time":"20180414141912","is_prod":false,"is_daily":false,"chose_seed":false,"is_ascension_mode":true,"campfire_upgraded":4,"timestamp":1523708352,"path_taken":["M","M","M","M","?","M","R","E","T","R","?","E","M","M","R","BOSS","M","?","?","M","?","R","E"],"build_version":"2018-04-12","seed_source_timestamp":0,"purchased_purges":0,"victory":false,"master_deck":["Strike_R","Strike_R","Strike_R","Strike_R","Strike_R+1","Defend_R","Defend_R","Defend_R","Defend_R","Bash+1","Shockwave+1","Clothesline","Combust","Searing Blow+5","Headbutt","Offering","Feel No Pain","Demon Form","Dual Wield"],"max_hp_per_floor":[80,80,80,80,80,80,80,80,80,80,80,80,80,80,80,80,80,80,80,85,85,85,85,85],"relics":["Black Blood","Calipers","Whetstone","Smiling Mask","Tiny Chest","Blood Vial"],"card_choices":[{"not_picked":["Anger","Pummel"],"picked":"Shockwave","floor":1.0},{"not_picked":["Body Slam","Reckless Charge"],"picked":"Clothesline","floor":2.0},{"not_picked":["Infernal Blade","Perfected Strike"],"picked":"Combust","floor":3.0},{"not_picked":["True Grit","Armaments"],"picked":"Searing Blow","floor":4.0},{"not_picked":["Anger","Body Slam"],"picked":"Headbutt","floor":6.0},{"not_picked":["Rage","True Grit"],"picked":"Offering","floor":8.0},{"not_picked":["Entrench","Disarm"],"picked":"Feel No Pain","floor":13},{"not_picked":["Feed","Bludgeon"],"picked":"Demon Form","floor":16},{"not_picked":["Twin Strike","Intimidate"],"picked":"Dual Wield","floor":18}],"player_experience":268397,"potions_floor_usage":[13,13,21],"damage_taken":[{"damage":3.0,"enemies":"2 Louse","floor":1.0,"turns":3.0},{"damage":9.0,"enemies":"Jaw Worm","floor":2.0,"turns":4.0},{"damage":0.0,"enemies":"Small Slimes","floor":3.0,"turns":3.0},{"damage":20.0,"enemies":"Exordium Wildlife","floor":4.0,"turns":5.0},{"damage":11.0,"enemies":"Looter","floor":6.0,"turns":4.0},{"damage":9.0,"enemies":"Gremlin Nob","floor":8.0,"turns":3.0},{"damage":17,"enemies":"3 Sentries","floor":12,"turns":7},{"damage":4,"enemies":"3 Louse","floor":13,"turns":4},{"damage":6,"enemies":"Blue Slaver","floor":14,"turns":4},{"damage":9,"enemies":"Slime Boss","floor":16,"turns":8},{"damage":13,"enemies":"Spheric Guardian","floor":18,"turns":3},{"damage":25,"enemies":"2 Thieves","floor":21,"turns":3},{"damage":46,"enemies":"Gremlin Leader","floor":24,"turns":5}],"event_choices":[{"event_name":"Shining Light","player_choice":"Entered Light","floor":5.0,"damage_taken":0.0},{"event_name":"The Mausoleum","player_choice":"No","floor":19,"damage_taken":0},{"event_name":"Forgotten Altar","player_choice":"Shed Blood","floor":20,"damage_taken":0},{"event_name":"Drug Dealer","player_choice":"Ignored","floor":22,"damage_taken":0}],"boss_relics":[{"not_picked":["Runic Dome","Lizard Tail"],"picked":"Black Blood"}],"potions_floor_spawned":[3,4,6,12],"seed_played":"4086186489296791126","killed_by":"Gremlin Leader","ascension_level":7,"is_trial":false}