{"gold_per_floor":[112,130,23,43,61,61,89,100,100,100,100,100,123,148,148,148],"floor_reached":16,"playtime":471,"items_purged":[],"score":156,"play_id":"3282d8e1-452f-4996-86a9-7386e4739035","local_time":"20181021011725","is_ascension_mode":true,"campfire_choices":[{"data":"Creative AI","floor":6,"key":"SMITH"},{"data":"Doom and Gloom","floor":10,"key":"SMITH"},{"data":"Loop","floor":12,"key":"SMITH"},{"floor":15,"key":"REST"}],"neow_cost":"NONE","seed_source_timestamp":42069715927596,"circlet_count":0,"master_deck":["Strike_B","Strike_B","Strike_B","Strike_B","Defend_B+1","Defend_B","Defend_B","Defend_B","Zap+1","Dualcast","AscendersBane","Static Discharge","Consume","Loop+1","Doom and Gloom+1","Conserve Battery","Creative AI+1","Turbo","Leap","Injury","Force Field","Undo"],"relics":["Cracked Core","NeowsBlessing","War Paint","Pear","Golden Idol"],"potions_floor_usage":[7,14,16,16],"damage_taken":[{"damage":0,"enemies":"Cultist","floor":1,"turns":1},{"damage":0,"enemies":"Small Slimes","floor":2,"turns":1},{"damage":0,"enemies":"2 Louse","floor":4,"turns":1},{"damage":8,"enemies":"Blue Slaver","floor":5,"turns":4},{"damage":30,"enemies":"3 Sentries","floor":7,"turns":4},{"damage":13,"enemies":"Lots of Slimes","floor":8,"turns":3},{"damage":6,"enemies":"Looter","floor":13,"turns":3},{"damage":15,"enemies":"Exordium Wildlife","floor":14,"turns":5},{"damage":36,"enemies":"Slime Boss","floor":16,"turns":4}],"seed_played":"5237089819406334603","potions_obtained":[{"floor":2,"key":"AttackPotion"},{"floor":8,"key":"Energy Potion"},{"floor":13,"key":"Poison Potion"},{"floor":14,"key":"Fire Potion"}],"is_trial":false,"path_per_floor":["M","M","$","M","M","R","E","M","T","R","?","R","M","M","R"],"character_chosen":"DEFECT","items_purchased":["Loop","Doom and Gloom"],"campfire_rested":1,"item_purchase_floors":[3,3],"current_hp_per_floor":[68,68,68,68,60,60,30,17,27,27,27,27,21,6,31,0],"gold":148,"neow_bonus":"THREE_ENEMY_KILL","is_prod":false,"is_daily":false,"chose_seed":false,"campfire_upgraded":3,"win_rate":0,"timestamp":1540109845,"path_taken":["M","?","$","M","?","R","E","M","T","R","?","R","M","M","R","BOSS"],"build_version":"2018-10-18","purchased_purges":0,"victory":false,"max_hp_per_floor":[75,75,75,75,75,75,75,75,85,85,85,85,85,85,85,85],"card_choices":[{"not_picked":["Redo","Compile Driver"],"picked":"Static Discharge","floor":1},{"not_picked":["Ball Lightning","Reinforced Body"],"picked":"Consume","floor":2},{"not_picked":["Reprogram","Redo"],"picked":"Conserve Battery","floor":4},{"not_picked":["Rebound","Doom and Gloom"],"picked":"Creative AI","floor":5},{"not_picked":["Sunder","Steam"],"picked":"Turbo","floor":7},{"not_picked":["Lockon","Aggregate"],"picked":"Leap","floor":8},{"not_picked":["Barrage","Streamline"],"picked":"Force Field","floor":13},{"not_picked":["Coolheaded","Turbo"],"picked":"Undo","floor":14}],"player_experience":309542,"relics_obtained":[{"floor":7,"key":"War Paint"},{"floor":9,"key":"Pear"}],"event_choices":[{"damage_healed":0,"gold_gain":0,"player_choice":"Take Wound","damage_taken":0,"relics_obtained":["Golden Idol"],"max_hp_gain":0,"max_hp_loss":0,"event_name":"Golden Idol","floor":11,"gold_loss":0,"cards_obtained":["Injury"]}],"is_beta":false,"boss_relics":[],"items_purged_floors":[],"is_endless":false,"potions_floor_spawned":[2,8,13,14],"killed_by":"Slime Boss","ascension_level":10}