{"gold_per_floor":[114,114,127,127,33,63,63,163,163,163,177,177,205,215,215,313,363,374,404,422,4,4,4,4,4,29,29,39,14,14,30,30,134,134,150,163,163,163,163,163,19,19,46,62,74,93,93,93],"floor_reached":48,"playtime":3595,"items_purged":[],"score":461,"play_id":"7e1615a3-0f2f-4422-a8c0-e7a125084151","local_time":"20190302055843","is_ascension_mode":false,"campfire_choices":[{"data":"Armaments","floor":7,"key":"SMITH"},{"floor":10,"key":"REST"},{"data":"Rage","floor":15,"key":"SMITH"},{"data":"Armaments","floor":23,"key":"SMITH"},{"data":"Dramatic Entrance","floor":25,"key":"SMITH"},{"data":"Bash","floor":32,"key":"SMITH"},{"floor":40,"key":"REST"},{"floor":42,"key":"REST"}],"neow_cost":"NONE","seed_source_timestamp":44586174630524,"circlet_count":0,"master_deck":["Strike_R+1","Strike_R+1","Strike_R+1","Strike_R+1","Defend_R+1","Defend_R+1","Defend_R+1","Defend_R+1","Bash+1","Armaments+1","Rage+1","Dramatic Entrance+1","Bludgeon+1","Armaments+1","Shrug It Off","Metallicize+1","Offering","Combust+1","Flex+1","Clash+1","Inflame+1","Carnage","Cleave","Flex+1","Warcry+1","Headbutt+1","Madness","Madness","Pommel Strike+1","Shrug It Off+1"],"relics":["Burning Blood","Frozen Egg 2","Centennial Puzzle","Champion Belt","Tiny House","Tiny Chest","MealTicket","Pen Nib","MutagenicStrength","Bag of Preparation","Pantograph","Fusion Hammer","Toxic Egg 2","Bag of Marbles","Anchor"],"potions_floor_usage":[33,33,48,48,48],"damage_taken":[{"damage":5,"enemies":"Small Slimes","floor":1,"turns":5},{"damage":0,"enemies":"Cultist","floor":3,"turns":4},{"damage":43,"enemies":"Lagavulin","floor":6,"turns":13},{"damage":0,"enemies":"2 Louse","floor":11,"turns":2},{"damage":6,"enemies":"3 Sentries","floor":13,"turns":6},{"damage":0,"enemies":"Lots of Slimes","floor":14,"turns":4},{"damage":25,"enemies":"The Guardian","floor":16,"turns":11},{"damage":10,"enemies":"3 Byrds","floor":18,"turns":4},{"damage":9,"enemies":"Shell Parasite","floor":20,"turns":8},{"damage":12,"enemies":"Snake Plant","floor":28,"turns":4},{"damage":10,"enemies":"Centurion and Healer","floor":31,"turns":4},{"damage":73,"enemies":"Champ","floor":33,"turns":12},{"damage":7,"enemies":"Orb Walker","floor":35,"turns":3},{"damage":4,"enemies":"3 Shapes","floor":36,"turns":4},{"damage":2,"enemies":"3 Darklings","floor":44,"turns":3},{"damage":18,"enemies":"Spire Growth","floor":45,"turns":3},{"damage":9,"enemies":"Sphere and 2 Shapes","floor":46,"turns":4},{"damage":93,"enemies":"Donu and Deca","floor":48,"turns":8}],"seed_played":"8064661097240099588","potions_obtained":[{"floor":3,"key":"Fire Potion"},{"floor":6,"key":"LiquidBronze"},{"floor":13,"key":"SteroidPotion"},{"floor":14,"key":"FearPotion"},{"floor":28,"key":"BloodPotion"},{"floor":31,"key":"Strength Potion"},{"floor":35,"key":"Energy Potion"},{"floor":44,"key":"FearPotion"},{"floor":46,"key":"PowerPotion"}],"is_trial":false,"path_per_floor":["M","?","M","?","$","E","R","?","T","R","M","?","E","M","R","B",null,"M","?","M","$","?","R","?","R","T","?","M","$","T","M","R","B",null,"M","M","?","$","T","R","$","R","T","M","M","M","?","B"],"character_chosen":"IRONCLAD","items_purchased":["Dramatic Entrance","Inflame+1","MealTicket","Pen Nib","Cleave","Bag of Marbles"],"campfire_rested":3,"item_purchase_floors":[5,21,21,21,29,41],"current_hp_per_floor":[88,88,88,88,88,51,51,51,51,77,83,65,65,71,71,52,93,89,89,86,86,86,86,86,86,86,86,80,80,80,76,76,26,93,92,93,81,81,81,93,93,93,93,93,81,78,78,0],"gold":93,"neow_bonus":"TEN_PERCENT_HP_BONUS","is_prod":false,"is_daily":false,"chose_seed":false,"campfire_upgraded":5,"win_rate":0.0,"timestamp":1551527923,"path_taken":["M","?","?","?","$","E","R","?","T","R","?","?","E","M","R","BOSS","M","?","M","$","?","R","?","R","T","?","M","?","?","M","R","BOSS","M","M","?","?","?","R","$","R","T","?","M","M","?","BOSS"],"build_version":"2019-01-23","purchased_purges":0,"victory":false,"max_hp_per_floor":[88,88,88,88,88,88,88,88,88,88,88,88,88,88,88,88,93,93,93,93,93,93,93,93,93,93,93,93,93,93,93,93,93,93,93,93,93,93,93,93,93,93,93,93,93,93,93,93],"card_choices":[{"not_picked":["Flex","Cleave"],"picked":"Armaments","floor":1},{"not_picked":["Uppercut","Body Slam"],"picked":"Rage","floor":3},{"not_picked":["Flex","Warcry"],"picked":"Bludgeon","floor":6},{"not_picked":["Flex","Corruption+1"],"picked":"Armaments","floor":11},{"not_picked":["Twin Strike","Corruption+1"],"picked":"Shrug It Off","floor":13},{"not_picked":["Fire Breathing+1","Thunderclap"],"picked":"Metallicize+1","floor":14},{"not_picked":["Limit Break","Bludgeon"],"picked":"Offering","floor":16},{"not_picked":["Ghostly Armor","Pommel Strike"],"picked":"Combust+1","floor":17},{"not_picked":["Clothesline+1","Iron Wave"],"picked":"Flex+1","floor":18},{"not_picked":["Sever Soul","Pommel Strike"],"picked":"Clash+1","floor":20},{"not_picked":["Armaments","Pommel Strike"],"picked":"Carnage","floor":28},{"not_picked":["Twin Strike","Dropkick+1"],"picked":"Flex+1","floor":31},{"not_picked":["Anger","Clothesline"],"picked":"Warcry+1","floor":35},{"not_picked":["Clash","Burning Pact+1"],"picked":"Headbutt+1","floor":36},{"not_picked":["Feel No Pain+1","Cleave+1"],"picked":"Pommel Strike+1","floor":44},{"not_picked":["Thunderclap+1","Rupture+1"],"picked":"Shrug It Off+1","floor":45},{"not_picked":["Heavy Blade","Sword Boomerang","Pummel"],"picked":"SKIP","floor":46}],"player_experience":37251,"relics_obtained":[{"floor":6,"key":"Frozen Egg 2"},{"floor":9,"key":"Centennial Puzzle"},{"floor":13,"key":"Champion Belt"},{"floor":26,"key":"Bag of Preparation"},{"floor":30,"key":"Pantograph"},{"floor":39,"key":"Toxic Egg 2"},{"floor":43,"key":"Anchor"}],"event_choices":[{"cards_removed":["Strike_R"],"damage_healed":0,"gold_gain":0,"player_choice":"Offered Basic","damage_taken":0,"max_hp_gain":0,"max_hp_loss":0,"event_name":"Bonfire Elementals","floor":2,"gold_loss":0},{"damage_healed":0,"gold_gain":0,"player_choice":"Leave","damage_taken":0,"max_hp_gain":0,"max_hp_loss":0,"event_name":"The Cleric","floor":4,"gold_loss":0},{"damage_healed":0,"gold_gain":100,"player_choice":"Pray","damage_taken":0,"max_hp_gain":0,"max_hp_loss":0,"event_name":"Golden Shrine","floor":8,"gold_loss":0},{"damage_healed":0,"gold_gain":0,"player_choice":"Entered Light","damage_taken":18,"max_hp_gain":0,"max_hp_loss":0,"event_name":"Shining Light","floor":12,"gold_loss":0,"cards_upgraded":["Bludgeon","Defend_R"]},{"damage_healed":0,"gold_gain":0,"player_choice":"Opened","damage_taken":0,"relics_obtained":["Tiny Chest"],"max_hp_gain":0,"max_hp_loss":0,"event_name":"The Mausoleum","floor":19,"gold_loss":0},{"damage_healed":0,"gold_gain":0,"player_choice":"Simplicity","damage_taken":0,"max_hp_gain":0,"max_hp_loss":0,"event_name":"Back to Basics","floor":22,"gold_loss":0,"cards_upgraded":["Strike_R","Strike_R","Strike_R","Defend_R","Defend_R","Defend_R"]},{"damage_healed":0,"gold_gain":0,"player_choice":"Inject Mutagens","damage_taken":0,"relics_obtained":["MutagenicStrength"],"max_hp_gain":0,"max_hp_loss":0,"event_name":"Drug Dealer","floor":24,"gold_loss":0},{"damage_healed":0,"gold_gain":0,"player_choice":"Ignored","damage_taken":0,"max_hp_gain":0,"max_hp_loss":0,"event_name":"Beggar","floor":27,"gold_loss":0},{"damage_healed":0,"gold_gain":0,"player_choice":"Embrace Madness","damage_taken":12,"max_hp_gain":0,"max_hp_loss":0,"event_name":"Winding Halls","floor":37,"gold_loss":0,"cards_obtained":["Madness","Madness"]},{"damage_healed":0,"gold_gain":0,"player_choice":"Took Portal","damage_taken":0,"max_hp_gain":0,"max_hp_loss":0,"event_name":"SecretPortal","floor":47,"gold_loss":0}],"is_beta":false,"boss_relics":[{"not_picked":["Philosopher\u0027s Stone","Lizard Tail"],"picked":"Tiny House"},{"not_picked":["Eternal Feather","Astrolabe"],"picked":"Fusion Hammer"}],"items_purged_floors":[],"is_endless":false,"potions_floor_spawned":[3,6,13,14,18,28,31,35,44,46],"killed_by":"Donu and Deca","ascension_level":0}