{"gold_per_floor":[109,34,34,49,63,63,63,63,63,74,84,103,103,120,120,197,197,209,209,222,235,317,317,317,351,351,351,369,369,396,321,321,321],"floor_reached":33,"playtime":1739,"items_purged":["Regret"],"score":452,"play_id":"99bf4919-0eb7-4a23-96d5-d89f649641d4","local_time":"20190307063259","is_ascension_mode":true,"campfire_choices":[{"data":"Bash","floor":6,"key":"SMITH"},{"data":"Inflame","floor":8,"key":"SMITH"},{"data":"Battle Trance","floor":13,"key":"SMITH"},{"data":"Clothesline","floor":15,"key":"SMITH"},{"data":"Warcry","floor":24,"key":"SMITH"},{"floor":27,"key":"REST"},{"floor":29,"key":"REST"},{"data":"True Grit","floor":32,"key":"SMITH"}],"neow_cost":"CURSE","seed_source_timestamp":16348889122746,"circlet_count":0,"master_deck":["AscendersBane","Strike_R","Strike_R","Strike_R","Strike_R","Defend_R","Defend_R","Defend_R","Defend_R","Bash+1","Clothesline+1","Inflame+1","Battle Trance+1","Clothesline+1","Double Tap","Warcry+1","Shrug It Off+1","True Grit+1"],"relics":["Burning Blood","Self Forming Clay","Busted Crown","Bottled Tornado","Oddly Smooth Stone","Blue Candle","Red Mask"],"potions_floor_usage":[7,11,16,21,21,30,30],"damage_taken":[{"damage":8,"enemies":"2 Louse","floor":1,"turns":3},{"damage":4,"enemies":"Cultist","floor":4,"turns":3},{"damage":10,"enemies":"Small Slimes","floor":5,"turns":3},{"damage":0,"enemies":"Exordium Thugs","floor":7,"turns":1},{"damage":15,"enemies":"Gremlin Gang","floor":10,"turns":4},{"damage":21,"enemies":"Large Slime","floor":11,"turns":5},{"damage":0,"enemies":"3 Louse","floor":12,"turns":5},{"damage":4,"enemies":"Looter","floor":14,"turns":4},{"damage":52,"enemies":"Slime Boss","floor":16,"turns":11},{"damage":32,"enemies":"Chosen","floor":18,"turns":5},{"damage":17,"enemies":"2 Thieves","floor":20,"turns":4},{"damage":17,"enemies":"Snake Plant","floor":21,"turns":3},{"damage":43,"enemies":"Book of Stabbing","floor":25,"turns":5},{"damage":12,"enemies":"Snecko","floor":28,"turns":4},{"damage":7,"enemies":"Masked Bandits","floor":30,"turns":3},{"damage":80,"enemies":"Champ","floor":33,"turns":13}],"seed_played":"-1367386551108094087","potions_obtained":[{"floor":4,"key":"Dexterity Potion"},{"floor":5,"key":"SmokeBomb"},{"floor":10,"key":"BloodPotion"},{"floor":11,"key":"FearPotion"},{"floor":18,"key":"Strength Potion"},{"floor":25,"key":"Explosive Potion"},{"floor":28,"key":"AttackPotion"}],"is_trial":false,"path_per_floor":["M","$","?","M","M","R","M","R","T","M","M","M","R","M","R","B",null,"M","?","M","M","T","?","R","E","T","R","M","R","?","?","R","B"],"character_chosen":"IRONCLAD","items_purchased":[],"campfire_rested":2,"item_purchase_floors":[],"current_hp_per_floor":[86,86,86,88,84,84,90,90,90,81,75,81,81,83,83,37,81,55,46,35,24,24,56,56,19,19,47,41,69,68,68,68,0],"gold":321,"neow_bonus":"TWENTY_PERCENT_HP_BONUS","is_prod":false,"is_daily":false,"chose_seed":false,"campfire_upgraded":6,"win_rate":0,"timestamp":1551961979,"path_taken":["M","$","?","M","M","R","?","R","T","M","M","M","R","M","R","BOSS","M","?","?","?","?","?","R","E","T","R","M","R","?","?","R","BOSS"],"build_version":"2019-01-23","purchased_purges":1,"victory":false,"max_hp_per_floor":[96,96,96,96,96,96,96,96,96,96,96,96,96,96,96,96,96,96,96,96,96,96,96,96,96,96,96,96,96,96,96,96,96],"card_choices":[{"not_picked":["Hemokinesis","Battle Trance"],"picked":"Clothesline","floor":1},{"not_picked":["Cleave","Armaments"],"picked":"Inflame","floor":4},{"not_picked":["Perfected Strike","Rampage"],"picked":"Battle Trance","floor":5},{"not_picked":["Iron Wave","Brutality","Seeing Red"],"picked":"SKIP","floor":10},{"not_picked":["Armaments","Sentinel","Havoc"],"picked":"SKIP","floor":11},{"not_picked":["Intimidate","Sever Soul","Clash"],"picked":"SKIP","floor":12},{"not_picked":["Searing Blow","Headbutt"],"picked":"Clothesline","floor":14},{"not_picked":["Brutality","Bludgeon"],"picked":"Double Tap","floor":16},{"not_picked":[],"picked":"Warcry","floor":18},{"not_picked":["Heavy Blade"],"picked":"SKIP","floor":20},{"not_picked":["Warcry"],"picked":"SKIP","floor":21},{"not_picked":["Whirlwind"],"picked":"SKIP","floor":25},{"not_picked":[],"picked":"Shrug It Off+1","floor":28},{"not_picked":[],"picked":"True Grit","floor":30}],"player_experience":251275,"relics_obtained":[{"floor":9,"key":"Self Forming Clay"},{"floor":22,"key":"Bottled Tornado"},{"floor":25,"key":"Oddly Smooth Stone"},{"floor":26,"key":"Blue Candle"},{"floor":30,"key":"Red Mask"}],"event_choices":[{"damage_healed":0,"gold_gain":0,"player_choice":"Upgraded","damage_taken":0,"max_hp_gain":0,"max_hp_loss":0,"event_name":"Upgrade Shrine","floor":3,"gold_loss":0,"cards_upgraded":["Clothesline"]},{"damage_healed":0,"gold_gain":0,"player_choice":"","damage_taken":9,"max_hp_gain":0,"max_hp_loss":0,"event_name":"Knowing Skull","floor":19,"potions_obtained":[],"gold_loss":0,"cards_obtained":[]},{"damage_healed":32,"gold_gain":0,"player_choice":"Heal","damage_taken":0,"max_hp_gain":0,"max_hp_loss":0,"event_name":"The Library","floor":23,"gold_loss":0},{"damage_healed":0,"gold_gain":0,"player_choice":"Fought Bandits","damage_taken":0,"max_hp_gain":0,"max_hp_loss":0,"event_name":"Masked Bandits","floor":30,"gold_loss":0},{"cards_removed":["Strike_R"],"damage_healed":0,"gold_gain":0,"player_choice":"Gave Gold","damage_taken":0,"max_hp_gain":0,"max_hp_loss":0,"event_name":"Beggar","floor":31,"gold_loss":75}],"is_beta":false,"boss_relics":[{"not_picked":["Snecko Eye","Coffee Dripper"],"picked":"Busted Crown"}],"items_purged_floors":[2],"is_endless":false,"potions_floor_spawned":[4,5,10,11,18,20,25,28],"killed_by":"Champ","ascension_level":13}