{"gold_per_floor":[116,116,116,140,159,203,203,237,237,2,0,0,0,44,44,174,174,189,41,41,41,56,56,56,81,150,165,179,211,229,257,257,352,352,369,369,369,121,132,148,148,166,246,259,293,307,335,351,351,351,351,351,3,32,32],"floor_reached":55,"playtime":3657,"items_purged":["Strike_R","Strike_R","Strike_R"],"score":1187,"play_id":"97752cfa-252e-4327-9372-f54d30db53b3","local_time":"20190223121454","is_ascension_mode":true,"campfire_choices":[{"data":"Searing Blow","floor":7.0,"key":"SMITH"},{"data":"Searing Blow+1","floor":13.0,"key":"SMITH"},{"data":"Rage","floor":15.0,"key":"SMITH"},{"data":"Body Slam","floor":24.0,"key":"SMITH"},{"data":"Juggernaut","floor":32.0,"key":"SMITH"},{"floor":41.0,"key":"RECALL"},{"floor":49.0,"key":"REST"},{"floor":52.0,"key":"REST"}],"neow_cost":"NONE","seed_source_timestamp":0,"circlet_count":0,"master_deck":["Strike_R+1","Defend_R","Defend_R","Defend_R","Defend_R+1","Bash","Searing Blow+2","Clash","Impervious","Disarm","Armaments","Metallicize","Finesse","Anger","Rage+1","Juggernaut+1","Body Slam+1","RitualDagger","Clash","Body Slam","Ghostly Armor","Shrug It Off","Warcry+1","Rage","Impervious","Flame Barrier","Finesse","Chrysalis","Warcry+1","Iron Wave","Rampage+1","Clash","Impervious","Blood for Blood+1","Armaments","Metallicize"],"special_seed":0,"relics":["Burning Blood","Vajra","Dodecahedron","Kunai","Thread and Needle","Black Star","Happy Flower","Nloth\u0027s Gift","Pantograph","Self Forming Clay","Meat on the Bone","Charon\u0027s Ashes","FossilizedHelix","Orichalcum","Darkstone Periapt","Fusion Hammer","Oddly Smooth Stone","Unceasing Top","Red Skull","Juzu Bracelet","Mercury Hourglass","Bag of Preparation","Lantern"],"potions_floor_usage":[55,55,55,55,55,55],"damage_taken":[{"damage":6.0,"enemies":"2 Louse","floor":1.0,"turns":4.0},{"damage":1.0,"enemies":"Jaw Worm","floor":4.0,"turns":5.0},{"damage":0.0,"enemies":"Small Slimes","floor":5.0,"turns":4.0},{"damage":17.0,"enemies":"3 Sentries","floor":6.0,"turns":7.0},{"damage":14.0,"enemies":"Gremlin Nob","floor":8.0,"turns":5.0},{"damage":5.0,"enemies":"Looter","floor":11.0,"turns":4.0},{"damage":16.0,"enemies":"3 Sentries","floor":14.0,"turns":9.0},{"damage":2.0,"enemies":"The Guardian","floor":16.0,"turns":12.0},{"damage":1.0,"enemies":"2 Thieves","floor":18.0,"turns":5.0},{"damage":8.0,"enemies":"Chosen","floor":22.0,"turns":5.0},{"damage":17.0,"enemies":"Gremlin Leader","floor":25.0,"turns":6.0},{"damage":14.0,"enemies":"Snake Plant","floor":27.0,"turns":4.0},{"damage":17.0,"enemies":"Centurion and Healer","floor":28.0,"turns":4.0},{"damage":11.0,"enemies":"Book of Stabbing","floor":29.0,"turns":4.0},{"damage":0.0,"enemies":"Snecko","floor":30.0,"turns":4.0},{"damage":0.0,"enemies":"Gremlin Leader","floor":31.0,"turns":8.0},{"damage":3.0,"enemies":"Champ","floor":33.0,"turns":9.0},{"damage":11.0,"enemies":"3 Darklings","floor":35.0,"turns":5.0},{"damage":0.0,"enemies":"Orb Walker","floor":39.0,"turns":3.0},{"damage":0.0,"enemies":"4 Shapes","floor":40.0,"turns":4.0},{"damage":0.0,"enemies":"Sphere and 2 Shapes","floor":42.0,"turns":6.0},{"damage":0.0,"enemies":"3 Darklings","floor":44.0,"turns":4.0},{"damage":0.0,"enemies":"Giant Head","floor":45.0,"turns":8.0},{"damage":0.0,"enemies":"Jaw Worm Horde","floor":46.0,"turns":3.0},{"damage":0.0,"enemies":"Reptomancer","floor":47.0,"turns":6.0},{"damage":0.0,"enemies":"Sphere and 2 Shapes","floor":48.0,"turns":3.0},{"damage":8.0,"enemies":"Awakened One","floor":50.0,"turns":11.0},{"damage":26.0,"enemies":"Shield and Spear","floor":54.0,"turns":5.0},{"damage":97,"enemies":"The Heart","floor":55,"turns":8}],"seed_played":"2481694453976619995","potions_obtained":[{"floor":4.0,"key":"SteroidPotion"},{"floor":5.0,"key":"Explosive Potion"},{"floor":16.0,"key":"SteroidPotion"},{"floor":27.0,"key":"Strength Potion"},{"floor":30.0,"key":"Explosive Potion"},{"floor":33.0,"key":"AttackPotion"},{"floor":39.0,"key":"Block Potion"},{"floor":40.0,"key":"SmokeBomb"},{"floor":42.0,"key":"AttackPotion"},{"floor":46.0,"key":"AttackPotion"}],"is_trial":false,"path_per_floor":["M","?","?","M","M","E","R","E","T","$","M","?","R","E","R","B",null,"M","$","?","?","M","$","R","E","T","M","M","E","M","E","R","B",null,"M","?","?","$","M","M","R","M","T","M","E","M","E","M","R","B",null,"R","$","E","B"],"character_chosen":"IRONCLAD","items_purchased":["Metallicize","Finesse","Happy Flower","Oddly Smooth Stone","EntropicBrew","Dexterity Potion","Dexterity Potion","Armaments"],"campfire_rested":2,"item_purchase_floors":[10,10,19,38,53,53,53,53],"current_hp_per_floor":[80,62,40,45,51,40,40,32,32,32,33,33,33,23,23,27,73,78,78,72,72,70,70,70,59,59,51,52,59,65,71,71,88,88,83,73,73,73,79,85,85,88,88,88,88,88,88,88,88,86,88,88,88,68,0],"gold":32,"neow_bonus":"TEN_PERCENT_HP_BONUS","is_prod":false,"is_daily":false,"chose_seed":false,"campfire_upgraded":5,"win_rate":0,"timestamp":1550913294,"path_taken":["M","?","?","M","M","E","R","E","T","$","M","?","R","E","R","BOSS","M","$","?","?","?","?","R","E","T","M","M","E","M","E","R","BOSS","M","?","?","$","?","M","R","?","T","M","E","M","E","M","R","BOSS","R","$","E","BOSS"],"build_version":"2019-01-23","purchased_purges":3,"victory":false,"max_hp_per_floor":[88,88,88,88,88,88,88,88,88,88,88,88,88,88,88,88,88,88,88,88,88,88,88,88,88,88,88,88,88,88,88,88,88,88,88,88,88,88,88,88,88,88,88,88,88,88,88,88,88,88,88,88,88,88,88],"card_choices":[{"not_picked":["True Grit","Entrench"],"picked":"Searing Blow","floor":1.0},{"not_picked":["Sword Boomerang","Perfected Strike"],"picked":"Clash","floor":4.0},{"not_picked":["Warcry","Armaments"],"picked":"Impervious","floor":5.0},{"not_picked":["Sever Soul","True Grit"],"picked":"Disarm","floor":6.0},{"not_picked":["Uppercut","Warcry"],"picked":"Armaments","floor":8.0},{"not_picked":["Sword Boomerang","Iron Wave"],"picked":"Anger","floor":11.0},{"not_picked":["True Grit","Flex"],"picked":"Rage","floor":14.0},{"not_picked":["Berserk","Offering"],"picked":"Juggernaut","floor":16.0},{"not_picked":["Heavy Blade","Twin Strike"],"picked":"Body Slam","floor":18.0},{"not_picked":["True Grit","Wild Strike"],"picked":"Clash","floor":22.0},{"not_picked":["Cleave+1","Reaper"],"picked":"Body Slam","floor":25.0},{"not_picked":["Clothesline","Dropkick","Twin Strike"],"picked":"SKIP","floor":27.0},{"not_picked":["Searing Blow","Cleave+1"],"picked":"Ghostly Armor","floor":28.0},{"not_picked":["Immolate","Perfected Strike+1"],"picked":"Shrug It Off","floor":29.0},{"not_picked":["Shrug It Off","Headbutt"],"picked":"Warcry+1","floor":30.0},{"not_picked":["Dropkick","Shrug It Off"],"picked":"Rage","floor":31.0},{"not_picked":["Exhume","Bludgeon"],"picked":"Impervious","floor":33.0},{"not_picked":["Twin Strike","Anger"],"picked":"Flame Barrier","floor":35.0},{"not_picked":["Trip","Secret Weapon"],"picked":"Finesse","floor":36.0},{"not_picked":["Secret Technique","Thinking Ahead"],"picked":"Chrysalis","floor":36.0},{"not_picked":["Havoc","Bloodletting","Cleave+1"],"picked":"SKIP","floor":39.0},{"not_picked":["Immolate","Corruption"],"picked":"Warcry+1","floor":40.0},{"not_picked":["Havoc+1","Clash"],"picked":"Iron Wave","floor":42.0},{"not_picked":["True Grit+1","Hemokinesis+1","Headbutt+1"],"picked":"SKIP","floor":44.0},{"not_picked":["Entrench","Rampage+1","Feed"],"picked":"SKIP","floor":45.0},{"not_picked":["Entrench","Feed"],"picked":"Rampage+1","floor":45.0},{"not_picked":["Perfected Strike","Twin Strike"],"picked":"Clash","floor":46.0},{"not_picked":["Bloodletting+1","Fire Breathing"],"picked":"Impervious","floor":47.0},{"not_picked":["Flex","Perfected Strike+1"],"picked":"Blood for Blood+1","floor":48.0},{"not_picked":["Rampage+1","Thunderclap"],"picked":"Metallicize","floor":54.0}],"player_experience":332722,"relics_obtained":[{"floor":6.0,"key":"Vajra"},{"floor":8.0,"key":"Dodecahedron"},{"floor":9.0,"key":"Kunai"},{"floor":14.0,"key":"Thread and Needle"},{"floor":25.0,"key":"Pantograph"},{"floor":25.0,"key":"Self Forming Clay"},{"floor":26.0,"key":"Meat on the Bone"},{"floor":29.0,"key":"Charon\u0027s Ashes"},{"floor":29.0,"key":"FossilizedHelix"},{"floor":31.0,"key":"Orichalcum"},{"floor":31.0,"key":"Darkstone Periapt"},{"floor":45.0,"key":"Unceasing Top"},{"floor":45.0,"key":"Red Skull"},{"floor":47.0,"key":"Juzu Bracelet"},{"floor":47.0,"key":"Mercury Hourglass"},{"floor":54.0,"key":"Bag of Preparation"},{"floor":54.0,"key":"Lantern"}],"event_choices":[{"damage_healed":0.0,"max_hp_gain":0.0,"max_hp_loss":0.0,"gold_gain":0.0,"event_name":"Shining Light","player_choice":"Entered Light","floor":2.0,"gold_loss":0.0,"damage_taken":18.0,"cards_upgraded":["Defend_R","Strike_R"]},{"damage_healed":0.0,"max_hp_gain":0.0,"max_hp_loss":0.0,"gold_gain":0.0,"event_name":"Golden Idol","player_choice":"Take Damage","floor":3.0,"gold_loss":0.0,"damage_taken":22.0,"relics_obtained":["Golden Idol"]},{"damage_healed":0.0,"max_hp_gain":0.0,"max_hp_loss":0.0,"gold_gain":0.0,"event_name":"The Cleric","player_choice":"Leave","floor":12.0,"gold_loss":0.0,"damage_taken":0.0},{"damage_healed":0.0,"max_hp_gain":0.0,"max_hp_loss":0.0,"gold_gain":0.0,"event_name":"Nest","player_choice":"Joined the Cult","floor":20.0,"gold_loss":0.0,"damage_taken":6.0,"cards_obtained":["RitualDagger"]},{"damage_healed":0.0,"max_hp_gain":0.0,"max_hp_loss":0.0,"gold_gain":0.0,"event_name":"N\u0027loth","player_choice":"Traded Relic","floor":21.0,"relics_lost":["Golden Idol"],"gold_loss":0.0,"damage_taken":0.0,"relics_obtained":["Nloth\u0027s Gift"]},{"damage_healed":0.0,"max_hp_gain":0.0,"max_hp_loss":0.0,"gold_gain":0.0,"event_name":"SensoryStone","player_choice":"Memory 3","floor":36.0,"gold_loss":0.0,"damage_taken":10.0},{"cards_removed":["Strike_R"],"damage_healed":0.0,"max_hp_gain":0.0,"max_hp_loss":0.0,"gold_gain":0.0,"event_name":"Purifier","player_choice":"Purged","floor":37.0,"gold_loss":0.0,"damage_taken":0.0}],"is_beta":false,"boss_relics":[{"not_picked":["Calling Bell","Empty Cage"],"picked":"Black Star"},{"not_picked":["White Beast Statue","Black Blood"],"picked":"Fusion Hammer"}],"items_purged_floors":[10,38,53],"is_endless":false,"potions_floor_spawned":[4,5,16,27,30,33,39,40,42,46,54],"killed_by":"The Heart","ascension_level":8}