{"gold_per_floor":[116,129,143,161,236,263,263],"floor_reached":7,"playtime":881,"items_purged":[],"score":93,"play_id":"b232d5a2-7b8c-454f-8220-c538fc7226e9","local_time":"20190219005610","is_ascension_mode":true,"campfire_choices":[],"neow_cost":"NONE","seed_source_timestamp":94564868635646,"circlet_count":0,"master_deck":["AscendersBane","Defend_G","Defend_G","Defend_G","Defend_G","Defend_G","Strike_G","Strike_G","Strike_G","Strike_G","Strike_G","Survivor","Neutralize","Wraith Form v2","Poisoned Stab","Quick Slash","Backflip","Flying Knee","Backflip+1"],"special_seed":0,"relics":["Ring of the Snake","Toxic Egg 2"],"potions_floor_usage":[7],"damage_taken":[{"damage":1.0,"enemies":"Jaw Worm","floor":1.0,"turns":6.0},{"damage":3.0,"enemies":"Small Slimes","floor":2.0,"turns":4.0},{"damage":1.0,"enemies":"Cultist","floor":3.0,"turns":4.0},{"damage":3.0,"enemies":"3 Louse","floor":4.0,"turns":5.0},{"damage":35.0,"enemies":"Lagavulin","floor":6.0,"turns":10.0},{"damage":9,"enemies":"Gremlin Gang","floor":7,"turns":2}],"seed_played":"5441767973919634765","potions_obtained":[{"floor":2.0,"key":"SneckoOil"},{"floor":6.0,"key":"Poison Potion"}],"is_trial":false,"path_per_floor":["M","M","M","M","?","E","M"],"character_chosen":"THE_SILENT","items_purchased":[],"campfire_rested":0,"item_purchase_floors":[],"current_hp_per_floor":[58,55,54,51,40,5,0],"gold":263,"neow_bonus":"ONE_RANDOM_RARE_CARD","is_prod":false,"is_daily":false,"chose_seed":false,"campfire_upgraded":0,"win_rate":0,"timestamp":1550555770,"path_taken":["M","M","M","M","?","E","M"],"build_version":"2019-01-23","purchased_purges":0,"victory":false,"max_hp_per_floor":[66,66,66,66,66,66,66],"card_choices":[{"not_picked":["Outmaneuver","Acrobatics"],"picked":"Poisoned Stab","floor":1.0},{"not_picked":["Underhanded Strike","Outmaneuver"],"picked":"Quick Slash","floor":2.0},{"not_picked":["Outmaneuver","PiercingWail"],"picked":"Backflip","floor":3.0},{"not_picked":["Underhanded Strike","Escape Plan"],"picked":"Flying Knee","floor":4.0},{"not_picked":["Calculated Gamble","Skewer"],"picked":"Backflip","floor":6.0}],"player_experience":477133,"relics_obtained":[{"floor":6.0,"key":"Toxic Egg 2"}],"event_choices":[{"damage_healed":0.0,"max_hp_gain":0.0,"max_hp_loss":0.0,"gold_gain":75.0,"event_name":"World of Goop","player_choice":"Gather Gold","floor":5.0,"gold_loss":0.0,"damage_taken":11.0}],"is_beta":false,"boss_relics":[],"items_purged_floors":[],"is_endless":false,"potions_floor_spawned":[2,6],"killed_by":"Gremlin Gang","ascension_level":15}