{"gold_per_floor":[111,129,204,216,226,226,255,255,255,269,269,288,288,301,301,301],"floor_reached":16,"playtime":1063,"items_purged":[],"score":150,"play_id":"a2e5c176-75c5-495f-b6bb-808bd875d69b","local_time":"20190304001538","is_ascension_mode":true,"campfire_choices":[{"data":"Iron Wave","floor":6,"key":"SMITH"},{"data":"Feed","floor":8,"key":"SMITH"},{"data":"Shrug It Off","floor":11,"key":"SMITH"},{"data":"Pommel Strike","floor":15,"key":"SMITH"}],"neow_cost":"NONE","seed_source_timestamp":85653996777521,"circlet_count":0,"master_deck":["Strike_R","Strike_R","Strike_R","Strike_R","Strike_R","Defend_R","Defend_R","Defend_R","Defend_R","Bash","Iron Wave+1","Cleave","Pommel Strike+1","Feed+1","Clothesline+1","Shrug It Off+1","Rampage+1"],"relics":["Burning Blood","Molten Egg 2","Frozen Egg 2","Golden Idol"],"potions_floor_usage":[16,16,16],"damage_taken":[{"damage":1,"enemies":"Cultist","floor":1,"turns":4},{"damage":6,"enemies":"Jaw Worm","floor":2,"turns":4},{"damage":2,"enemies":"2 Louse","floor":4,"turns":3},{"damage":6,"enemies":"Looter","floor":5,"turns":4},{"damage":23,"enemies":"3 Sentries","floor":7,"turns":8},{"damage":9,"enemies":"3 Louse","floor":10,"turns":3},{"damage":15,"enemies":"Exordium Thugs","floor":12,"turns":7},{"damage":5,"enemies":"Lots of Slimes","floor":14,"turns":3},{"damage":48,"enemies":"Hexaghost","floor":16,"turns":12}],"seed_played":"7820343088149438138","potions_obtained":[{"floor":2,"key":"Ancient Potion"},{"floor":7,"key":"PowerPotion"},{"floor":12,"key":"SteroidPotion"}],"is_trial":false,"path_per_floor":["M","M","?","M","M","R","E","R","T","M","R","M","?","M","R","B"],"character_chosen":"IRONCLAD","items_purchased":[],"campfire_rested":0,"item_purchase_floors":[],"current_hp_per_floor":[88,88,77,81,81,81,67,67,67,68,68,63,39,44,44,0],"gold":301,"neow_bonus":"TEN_PERCENT_HP_BONUS","is_prod":false,"is_daily":false,"chose_seed":false,"campfire_upgraded":4,"win_rate":0,"timestamp":1551680138,"path_taken":["M","?","?","M","M","R","E","R","T","M","R","M","?","M","R","BOSS"],"build_version":"2019-01-23","purchased_purges":0,"victory":false,"max_hp_per_floor":[88,88,88,88,88,88,91,91,91,95,95,99,99,103,103,103],"card_choices":[{"not_picked":["Warcry","Cleave"],"picked":"Iron Wave","floor":1},{"not_picked":["Evolve","Spot Weakness"],"picked":"Cleave","floor":2},{"not_picked":["Evolve","Thunderclap"],"picked":"Pommel Strike","floor":4},{"not_picked":["Sword Boomerang","True Grit"],"picked":"Feed","floor":5},{"not_picked":["Battle Trance","Second Wind"],"picked":"Clothesline","floor":7},{"not_picked":["Ghostly Armor","Headbutt+1"],"picked":"Shrug It Off","floor":10},{"not_picked":["Body Slam+1","Flex"],"picked":"Rampage+1","floor":12},{"not_picked":["Fiend Fire+1","Rupture+1","Evolve+1"],"picked":"SKIP","floor":14}],"player_experience":114596,"relics_obtained":[{"floor":7,"key":"Molten Egg 2"},{"floor":9,"key":"Frozen Egg 2"}],"event_choices":[{"damage_healed":0,"gold_gain":75,"player_choice":"Gather Gold","damage_taken":11,"max_hp_gain":0,"max_hp_loss":0,"event_name":"World of Goop","floor":3,"gold_loss":0},{"damage_healed":0,"gold_gain":0,"player_choice":"Take Damage","damage_taken":24,"relics_obtained":["Golden Idol"],"max_hp_gain":0,"max_hp_loss":0,"event_name":"Golden Idol","floor":13,"gold_loss":0}],"is_beta":false,"boss_relics":[],"items_purged_floors":[],"is_endless":false,"potions_floor_spawned":[2,7,12,14],"killed_by":"Hexaghost","ascension_level":4}