{"gold_per_floor":[112,127,137,137,87,116,116,116,192,203,218,299,314,328,328,429,429,441,366,366,385,310,310,330,344,344,344,361,379,379,395,395,395],"floor_reached":33,"playtime":1648,"items_purged":["Strike_B"],"score":291,"play_id":"52346ae8-7c25-4b78-8b90-196c64e6e92a","local_time":"20180908160220","is_ascension_mode":true,"campfire_choices":[{"floor":8,"key":"REST"},{"data":"Scrape","floor":15,"key":"SMITH"},{"data":"Skim","floor":23,"key":"SMITH"},{"data":"Conserve Battery","floor":27,"key":"SMITH"},{"data":"Reboot","floor":30,"key":"SMITH"},{"data":"Hyperbeam","floor":32,"key":"SMITH"}],"neow_cost":"NONE","seed_source_timestamp":156815661080218,"circlet_count":0,"master_deck":["Strike_B","Defend_B","Defend_B","Zap","Dualcast","Reboot+1","Beam Cell","Beam Cell","Skim+1","Undo","Scrape+1","Gash","Chill","Hyperbeam+1","Conserve Battery+1","Rebound","Beam Cell"],"relics":["Cracked Core","Anchor","Bottled Lightning","Tiny Chest","Busted Crown","Gremlin Horn"],"potions_floor_usage":[33],"damage_taken":[{"damage":8,"enemies":"Small Slimes","floor":1,"turns":3},{"damage":0,"enemies":"2 Louse","floor":2,"turns":2},{"damage":4,"enemies":"Jaw Worm","floor":3,"turns":3},{"damage":30,"enemies":"Lagavulin","floor":6,"turns":6},{"damage":0,"enemies":"3 Louse","floor":10,"turns":3},{"damage":0,"enemies":"2 Fungi Beasts","floor":11,"turns":2},{"damage":0,"enemies":"Looter","floor":13,"turns":2},{"damage":0,"enemies":"Large Slime","floor":14,"turns":3},{"damage":36,"enemies":"The Guardian","floor":16,"turns":12},{"damage":0,"enemies":"Shell Parasite","floor":18,"turns":3},{"damage":0,"enemies":"Chosen","floor":21,"turns":3},{"damage":4,"enemies":"Centurion and Healer","floor":24,"turns":2},{"damage":0,"enemies":"Chosen and Byrds","floor":25,"turns":3},{"damage":2,"enemies":"Cultist and Chosen","floor":28,"turns":3},{"damage":0,"enemies":"Snecko","floor":29,"turns":2},{"damage":3,"enemies":"Shelled Parasite and Fungi","floor":31,"turns":3},{"damage":71,"enemies":"Champ","floor":33,"turns":8}],"seed_played":"3431178961688125496","potions_obtained":[{"floor":3,"key":"Energy Potion"},{"floor":6,"key":"FearPotion"},{"floor":13,"key":"SpeedPotion"},{"floor":21,"key":"Strength Potion"},{"floor":25,"key":"Swift Potion"}],"is_trial":false,"path_per_floor":["M","M","M","?","?","E","?","R","T","M","M","T","M","M","R","B",null,"M","?","?","M","$","R","M","M","T","R","M","M","R","M","R"],"character_chosen":"DEFECT","items_purchased":[],"campfire_rested":1,"item_purchase_floors":[],"current_hp_per_floor":[67,67,63,56,56,26,26,48,48,48,48,48,48,48,48,12,75,75,75,75,75,75,75,71,71,71,71,69,69,69,66,66,0],"gold":395,"neow_bonus":"ONE_RANDOM_RARE_CARD","is_prod":false,"is_daily":false,"chose_seed":false,"campfire_upgraded":5,"win_rate":0,"timestamp":1536436940,"path_taken":["M","M","M","?","?","E","?","R","T","M","M","?","M","?","R","BOSS","M","?","?","?","$","R","M","M","T","R","M","M","R","M","R","BOSS"],"build_version":"2018-09-06","purchased_purges":1,"victory":false,"max_hp_per_floor":[75,75,75,75,75,75,75,75,75,75,75,75,75,75,75,75,75,75,75,75,75,75,75,75,75,75,75,75,75,75,75,75,75],"card_choices":[{"not_picked":["Barrage","Steam Power"],"picked":"Beam Cell","floor":1},{"not_picked":["Beam Cell","Undo","Steam"],"picked":"SKIP","floor":2},{"not_picked":["Undo","Steam"],"picked":"Beam Cell","floor":2},{"not_picked":["Capacitor","Hologram"],"picked":"Skim","floor":3},{"not_picked":["White Noise","Steam"],"picked":"Undo","floor":6},{"not_picked":["Conserve Battery","Ball Lightning"],"picked":"Scrape","floor":10},{"not_picked":["Loop","Electrodynamics"],"picked":"Gash","floor":11},{"not_picked":["Steam","Stack","Compile Driver"],"picked":"SKIP","floor":13},{"not_picked":["Redo","Consume"],"picked":"Chill","floor":14},{"not_picked":["Meteor Strike","Creative AI"],"picked":"Hyperbeam","floor":16},{"not_picked":[],"picked":"Conserve Battery","floor":18},{"not_picked":[],"picked":"Rebound","floor":21},{"not_picked":["Tempest+1"],"picked":"SKIP","floor":24},{"not_picked":["Ball Lightning+1"],"picked":"SKIP","floor":25},{"not_picked":["Blizzard"],"picked":"SKIP","floor":28},{"not_picked":["Coolheaded+1"],"picked":"SKIP","floor":29},{"not_picked":[],"picked":"Beam Cell","floor":31}],"player_experience":171743,"relics_obtained":[{"floor":6,"key":"Anchor"},{"floor":9,"key":"Bottled Lightning"},{"floor":12,"key":"Tiny Chest"},{"floor":26,"key":"Gremlin Horn"}],"event_choices":[{"event_name":"Golden Wing","player_choice":"Card Removal","floor":4,"damage_taken":0},{"event_name":"The Cleric","player_choice":"Card Removal","floor":5,"damage_taken":0},{"event_name":"Living Wall","player_choice":"Forget","floor":7,"damage_taken":0},{"event_name":"Beggar","player_choice":"Gave Gold","floor":19,"damage_taken":0},{"event_name":"Match and Keep!","player_choice":"0 cards matched","floor":20,"damage_taken":0}],"is_beta":false,"boss_relics":[{"not_picked":["Ectoplasm","Lizard Tail"],"picked":"Busted Crown"}],"items_purged_floors":[22],"is_endless":false,"potions_floor_spawned":[3,6,13,14,21,25,28],"killed_by":"Champ","ascension_level":3}