{"gold_per_floor":[118,134,134,6,30,65,115,115,115,149,162,203,219,252,252,348,348,363,213,34,81,100,100,141,66,66,66,89,110,110,144,144,144],"floor_reached":33,"playtime":1735,"items_purged":["Strike_R","Flex"],"score":595,"play_id":"06115c74-bb3a-4298-82bc-502b298b6684","local_time":"20190225171835","is_ascension_mode":true,"campfire_choices":[{"data":"True Grit","floor":8.0,"key":"SMITH"},{"data":"Disarm","floor":15.0,"key":"SMITH"},{"data":"Fiend Fire","floor":23.0,"key":"SMITH"},{"floor":30.0,"key":"REST"},{"data":"Rampage","floor":32.0,"key":"SMITH"}],"neow_cost":"NONE","seed_source_timestamp":152197466589035,"circlet_count":0,"master_deck":["AscendersBane","Strike_R","Strike_R","Strike_R","Strike_R","Defend_R","Defend_R","Defend_R","Defend_R","Bash","Impervious","Disarm+1","True Grit+1","Trip","Rampage+1","Feel No Pain","Hemokinesis","Limit Break","Power Through","Spot Weakness","Fiend Fire+1","Carnage","Feel No Pain","Cleave","Flame Barrier","True Grit+1","Shrug It Off","Shrug It Off","Feed"],"special_seed":0,"relics":["Burning Blood","Golden Idol","Pocketwatch","Ginger","Boot","Champion Belt","Dodecahedron","Mark of Pain","Juzu Bracelet","Regal Pillow","Bottled Flame"],"potions_floor_usage":[33,33],"damage_taken":[{"damage":4.0,"enemies":"Jaw Worm","floor":1.0,"turns":6.0},{"damage":12.0,"enemies":"Small Slimes","floor":2.0,"turns":4.0},{"damage":1.0,"enemies":"Cultist","floor":5.0,"turns":3.0},{"damage":48.0,"enemies":"3 Sentries","floor":6.0,"turns":11.0},{"damage":11.0,"enemies":"Gremlin Nob","floor":10.0,"turns":4.0},{"damage":3.0,"enemies":"Exordium Thugs","floor":11.0,"turns":3.0},{"damage":16.0,"enemies":"Lagavulin","floor":12.0,"turns":7.0},{"damage":7.0,"enemies":"Blue Slaver","floor":13.0,"turns":3.0},{"damage":4.0,"enemies":"3 Sentries","floor":14.0,"turns":9.0},{"damage":6.0,"enemies":"Hexaghost","floor":16.0,"turns":15.0},{"damage":21.0,"enemies":"Shell Parasite","floor":18.0,"turns":3.0},{"damage":0.0,"enemies":"Chosen","floor":22.0,"turns":2.0},{"damage":13.0,"enemies":"Gremlin Leader","floor":24.0,"turns":6.0},{"damage":32.0,"enemies":"Shelled Parasite and Fungi","floor":28.0,"turns":4.0},{"damage":8.0,"enemies":"Chosen and Byrds","floor":29.0,"turns":6.0},{"damage":1.0,"enemies":"Book of Stabbing","floor":31.0,"turns":5.0},{"damage":51,"enemies":"Automaton","floor":33,"turns":6}],"seed_played":"36894168114202518","potions_obtained":[{"floor":6.0,"key":"EssenceOfSteel"},{"floor":10.0,"key":"Strength Potion"},{"floor":12.0,"key":"SpeedPotion"},{"floor":13.0,"key":"SteroidPotion"},{"floor":14.0,"key":"Ancient Potion"},{"floor":16.0,"key":"Dexterity Potion"},{"floor":18.0,"key":"Poison Potion"},{"floor":28.0,"key":"Explosive Potion"},{"floor":31.0,"key":"PowerPotion"}],"is_trial":false,"path_per_floor":["M","M","?","$","M","E","?","R","T","E","M","E","M","E","R","B",null,"M","$","$","T","M","R","E","?","T","?","M","M","R","E","R","B"],"character_chosen":"IRONCLAD","items_purchased":["True Grit","Trip","Carnage","Feel No Pain"],"campfire_rested":1,"item_purchase_floors":[4,4,19,20],"current_hp_per_floor":[70,64,64,64,68,26,20,20,20,15,18,8,7,9,9,9,53,38,38,38,38,44,44,37,37,37,37,11,9,44,49,49,0],"gold":144,"neow_bonus":"ONE_RANDOM_RARE_CARD","is_prod":false,"is_daily":false,"chose_seed":false,"campfire_upgraded":4,"win_rate":0,"timestamp":1551133115,"path_taken":["M","M","?","$","M","E","?","R","T","E","M","E","M","E","R","BOSS","M","?","$","?","M","R","E","?","T","?","M","M","R","E","R","BOSS"],"build_version":"2019-01-23","purchased_purges":2,"victory":false,"max_hp_per_floor":[75,75,68,68,68,68,68,68,68,68,68,68,68,68,68,68,68,68,68,68,68,68,68,68,68,68,68,68,68,68,68,68,68],"card_choices":[{"not_picked":["Fire Breathing","Havoc"],"picked":"Perfected Strike","floor":1.0},{"not_picked":["Havoc","Shockwave"],"picked":"Disarm","floor":2.0},{"not_picked":["Intimidate","Heavy Blade"],"picked":"Rampage","floor":5.0},{"not_picked":["Second Wind","Uppercut"],"picked":"Feel No Pain","floor":6.0},{"not_picked":["Searing Blow","Evolve"],"picked":"Hemokinesis","floor":10.0},{"not_picked":["True Grit","Thunderclap"],"picked":"Limit Break","floor":11.0},{"not_picked":["Bloodletting","Warcry"],"picked":"Power Through","floor":12.0},{"not_picked":["Havoc","Twin Strike"],"picked":"Flex","floor":13.0},{"not_picked":["Thunderclap","Iron Wave"],"picked":"Spot Weakness","floor":14.0},{"not_picked":["Double Tap","Immolate"],"picked":"Fiend Fire","floor":16.0},{"not_picked":["Reckless Charge","Dual Wield","Clash"],"picked":"SKIP","floor":18.0},{"not_picked":["Body Slam","Fire Breathing+1"],"picked":"Cleave","floor":22.0},{"not_picked":["Perfected Strike+1","Iron Wave"],"picked":"Flame Barrier","floor":24.0},{"not_picked":["Flex","Intimidate"],"picked":"Shrug It Off","floor":28.0},{"not_picked":["Flex","Rage"],"picked":"Shrug It Off","floor":29.0},{"not_picked":["Thunderclap","Iron Wave"],"picked":"Feed","floor":31.0}],"player_experience":559529,"relics_obtained":[{"floor":6.0,"key":"Pocketwatch"},{"floor":9.0,"key":"Ginger"},{"floor":10.0,"key":"Boot"},{"floor":12.0,"key":"Champion Belt"},{"floor":14.0,"key":"Dodecahedron"},{"floor":21.0,"key":"Juzu Bracelet"},{"floor":24.0,"key":"Regal Pillow"},{"floor":31.0,"key":"Bottled Flame"}],"event_choices":[{"damage_healed":0.0,"max_hp_gain":0.0,"max_hp_loss":7.0,"gold_gain":0.0,"event_name":"Golden Idol","player_choice":"Lose Max HP","floor":3.0,"gold_loss":0.0,"damage_taken":0.0,"relics_obtained":["Golden Idol"]},{"damage_healed":0.0,"max_hp_gain":0.0,"max_hp_loss":0.0,"gold_gain":50.0,"event_name":"FaceTrader","player_choice":"Touch","floor":7.0,"gold_loss":0.0,"damage_taken":6.0},{"cards_removed":["Perfected Strike"],"damage_healed":0.0,"max_hp_gain":0.0,"max_hp_loss":0.0,"gold_gain":0.0,"event_name":"Beggar","player_choice":"Gave Gold","floor":25.0,"gold_loss":75.0,"damage_taken":0.0},{"damage_healed":0.0,"max_hp_gain":0.0,"max_hp_loss":0.0,"gold_gain":0.0,"event_name":"Duplicator","player_choice":"Copied","floor":27.0,"gold_loss":0.0,"damage_taken":0.0,"cards_obtained":["True Grit"]}],"is_beta":false,"boss_relics":[{"not_picked":["Runic Cube","Calling Bell"],"picked":"Mark of Pain"}],"items_purged_floors":[19,20],"is_endless":false,"potions_floor_spawned":[6,10,12,13,14,16,18,28,31],"killed_by":"Automaton","ascension_level":18}