{"gold_per_floor":[15,27,27,43,61,91,91,122,122,148,148,148,161,177,177,281,281,295,295,146,61,76,108,138,152,152,181,181],"floor_reached":28,"playtime":1933,"items_purged":[],"score":348,"play_id":"090981e9-e5ae-4751-8274-4bf8e2dde7f4","local_time":"20181010211432","is_ascension_mode":true,"campfire_choices":[{"data":"Fiend Fire","floor":7.0,"key":"SMITH"},{"data":"Metallicize","floor":11.0,"key":"SMITH"},{"data":"Metallicize","floor":15.0,"key":"SMITH"}],"neow_cost":"NO_GOLD","seed_source_timestamp":0,"circlet_count":0,"master_deck":["Strike_R","Strike_R","Strike_R","Strike_R","Strike_R","Defend_R+1","Defend_R","Defend_R","Defend_R","Bash","Fiend Fire+1","Clothesline","Thunderclap","Limit Break","Uppercut","Cleave","Metallicize+1","Metallicize+1","Immolate","Iron Wave","Limit Break","Warcry+1","Inflame","Blood for Blood","Bloodletting+1","Cleave","Disarm","Rampage","Flame Barrier+1","Immolate"],"special_seed":0,"relics":["Burning Blood","WarpedTongs","The Courier","Singing Bowl","Bottled Flame","Pear","Coffee Dripper","War Paint","Regal Pillow","Red Mask","Gambling Chip","Question Card"],"potions_floor_usage":[25],"damage_taken":[{"damage":4.0,"enemies":"Small Slimes","floor":1.0,"turns":3.0},{"damage":0.0,"enemies":"Cultist","floor":2.0,"turns":3.0},{"damage":9.0,"enemies":"2 Louse","floor":4.0,"turns":3.0},{"damage":11.0,"enemies":"Looter","floor":5.0,"turns":3.0},{"damage":26.0,"enemies":"Gremlin Nob","floor":6.0,"turns":4.0},{"damage":2.0,"enemies":"Lagavulin","floor":8.0,"turns":4.0},{"damage":10.0,"enemies":"Gremlin Nob","floor":10.0,"turns":3.0},{"damage":10.0,"enemies":"Red Slaver","floor":13.0,"turns":3.0},{"damage":10.0,"enemies":"Blue Slaver","floor":14.0,"turns":4.0},{"damage":43.0,"enemies":"Hexaghost","floor":16.0,"turns":12.0},{"damage":12.0,"enemies":"Shell Parasite","floor":18.0,"turns":2.0},{"damage":8,"enemies":"Chosen","floor":22,"turns":4},{"damage":50,"enemies":"Slavers","floor":23,"turns":5},{"damage":15,"enemies":"Masked Bandits","floor":24,"turns":2},{"damage":5,"enemies":"3 Cultists","floor":25,"turns":3},{"damage":20,"enemies":"Book of Stabbing","floor":27,"turns":6},{"damage":19,"enemies":"Snake Plant","floor":28,"turns":3}],"seed_played":"8951506685856931484","potions_obtained":[{"floor":2.0,"key":"Energy Potion"},{"floor":6.0,"key":"Fire Potion"},{"floor":12.0,"key":"SneckoOil"},{"floor":12.0,"key":"PowerPotion"},{"floor":12.0,"key":"Ancient Potion"},{"floor":14.0,"key":"Fire Potion"},{"floor":18.0,"key":"FearPotion"}],"is_trial":false,"path_per_floor":["M","M","?","M","M","E","R","E","T","E","R","?","M","M","R","B",null,"M","?","$","?","M","E","?","M","T","E"],"character_chosen":"IRONCLAD","items_purchased":["Inflame","Blood for Blood","Bloodletting"],"campfire_rested":0,"item_purchase_floors":[20,20,20],"current_hp_per_floor":[80,80,80,77,72,52,52,56,56,62,62,62,58,54,54,17,90,84,84,84,84,82,38,29,30,30,16,0],"gold":181,"neow_bonus":"THREE_RARE_CARDS","is_prod":false,"is_daily":false,"chose_seed":false,"campfire_upgraded":3,"win_rate":0,"timestamp":1539231272,"path_taken":["M","M","?","M","M","E","R","E","T","E","R","?","M","?","R","BOSS","M","?","$","?","M","E","?","?","T","E","M"],"build_version":"2018-10-04v2","purchased_purges":0,"victory":false,"max_hp_per_floor":[80,80,80,80,80,80,80,80,80,90,90,90,90,90,90,90,90,90,90,90,90,90,90,90,90,90,90,90],"card_choices":[{"not_picked":["Reaper","Impervious"],"picked":"Fiend Fire","floor":0.0},{"not_picked":["Ghostly Armor","Flex"],"picked":"Clothesline","floor":1.0},{"not_picked":["Shrug It Off","Perfected Strike"],"picked":"Thunderclap","floor":2.0},{"not_picked":["Twin Strike","Iron Wave"],"picked":"Limit Break","floor":4.0},{"not_picked":["Fire Breathing","Shrug It Off"],"picked":"Uppercut","floor":5.0},{"not_picked":["Uppercut","Anger"],"picked":"Cleave","floor":6.0},{"not_picked":["Dual Wield","Intimidate"],"picked":"Metallicize","floor":8.0},{"not_picked":["Pommel Strike","Armaments"],"picked":"Metallicize","floor":10.0},{"not_picked":["Havoc","Anger"],"picked":"Immolate","floor":13.0},{"not_picked":["Armaments","Headbutt"],"picked":"Iron Wave","floor":14.0},{"not_picked":["Double Tap","Barricade"],"picked":"Limit Break","floor":16.0},{"not_picked":["Dual Wield","Havoc+1"],"picked":"Warcry+1","floor":18.0},{"not_picked":["Warcry","Evolve+1"],"picked":"Cleave","floor":22},{"not_picked":["Perfected Strike+1","Feed"],"picked":"Disarm","floor":23},{"not_picked":["Havoc+1","Wild Strike"],"picked":"Rampage","floor":24},{"not_picked":["Twin Strike+1","Shrug It Off"],"picked":"Flame Barrier+1","floor":25},{"not_picked":["Shrug It Off","Armaments"],"picked":"Immolate","floor":27}],"player_experience":224419,"relics_obtained":[{"floor":6.0,"key":"The Courier"},{"floor":8.0,"key":"Singing Bowl"},{"floor":9.0,"key":"Bottled Flame"},{"floor":10.0,"key":"Pear"},{"floor":23,"key":"Regal Pillow"},{"floor":24,"key":"Red Mask"},{"floor":26,"key":"Gambling Chip"},{"floor":27,"key":"Question Card"}],"event_choices":[{"event_name":"Accursed Blacksmith","player_choice":"Rummage","floor":3.0,"damage_taken":0.0},{"event_name":"The Lab","player_choice":"Got Potions","floor":12.0,"damage_taken":0.0},{"event_name":"Back to Basics","player_choice":"Elegance","floor":19.0,"damage_taken":0.0},{"event_name":"Addict","player_choice":"Obtained Relic","floor":21.0,"damage_taken":0.0},{"event_name":"Masked Bandits","player_choice":"Fought Bandits","floor":24,"damage_taken":0}],"is_beta":false,"boss_relics":[{"not_picked":["Runic Dome","Black Blood"],"picked":"Coffee Dripper"}],"items_purged_floors":[],"is_endless":false,"potions_floor_spawned":[2,6,14,18,24],"killed_by":"Snake Plant","ascension_level":3}