{"gold_per_floor":[116,134,234,248,169,169,203,203,249,267,292,302,321,346,346,443,443,454,105,116,135,145,145,175,175,175,193,212,172,172,197,197,298,298,313,328,428,428,438,438,465,465,492,343,356,436,466,480,480,480],"floor_reached":50,"playtime":2041,"items_purged":[],"score":971,"play_id":"cae014a5-bd0d-467a-a4c2-1928ecb94c33","local_time":"20190303211537","is_ascension_mode":true,"campfire_choices":[{"data":"Rampage","floor":6,"key":"SMITH"},{"data":"Perfected Strike","floor":8,"key":"SMITH"},{"floor":15,"key":"REST"},{"floor":23,"key":"REST"},{"floor":25,"key":"REST"},{"floor":30,"key":"RECALL"},{"floor":32,"key":"REST"},{"floor":40,"key":"REST"},{"floor":42,"key":"REST"},{"floor":49,"key":"REST"}],"neow_cost":"NONE","seed_source_timestamp":242913473310419,"circlet_count":0,"master_deck":["AscendersBane","Strike_R","Strike_R","Strike_R","Strike_R","Strike_R","Defend_R","Defend_R","Defend_R+1","Defend_R+1","Bash+1","Thunderclap","Clothesline","Rampage+1","Cleave","Battle Trance","Perfected Strike+1","Shrug It Off","Twin Strike","Pommel Strike","Feed","Flex+1","Pommel Strike","Whirlwind+1","Headbutt","Burning Pact+1","Demon Form","Rage+1","Headbutt+1","Offering+1","Perfected Strike+1","Armaments+1","Intimidate+1","Twin Strike","Disarm+1"],"relics":["Burning Blood","Bag of Marbles","Pen Nib","Lantern","Ornamental Fan","Fusion Hammer","Turnip","Red Skull","Darkstone Periapt","Happy Flower","Runic Cube","Du-Vu Doll","War Paint","Juzu Bracelet","Bag of Preparation","Anchor","Gremlin Horn","Blood Vial"],"potions_floor_usage":[0,7,10,16,16,33,39,45,48,50,50],"damage_taken":[{"damage":2,"enemies":"Jaw Worm","floor":1,"turns":3},{"damage":1,"enemies":"Cultist","floor":2,"turns":3},{"damage":7,"enemies":"2 Louse","floor":4,"turns":2},{"damage":35,"enemies":"Lagavulin","floor":7,"turns":5},{"damage":25,"enemies":"Lots of Slimes","floor":10,"turns":3},{"damage":20,"enemies":"3 Sentries","floor":11,"turns":5},{"damage":4,"enemies":"Large Slime","floor":12,"turns":5},{"damage":9,"enemies":"Looter","floor":13,"turns":3},{"damage":25,"enemies":"Lagavulin","floor":14,"turns":4},{"damage":40,"enemies":"The Guardian","floor":16,"turns":10},{"damage":10,"enemies":"2 Thieves","floor":18,"turns":3},{"damage":0,"enemies":"Spheric Guardian","floor":20,"turns":1},{"damage":1,"enemies":"3 Cultists","floor":21,"turns":3},{"damage":0,"enemies":"Snecko","floor":22,"turns":1},{"damage":40,"enemies":"Slavers","floor":24,"turns":4},{"damage":0,"enemies":"Centurion and Healer","floor":27,"turns":2},{"damage":0,"enemies":"3 Cultists","floor":28,"turns":3},{"damage":20,"enemies":"Book of Stabbing","floor":31,"turns":3},{"damage":33,"enemies":"Champ","floor":33,"turns":7},{"damage":8,"enemies":"3 Shapes","floor":35,"turns":4},{"damage":0,"enemies":"3 Darklings","floor":36,"turns":1},{"damage":48,"enemies":"Mind Bloom Boss Battle","floor":37,"turns":5},{"damage":19,"enemies":"4 Shapes","floor":39,"turns":4},{"damage":16,"enemies":"Nemesis","floor":41,"turns":3},{"damage":55,"enemies":"Writhing Mass","floor":45,"turns":5},{"damage":6,"enemies":"Giant Head","floor":47,"turns":3},{"damage":38,"enemies":"Maw","floor":48,"turns":5},{"damage":56,"enemies":"Time Eater","floor":50,"turns":7}],"seed_played":"-2219787395454771336","potions_obtained":[{"floor":0,"key":"Dexterity Potion"},{"floor":0,"key":"BloodPotion"},{"floor":0,"key":"Fruit Juice"},{"floor":1,"key":"BloodPotion"},{"floor":10,"key":"EssenceOfSteel"},{"floor":11,"key":"GamblersBrew"},{"floor":18,"key":"Poison Potion"},{"floor":24,"key":"Ancient Potion"},{"floor":37,"key":"AttackPotion"},{"floor":39,"key":"SkillPotion"},{"floor":41,"key":"Regen Potion"},{"floor":48,"key":"Regen Potion"}],"is_trial":false,"path_per_floor":["M","M","?","M","$","R","E","R","T","M","E","M","M","E","R","B",null,"M","$","M","M","M","R","E","R","T","M","M","?","R","E","R","B",null,"M","M","?","?","M","R","E","R","T","$","M","T","E","M","R","B"],"character_chosen":"IRONCLAD","items_purchased":["Cleave","Battle Trance","Turnip","Pommel Strike","Anchor"],"campfire_rested":7,"item_purchase_floors":[5,5,19,19,44],"current_hp_per_floor":[81,85,85,84,84,84,63,63,63,52,38,40,37,18,43,9,66,65,65,74,79,85,91,57,84,84,90,91,91,91,77,91,64,84,85,91,49,49,36,64,54,82,82,82,33,33,33,8,36,0],"gold":480,"neow_bonus":"THREE_SMALL_POTIONS","is_prod":false,"is_daily":false,"chose_seed":false,"campfire_upgraded":2,"win_rate":0,"timestamp":1551665737,"path_taken":["M","M","?","M","$","R","E","R","T","M","E","M","M","E","R","BOSS","M","$","?","M","M","R","E","R","T","M","M","?","R","E","R","BOSS","M","?","?","?","?","R","E","R","T","$","M","?","E","M","R","BOSS"],"build_version":"2019-01-23","purchased_purges":0,"victory":false,"max_hp_per_floor":[85,85,85,85,85,85,85,85,85,85,85,85,85,85,85,85,85,88,88,91,91,91,91,91,91,91,91,91,91,91,91,91,91,91,94,94,94,94,94,94,94,94,94,94,94,94,94,94,94,94],"card_choices":[{"not_picked":["Rupture","Iron Wave"],"picked":"Thunderclap","floor":1},{"not_picked":["Second Wind","Anger"],"picked":"Clothesline","floor":2},{"not_picked":["Fire Breathing","Limit Break"],"picked":"Rampage","floor":4},{"not_picked":["Havoc","Sword Boomerang"],"picked":"Perfected Strike","floor":7},{"not_picked":["Hemokinesis","Iron Wave","Reckless Charge"],"picked":"SKIP","floor":10},{"not_picked":["Body Slam","Entrench","Clothesline"],"picked":"SKIP","floor":11},{"not_picked":["Flex","Reckless Charge"],"picked":"Shrug It Off","floor":12},{"not_picked":["Headbutt","Clothesline"],"picked":"Twin Strike","floor":13},{"not_picked":["Rupture","Body Slam"],"picked":"Pommel Strike","floor":14},{"not_picked":["Reaper","Demon Form"],"picked":"Feed","floor":16},{"not_picked":["Iron Wave","Clash"],"picked":"Flex+1","floor":18},{"not_picked":["Thunderclap+1","Anger"],"picked":"Whirlwind+1","floor":20},{"not_picked":["Dual Wield+1","Rupture"],"picked":"Headbutt","floor":21},{"not_picked":["Havoc","Body Slam"],"picked":"Burning Pact+1","floor":22},{"not_picked":["Intimidate","Shrug It Off"],"picked":"Demon Form","floor":24},{"not_picked":["Thunderclap","Combust+1"],"picked":"Rage+1","floor":27},{"not_picked":["Twin Strike","Infernal Blade"],"picked":"Headbutt+1","floor":28},{"not_picked":["Flex","Demon Form","Clothesline"],"picked":"SKIP","floor":31},{"not_picked":["Brutality","Fiend Fire"],"picked":"Offering","floor":33},{"not_picked":["Thunderclap+1","Wild Strike+1"],"picked":"Perfected Strike+1","floor":35},{"not_picked":["Dual Wield","Warcry+1"],"picked":"Armaments+1","floor":36},{"not_picked":["Battle Trance+1","Entrench"],"picked":"Intimidate+1","floor":39},{"not_picked":["Flex+1","Havoc+1","Heavy Blade"],"picked":"SKIP","floor":41},{"not_picked":["Wild Strike+1","Headbutt"],"picked":"Twin Strike","floor":45},{"not_picked":["Rage","Sword Boomerang","Dual Wield+1"],"picked":"SKIP","floor":47},{"not_picked":["Twin Strike+1","Ghostly Armor"],"picked":"Disarm+1","floor":48}],"player_experience":271068,"relics_obtained":[{"floor":7,"key":"Bag of Marbles"},{"floor":9,"key":"Pen Nib"},{"floor":11,"key":"Lantern"},{"floor":14,"key":"Ornamental Fan"},{"floor":24,"key":"Red Skull"},{"floor":26,"key":"Darkstone Periapt"},{"floor":31,"key":"Happy Flower"},{"floor":37,"key":"Du-Vu Doll"},{"floor":41,"key":"Juzu Bracelet"},{"floor":43,"key":"Bag of Preparation"},{"floor":46,"key":"Gremlin Horn"},{"floor":47,"key":"Blood Vial"}],"event_choices":[{"damage_healed":0,"gold_gain":100,"player_choice":"Pray","damage_taken":0,"max_hp_gain":0,"max_hp_loss":0,"event_name":"Golden Shrine","floor":3,"gold_loss":0},{"damage_healed":0,"gold_gain":0,"player_choice":"Upgraded Two","damage_taken":0,"max_hp_gain":0,"max_hp_loss":0,"event_name":"Designer","floor":29,"gold_loss":40,"cards_upgraded":["Bash","Defend_R"]},{"damage_healed":0,"gold_gain":0,"player_choice":"Fight","damage_taken":0,"max_hp_gain":0,"max_hp_loss":0,"event_name":"MindBloom","floor":37,"gold_loss":0},{"damage_healed":0,"gold_gain":0,"player_choice":"Gave Potion","damage_taken":0,"relics_obtained":["War Paint"],"max_hp_gain":0,"max_hp_loss":0,"event_name":"WeMeetAgain","floor":38,"gold_loss":0}],"is_beta":false,"boss_relics":[{"not_picked":["Runic Pyramid","Snecko Eye"],"picked":"Fusion Hammer"},{"not_picked":["Coffee Dripper","Mark of Pain"],"picked":"Runic Cube"}],"items_purged_floors":[],"is_endless":false,"potions_floor_spawned":[1,4,10,11,18,24,27,28,37,39,41,48],"killed_by":"Time Eater","ascension_level":10}