{"gold_per_floor":[112,132,10,28,43,78,78,98,98,98,163,174,174],"floor_reached":13,"playtime":730,"items_purged":["Strike_B"],"score":89,"play_id":"5c31ee75-4cec-4cb1-b0ef-0a0e02fd749e","local_time":"20180707231037","is_ascension_mode":false,"campfire_choices":[{"data":"Beam Cell","floor":7,"key":"SMITH"}],"neow_cost":"","seed_source_timestamp":296945706095274,"circlet_count":0,"master_deck":["Strike_B","Strike_B","Strike_B","Defend_B","Defend_B","Defend_B","Defend_B","Zap","Dualcast","Gash","Gash","Gash","Beam Cell+1","Echo Form","FTL","Chaos"],"relics":["Cracked Core","Ancient Tea Set","Mercury Hourglass","SsserpentHead"],"potions_floor_usage":[12,12],"damage_taken":[{"damage":6,"enemies":"Cultist","floor":1,"turns":4},{"damage":7,"enemies":"2 Louse","floor":2,"turns":3},{"damage":0,"enemies":"Small Slimes","floor":4,"turns":3},{"damage":9,"enemies":"Blue Slaver","floor":5,"turns":3},{"damage":21,"enemies":"Lagavulin","floor":6,"turns":5},{"damage":15,"enemies":"Large Slime","floor":8,"turns":4},{"damage":10,"enemies":"Exordium Thugs","floor":11,"turns":3},{"damage":6,"enemies":"Lots of Slimes","floor":12,"turns":3},{"damage":19,"enemies":"Gremlin Nob","floor":13,"turns":3}],"seed_played":"-595230763677814258","potions_obtained":[{"floor":2,"key":"PowerPotion"},{"floor":8,"key":"PowerPotion"}],"is_trial":false,"path_per_floor":["M","M","$","M","M","E","R","M","T","?","M","M"],"character_chosen":"DEFECT","items_purchased":["Gash"],"campfire_rested":0,"item_purchase_floors":[3],"current_hp_per_floor":[69,62,62,62,53,32,32,17,17,17,7,1,0],"gold":174,"neow_bonus":"","is_prod":false,"is_daily":false,"chose_seed":false,"campfire_upgraded":1,"win_rate":0,"timestamp":1531030237,"path_taken":["M","M","$","M","M","E","R","M","T","?","?","M","E"],"build_version":"2018-07-05","purchased_purges":1,"victory":false,"max_hp_per_floor":[75,75,75,75,75,75,75,75,75,75,75,75,75],"card_choices":[{"not_picked":["Barrage","Hologram"],"picked":"Gash","floor":1},{"not_picked":["Recycle","Glacier"],"picked":"Gash","floor":2},{"not_picked":["Hologram","Core Surge"],"picked":"Beam Cell","floor":4},{"not_picked":["Steam","Sweeping Beam","Loop"],"picked":"SKIP","floor":5},{"not_picked":["Compile Driver","Turbo"],"picked":"Echo Form","floor":6},{"not_picked":["Compile Driver","Consume"],"picked":"FTL","floor":8},{"not_picked":["Lockon","Auto Shields","Stack"],"picked":"SKIP","floor":11},{"not_picked":["Redo","Turbo"],"picked":"Chaos","floor":12}],"player_experience":124566,"relics_obtained":[{"floor":6,"key":"Ancient Tea Set"},{"floor":9,"key":"Mercury Hourglass"}],"event_choices":[{"event_name":"FaceTrader","player_choice":"Trade","floor":10,"damage_taken":0}],"boss_relics":[],"items_purged_floors":[3],"is_endless":false,"potions_floor_spawned":[2,8],"killed_by":"Gremlin Nob","ascension_level":0}