{"gold_per_floor":[16,33,33,57,68,68,85,96,96,25,36,46,46,46,46,143,143,154,53,53,66,66,66,86,86,86,86,102,127,127,137,137,233,233,244,254,269,269,9,9,22,22,49,49,59,59,75,75,75,75],"floor_reached":50,"playtime":2127,"items_purged":["Strike_R","Strike_R"],"score":456,"play_id":"5b1227b7-d5f4-40aa-82cd-8e2fb89103dc","local_time":"20180907154031","is_ascension_mode":false,"campfire_choices":[{"data":"Flame Barrier","floor":6.0,"key":"SMITH"},{"data":"Armaments","floor":13.0,"key":"SMITH"},{"data":"Corruption","floor":15.0,"key":"SMITH"},{"data":"Feel No Pain","floor":23.0,"key":"SMITH"},{"data":"Body Slam","floor":27.0,"key":"SMITH"},{"floor":30.0,"key":"REST"},{"floor":32.0,"key":"REST"},{"data":"Dark Embrace","floor":40.0,"key":"SMITH"},{"data":"Barricade","floor":42.0,"key":"SMITH"},{"data":"Offering","floor":44.0,"key":"SMITH"},{"data":"Impervious","floor":49,"key":"SMITH"}],"neow_cost":"NO_GOLD","seed_source_timestamp":379675974689114,"circlet_count":0,"master_deck":["Defend_R","Defend_R","Defend_R","Defend_R","Bash","Rampage","Corruption+1","Twin Strike","Corruption","Flame Barrier+1","Armaments+1","Feel No Pain+1","Iron Wave","Dark Embrace+1","Barricade+1","True Grit+1","Clash","Reckless Charge","Body Slam+1","Feed","Shrug It Off+1","Offering+1","Impervious+1","Reckless Charge+1","Warcry+1","Doubt","Double Tap"],"special_seed":0,"relics":["Burning Blood"],"potions_floor_usage":[],"damage_taken":[{"damage":5.0,"enemies":"Cultist","floor":1.0,"turns":4.0},{"damage":5.0,"enemies":"2 Louse","floor":2.0,"turns":2.0},{"damage":13.0,"enemies":"Jaw Worm","floor":5.0,"turns":3.0},{"damage":3.0,"enemies":"Red Slaver","floor":7.0,"turns":3.0},{"damage":14.0,"enemies":"Blue Slaver","floor":8.0,"turns":5.0},{"damage":0.0,"enemies":"Looter","floor":11.0,"turns":4.0},{"damage":16.0,"enemies":"3 Louse","floor":12.0,"turns":4.0},{"damage":59.0,"enemies":"Hexaghost","floor":16.0,"turns":11.0},{"damage":23.0,"enemies":"Chosen","floor":18.0,"turns":9.0},{"damage":23.0,"enemies":"Colosseum Slavers","floor":20.0,"turns":7.0},{"damage":8.0,"enemies":"3 Byrds","floor":21.0,"turns":7.0},{"damage":0.0,"enemies":"Centurion and Healer","floor":24.0,"turns":9.0},{"damage":15.0,"enemies":"Chosen and Byrds","floor":28.0,"turns":6.0},{"damage":34.0,"enemies":"Book of Stabbing","floor":29.0,"turns":7.0},{"damage":31.0,"enemies":"Snake Plant","floor":31.0,"turns":7.0},{"damage":9.0,"enemies":"Automaton","floor":33.0,"turns":8.0},{"damage":35.0,"enemies":"3 Shapes","floor":35.0,"turns":4.0},{"damage":17.0,"enemies":"Orb Walker","floor":36.0,"turns":5.0},{"damage":38.0,"enemies":"Sphere and 2 Shapes","floor":37.0,"turns":6.0},{"damage":6.0,"enemies":"Transient","floor":41.0,"turns":5.0},{"damage":53.0,"enemies":"Reptomancer","floor":45.0,"turns":7.0},{"damage":19.0,"enemies":"Spire Growth","floor":47.0,"turns":8.0},{"damage":84,"enemies":"Time Eater","floor":50,"turns":9}],"seed_played":"-4323517832532886956","potions_obtained":[{"floor":1.0,"key":"FearPotion"},{"floor":8.0,"key":"Strength Potion"},{"floor":16.0,"key":"FearPotion"},{"floor":28.0,"key":"Strength Potion"},{"floor":36.0,"key":"Weak Potion"},{"floor":41.0,"key":"FairyPotion"}],"is_trial":false,"path_per_floor":["M","M","?","T","M","R","M","M","T","$","M","M","R","?","R","B",null,"M","$","?","M","$","R","M","?","T","R","M","E","R","M","R","B",null,"M","M","M","?","$","R","M","R","T","R","M","?","M","?","R"],"character_chosen":"IRONCLAD","items_purchased":["Feel No Pain","Clash","Impervious"],"campfire_rested":2,"item_purchase_floors":[10,19,39],"current_hp_per_floor":[80,80,80,80,73,73,76,68,68,68,74,64,64,64,64,11,80,63,63,46,44,44,44,50,50,50,50,41,13,37,12,36,33,80,51,43,11,73,73,73,73,73,73,73,26,73,60,60,60,0],"gold":75,"neow_bonus":"TRANSFORM_TWO_CARDS","is_prod":false,"is_daily":false,"chose_seed":false,"campfire_upgraded":9,"win_rate":0,"timestamp":1536302431,"path_taken":["M","?","?","?","M","R","M","M","T","$","?","M","R","?","R","BOSS","M","$","?","M","$","R","M","?","T","R","M","E","R","M","R","BOSS","M","M","M","?","$","R","M","R","T","R","?","?","M","?","R","BOSS"],"build_version":"2018-09-06","purchased_purges":2,"victory":false,"max_hp_per_floor":[80,80,80,80,80,80,80,80,80,80,80,80,80,80,80,80,80,80,80,80,80,80,80,80,80,80,80,80,80,80,80,80,80,80,80,83,83,73,73,73,73,73,73,73,73,73,73,73,73,73],"card_choices":[{"not_picked":["Rupture","Sentinel","Anger"],"picked":"SKIP","floor":1.0},{"not_picked":["Heavy Blade","Perfected Strike"],"picked":"Twin Strike","floor":2.0},{"not_picked":["Dropkick","Sentinel"],"picked":"Flame Barrier","floor":5.0},{"not_picked":["Combust","Perfected Strike","Anger"],"picked":"SKIP","floor":7.0},{"not_picked":["Armaments","Carnage","Pommel Strike"],"picked":"SKIP","floor":8.0},{"not_picked":["Carnage","Pommel Strike"],"picked":"Armaments","floor":8.0},{"not_picked":["Burning Pact","Twin Strike"],"picked":"Iron Wave","floor":11.0},{"not_picked":["Wild Strike","Pummel"],"picked":"Dark Embrace","floor":12.0},{"not_picked":["Fiend Fire","Double Tap"],"picked":"Barricade","floor":16.0},{"not_picked":["Clash","Flex"],"picked":"True Grit+1","floor":18.0},{"not_picked":["Power Through","Anger"],"picked":"Reckless Charge","floor":21.0},{"not_picked":["Heavy Blade","Reckless Charge"],"picked":"Body Slam","floor":24.0},{"not_picked":["Havoc","Wild Strike","Carnage"],"picked":"SKIP","floor":28.0},{"not_picked":["Uppercut+1","Perfected Strike"],"picked":"Feed","floor":29.0},{"not_picked":["Whirlwind+1","Second Wind"],"picked":"Shrug It Off+1","floor":31.0},{"not_picked":["Reaper","Impervious"],"picked":"Offering","floor":33.0},{"not_picked":["Body Slam","Combust+1","Perfected Strike"],"picked":"SKIP","floor":35.0},{"not_picked":["Corruption","Burning Pact","Anger"],"picked":"SKIP","floor":36.0},{"not_picked":["Evolve","Wild Strike","True Grit"],"picked":"SKIP","floor":37.0},{"not_picked":["Pommel Strike","Flex"],"picked":"Reckless Charge+1","floor":41.0},{"not_picked":["Pommel Strike+1","Armaments+1"],"picked":"Warcry+1","floor":45.0},{"not_picked":["Clash","Flex"],"picked":"Double Tap","floor":47.0}],"player_experience":638795,"relics_obtained":[],"event_choices":[{"event_name":"Living Wall","player_choice":"Change","floor":3.0,"damage_taken":0.0},{"event_name":"The Cleric","player_choice":"Leave","floor":14.0,"damage_taken":0.0},{"event_name":"Colosseum","player_choice":"Fight","floor":20.0,"damage_taken":0.0},{"event_name":"Colosseum","player_choice":"Fled From Nobs","floor":20.0,"damage_taken":0.0},{"event_name":"Cursed Tome","player_choice":"Ignored","floor":25.0,"damage_taken":0.0},{"event_name":"The Moai Head","player_choice":"Heal","floor":38.0,"damage_taken":0.0},{"event_name":"MindBloom","player_choice":"Heal","floor":46.0,"damage_taken":0.0},{"event_name":"Tomb of Lord Red Mask","player_choice":"Ignored","floor":48,"damage_taken":0}],"is_beta":false,"boss_relics":[{"not_picked":["Eternal Feather","Orrery","Busted Crown"]},{"not_picked":["Runic Dome","Lizard Tail","Sozu"]}],"items_purged_floors":[19,39],"is_endless":false,"potions_floor_spawned":[1,8,16,18,28,29,36,41],"killed_by":"Time Eater","ascension_level":0}