{"gold_per_floor":[119,119,39,50,60,87,107,107,186,215,215,235,262,64,64,163,163,178,196,206,57,77,77,106,30,76,93,93,124,84,94,94,192,192,209,209,13,28,40,40,52,66,148,162,162,36,36,36,36,36],"floor_reached":51,"playtime":8953,"items_purged":["Strike_B"],"score":796,"play_id":"b580d4c1-28e7-43ea-9bdd-26b29a227cf6","local_time":"20190204235612","is_ascension_mode":true,"campfire_choices":[{"data":"Zap","floor":8,"key":"SMITH"},{"floor":15,"key":"REST"},{"data":"Buffer","floor":23,"key":"SMITH"},{"data":"Buffer","floor":28,"key":"SMITH"},{"floor":32,"key":"REST"},{"data":"Defragment","floor":40,"key":"SMITH"},{"data":"Defragment","floor":45,"key":"SMITH"},{"data":"Capacitor","floor":49,"key":"SMITH"}],"neow_cost":"NONE","seed_source_timestamp":368911324991290,"circlet_count":0,"master_deck":["Strike_B","Strike_B+1","Defend_B","Defend_B","Defend_B","Zap+1","Dualcast","Conserve Battery","Sunder+1","Cold Snap","Compile Driver","Chill","Buffer+1","FTL+1","White Noise+1","Self Repair","Ball Lightning","Sweeping Beam","Conserve Battery","Echo Form","Go for the Eyes+1","Capacitor+1","Steam","Compile Driver","White Noise+1","Buffer+1","Ball Lightning","Turbo","Ball Lightning","Hello World","Glacier","All For One","Redo+1","Defragment+1","Steam","Hologram+1","Defragment+1","Cold Snap+1","Hello World+1","White Noise+1","Reboot","Beam Cell","Writhe"],"relics":["Cracked Core"],"potions_floor_usage":[2,10,12,20,20,27,29,29,50,50],"damage_taken":[{"damage":2,"enemies":"Small Slimes","floor":1,"turns":3},{"damage":0,"enemies":"Cultist","floor":4,"turns":3},{"damage":0,"enemies":"Jaw Worm","floor":5,"turns":3},{"damage":26,"enemies":"Lagavulin","floor":6,"turns":7},{"damage":0,"enemies":"3 Louse","floor":7,"turns":3},{"damage":4,"enemies":"Gremlin Nob","floor":10,"turns":4},{"damage":0,"enemies":"Lots of Slimes","floor":12,"turns":3},{"damage":0,"enemies":"3 Sentries","floor":13,"turns":7},{"damage":21,"enemies":"The Guardian","floor":16,"turns":12},{"damage":28,"enemies":"2 Thieves","floor":18,"turns":3},{"damage":9,"enemies":"Shell Parasite","floor":19,"turns":5},{"damage":16,"enemies":"Snake Plant","floor":20,"turns":5},{"damage":10,"enemies":"Snecko","floor":22,"turns":5},{"damage":13,"enemies":"Book of Stabbing","floor":24,"turns":7},{"damage":0,"enemies":"3 Cultists","floor":27,"turns":2},{"damage":21,"enemies":"Slavers","floor":29,"turns":5},{"damage":9,"enemies":"Sentry and Sphere","floor":31,"turns":6},{"damage":0,"enemies":"Champ","floor":33,"turns":12},{"damage":0,"enemies":"Orb Walker","floor":35,"turns":5},{"damage":3,"enemies":"3 Darklings","floor":38,"turns":5},{"damage":5,"enemies":"Maw","floor":39,"turns":7},{"damage":39,"enemies":"Jaw Worm Horde","floor":41,"turns":44},{"damage":4,"enemies":"3 Darklings","floor":42,"turns":12},{"damage":7,"enemies":"Sphere and 2 Shapes","floor":44,"turns":6},{"damage":75,"enemies":"Time Eater","floor":50,"turns":10}],"seed_played":"-6545784590966363108","potions_obtained":[{"floor":1,"key":"FocusPotion"},{"floor":2,"key":"Fruit Juice"},{"floor":2,"key":"AttackPotion"},{"floor":2,"key":"FairyPotion"},{"floor":6,"key":"Weak Potion"},{"floor":10,"key":"Fire Potion"},{"floor":19,"key":"Regen Potion"},{"floor":22,"key":"Strength Potion"},{"floor":24,"key":"Fire Potion"},{"floor":31,"key":"SmokeBomb"},{"floor":42,"key":"Regen Potion"},{"floor":44,"key":"LiquidBronze"}],"is_trial":false,"path_per_floor":["M","?","$","M","M","E","M","R","T","E","?","M","E","$","R","B",null,"M","M","M","$","M","R","E","$","T","M","R","E","?","M","R","B",null,"M","?","$","M","M","R","M","M","T","M","R","$","?","?","R","B",null],"character_chosen":"DEFECT","items_purchased":["Sunder","Self Repair","Ball Lightning","Sweeping Beam","Conserve Battery","Capacitor","Steam","Compile Driver","Ball Lightning","Turbo","Defragment","Steam","Reboot","Beam Cell"],"campfire_rested":2,"item_purchase_floors":[3,14,14,14,14,21,21,21,25,25,37,37,46,46],"current_hp_per_floor":[73,78,78,78,78,52,52,52,52,48,32,32,32,32,56,42,80,59,57,62,62,59,59,53,53,53,60,60,46,46,44,68,75,80,80,80,80,77,79,79,47,57,57,57,57,57,77,67,67,14],"gold":36,"neow_bonus":"REMOVE_CARD","is_prod":false,"is_daily":false,"chose_seed":false,"campfire_upgraded":6,"win_rate":0,"timestamp":1549320972,"path_taken":["M","?","$","M","?","E","M","R","T","E","?","M","E","$","R","BOSS","M","M","M","$","M","R","E","$","T","M","R","E","?","?","R","BOSS","M","?","$","M","M","R","M","M","T","M","R","$","?","?","R","BOSS"],"build_version":"2019-01-23","purchased_purges":1,"victory":true,"max_hp_per_floor":[75,80,80,80,80,80,80,80,80,80,80,80,80,80,80,80,80,80,80,80,80,80,80,80,80,80,80,80,80,80,80,80,80,80,80,80,80,80,80,80,80,80,80,80,80,80,80,80,80,80],"card_choices":[{"not_picked":["Steam","Force Field"],"picked":"Conserve Battery","floor":1},{"not_picked":["Skim","Rebound"],"picked":"Cold Snap","floor":4},{"not_picked":["Heatsinks","Steam"],"picked":"Compile Driver","floor":5},{"not_picked":["Leap","Static Discharge"],"picked":"Chill","floor":6},{"not_picked":["Conserve Battery","Ball Lightning"],"picked":"Buffer","floor":7},{"not_picked":["Tempest","Multi-Cast"],"picked":"FTL","floor":10},{"not_picked":["Streamline","Reprogram","Gash"],"picked":"SKIP","floor":12},{"not_picked":["Sweeping Beam","Hologram"],"picked":"White Noise","floor":13},{"not_picked":["Creative AI","Machine Learning"],"picked":"Echo Form","floor":16},{"not_picked":["Darkness","Double Energy"],"picked":"Go for the Eyes+1","floor":18},{"not_picked":["Compile Driver","Loop","Redo"],"picked":"SKIP","floor":19},{"not_picked":["Force Field","Undo","Beam Cell"],"picked":"SKIP","floor":20},{"not_picked":["Loop","FTL+1"],"picked":"White Noise+1","floor":22},{"not_picked":["Fusion","Biased Cognition"],"picked":"Buffer","floor":24},{"not_picked":["Undo","Rebound"],"picked":"Ball Lightning","floor":27},{"not_picked":["Barrage","Reprogram"],"picked":"Hello World","floor":29},{"not_picked":["Gash","Go for the Eyes+1"],"picked":"Glacier","floor":31},{"not_picked":["Rainbow","Hyperbeam"],"picked":"All For One","floor":33},{"not_picked":["Turbo","Conserve Battery"],"picked":"Redo+1","floor":35},{"not_picked":["Glacier","Gash+1"],"picked":"Hologram+1","floor":38},{"not_picked":["Steam Power","Cold Snap+1"],"picked":"Defragment","floor":39},{"not_picked":["Reinforced Body","Sweeping Beam"],"picked":"Cold Snap+1","floor":41},{"not_picked":["White Noise","Undo+1"],"picked":"Hello World+1","floor":42},{"not_picked":["Darkness","Barrage"],"picked":"White Noise+1","floor":44}],"player_experience":1108853,"relics_obtained":[],"event_choices":[{"damage_healed":0,"gold_gain":0,"player_choice":"Got Potions","damage_taken":0,"max_hp_gain":0,"max_hp_loss":0,"event_name":"Lab","floor":2,"gold_loss":0},{"damage_healed":0,"gold_gain":0,"player_choice":"Entered Light","damage_taken":16,"max_hp_gain":0,"max_hp_loss":0,"event_name":"Shining Light","floor":11,"gold_loss":0,"cards_upgraded":["Strike_B","Sunder"]},{"damage_healed":0,"gold_gain":0,"player_choice":"Upgraded Two","damage_taken":0,"max_hp_gain":0,"max_hp_loss":0,"event_name":"Designer","floor":30,"gold_loss":40,"cards_upgraded":["FTL","White Noise"]},{"cards_removed":["Defend_B"],"damage_healed":0,"gold_gain":0,"player_choice":"Removed Skill","damage_taken":0,"max_hp_gain":0,"max_hp_loss":0,"event_name":"Falling","floor":36,"gold_loss":0},{"damage_healed":20,"gold_gain":0,"player_choice":"Writhe","damage_taken":0,"max_hp_gain":0,"max_hp_loss":0,"event_name":"Winding Halls","floor":47,"gold_loss":0,"cards_obtained":["Writhe"]},{"damage_healed":0,"gold_gain":0,"player_choice":"Memory 3","damage_taken":10,"max_hp_gain":0,"max_hp_loss":0,"event_name":"SensoryStone","floor":48,"gold_loss":0}],"is_beta":true,"boss_relics":[{"not_picked":["Philosopher\u0027s Stone","Sozu","Cursed Key"]},{"not_picked":["White Beast Statue","Calling Bell","Coffee Dripper"]}],"items_purged_floors":[37],"is_endless":false,"potions_floor_spawned":[1,6,10,19,22,24,31,42,44],"ascension_level":1}