{"path_per_floor":["M","?","M","?","?","E","M","M","T","E","M","R","M","E","R","B",null,"M","$","M","?","M","R","E","M","T","E","R","?","M","M","R","B",null,"M","T","T","$","M","R","E","R","T","R","M","M","M","E","R","B"],"character_chosen":"THE_SILENT","items_purchased":["Tough Bandages","Oddly Smooth Stone","Infinite Blades","Orichalcum"],"gold_per_floor":[111,183,198,198,198,227,246,261,261,293,303,303,316,348,348,446,476,494,28,44,44,62,62,90,103,103,130,130,130,142,152,152,247,247,264,264,264,32,45,45,72,72,72,72,86,104,120,151,151,151],"floor_reached":51,"campfire_rested":1,"playtime":5634,"item_purchase_floors":[19,19,19,38],"current_hp_per_floor":[69,69,69,69,69,52,52,52,52,23,23,23,23,20,20,15,75,75,75,65,65,54,54,54,38,38,19,19,5,18,30,30,36,80,72,72,72,72,64,64,38,38,38,38,41,36,32,28,67,33],"items_purged":["Writhe"],"gold":151,"score":794,"play_id":"65a51dad-7807-423a-9dd5-c55578a014af","local_time":"20180610051626","is_prod":false,"is_daily":false,"chose_seed":false,"is_ascension_mode":false,"campfire_upgraded":8,"win_rate":0.0,"timestamp":1528632986,"campfire_choices":[{"data":"Infinite Blades","floor":12,"key":"SMITH"},{"data":"Choke","floor":15,"key":"SMITH"},{"data":"Infinite Blades","floor":23,"key":"SMITH"},{"data":"Backstab","floor":28,"key":"SMITH"},{"data":"Blade Dance","floor":32,"key":"SMITH"},{"data":"Quick Slash","floor":40,"key":"SMITH"},{"data":"Flying Knee","floor":42,"key":"SMITH"},{"data":"Dash","floor":44,"key":"SMITH"},{"floor":49,"key":"REST"}],"path_taken":["M","?","M","?","?","E","M","?","T","E","M","R","M","E","R","BOSS","M","$","M","?","M","R","E","M","T","E","R","?","M","?","R","BOSS","M","?","?","?","M","R","E","R","T","R","?","M","M","E","R","BOSS"],"build_version":"2018-06-07v3","seed_source_timestamp":613195382888209,"purchased_purges":1,"victory":true,"master_deck":["Defend_G","Defend_G","Defend_G","Defend_G","Defend_G","Strike_G","Strike_G","Strike_G","Strike_G","Strike_G","Survivor","Neutralize+1","Dash+1","Slice+1","Backstab+1","Choke+1","Blade Dance+1","Infinite Blades+1","All Out Attack","Outmaneuver+1","Distraction+1","Blur+1","Adrenaline+1","Acrobatics+1","Quick Slash+1","Infinite Blades+1","Malaise+1","Well Laid Plans+1","Bouncing Flask+1","Backflip+1","Underhanded Strike+1","Flying Knee+1","Outmaneuver+1","Envenom+1","Dodge and Roll+1","Predator+1","Terror+1","Envenom+1","PiercingWail+1","Prepared+1","Heel Hook+1","Outmaneuver+1","Escape Plan+1","Finisher+1","Blade Dance+1","Bouncing Flask+1","Dagger Throw","Finisher+1","Terror+1","Footwork+1"],"max_hp_per_floor":[70,70,70,70,70,70,70,70,70,70,70,70,70,70,70,70,75,75,75,75,75,75,75,75,75,75,75,75,80,80,80,80,80,80,80,80,80,80,80,80,80,80,80,80,80,80,80,80,80,80],"relics":["Ring of the Snake","Paper Crane","Toxic Egg 2","Bag of Marbles","Lantern","Tiny House","Tough Bandages","Oddly Smooth Stone","Prayer Wheel","Meat on the Bone","Toolbox","Frozen Egg 2","Busted Crown","Gremlin Horn","Pantograph","Orichalcum","Vajra","Bottled Tornado","Regal Pillow"],"card_choices":[{"not_picked":["Deflect","PiercingWail"],"picked":"Dash","floor":1},{"not_picked":["Bane","Endless Agony"],"picked":"Slice","floor":3},{"not_picked":["Deflect","Deadly Poison"],"picked":"Choke","floor":6},{"not_picked":["Dagger Throw","Outmaneuver"],"picked":"Blade Dance","floor":7},{"not_picked":["Night Terror","Riddle With Holes"],"picked":"Infinite Blades","floor":8},{"not_picked":["Deflect+1","Skewer"],"picked":"All Out Attack","floor":10},{"not_picked":["Deadly Poison+1","Dagger Throw"],"picked":"Outmaneuver+1","floor":11},{"not_picked":["Poisoned Stab","Sucker Punch"],"picked":"Distraction+1","floor":13},{"not_picked":["Backflip+1","Poisoned Stab"],"picked":"Blur+1","floor":14},{"not_picked":["Die Die Die","Venomology+1"],"picked":"Adrenaline+1","floor":16},{"not_picked":["Dagger Throw","Dagger Spray"],"picked":"Acrobatics+1","floor":17},{"not_picked":["Eviscerate","Masterful Stab"],"picked":"Quick Slash","floor":18},{"not_picked":["Poisoned Stab","Riddle With Holes"],"picked":"Malaise+1","floor":20},{"not_picked":["Poisoned Stab","Skewer"],"picked":"Well Laid Plans+1","floor":22},{"not_picked":["Escape Plan+1","Sucker Punch"],"picked":"Bouncing Flask+1","floor":22},{"not_picked":["Eviscerate","Flying Knee"],"picked":"Backflip+1","floor":24},{"not_picked":["Dodge and Roll+1","Reflex+1"],"picked":"Underhanded Strike+1","floor":25},{"not_picked":["Riddle With Holes","All Out Attack"],"picked":"Flying Knee","floor":25},{"not_picked":["Dagger Spray","Bane"],"picked":"Outmaneuver+1","floor":27},{"not_picked":["Acrobatics+1","Outmaneuver+1"],"picked":"Envenom+1","floor":30},{"not_picked":["Reflex+1","Quick Slash"],"picked":"Dodge and Roll+1","floor":30},{"not_picked":["Flying Knee","Outmaneuver+1"],"picked":"Predator+1","floor":31},{"not_picked":["Malaise+1","Acrobatics+1"],"picked":"Terror+1","floor":31},{"not_picked":["Doppelganger+1","Tools of the Trade+1"],"picked":"Envenom+1","floor":33},{"not_picked":[],"picked":"PiercingWail+1","floor":35},{"not_picked":[],"picked":"Prepared+1","floor":35},{"not_picked":[],"picked":"Heel Hook+1","floor":39},{"not_picked":[],"picked":"Outmaneuver+1","floor":39},{"not_picked":[],"picked":"Escape Plan+1","floor":41},{"not_picked":[],"picked":"Finisher+1","floor":45},{"not_picked":[],"picked":"Blade Dance+1","floor":45},{"not_picked":[],"picked":"Bouncing Flask+1","floor":46},{"not_picked":[],"picked":"Dagger Throw","floor":46},{"not_picked":[],"picked":"Finisher+1","floor":47},{"not_picked":[],"picked":"Terror+1","floor":47},{"not_picked":[],"picked":"Footwork+1","floor":48}],"player_experience":60672,"potions_floor_usage":[8,16,25,27,33,33,50,50,50],"damage_taken":[{"damage":1,"enemies":"Jaw Worm","floor":1,"turns":10},{"damage":0,"enemies":"Small Slimes","floor":3,"turns":3},{"damage":17,"enemies":"Gremlin Nob","floor":6,"turns":6},{"damage":0,"enemies":"2 Louse","floor":7,"turns":2},{"damage":0,"enemies":"Blue Slaver","floor":8,"turns":2},{"damage":29,"enemies":"Lagavulin","floor":10,"turns":6},{"damage":0,"enemies":"Lots of Slimes","floor":11,"turns":1},{"damage":0,"enemies":"Looter","floor":13,"turns":1},{"damage":3,"enemies":"Gremlin Nob","floor":14,"turns":3},{"damage":5,"enemies":"The Guardian","floor":16,"turns":13},{"damage":0,"enemies":"2 Thieves","floor":18,"turns":2},{"damage":10,"enemies":"Spheric Guardian","floor":20,"turns":3},{"damage":11,"enemies":"Slaver and Parasite","floor":22,"turns":4},{"damage":0,"enemies":"Book of Stabbing","floor":24,"turns":5},{"damage":16,"enemies":"Sentry and Sphere","floor":25,"turns":6},{"damage":31,"enemies":"Gremlin Leader","floor":27,"turns":4},{"damage":3,"enemies":"Snake Plant","floor":30,"turns":5},{"damage":0,"enemies":"Centurion and Healer","floor":31,"turns":3},{"damage":6,"enemies":"Champ","floor":33,"turns":6},{"damage":8,"enemies":"3 Shapes","floor":35,"turns":3},{"damage":8,"enemies":"3 Darklings","floor":39,"turns":5},{"damage":38,"enemies":"Giant Head","floor":41,"turns":7},{"damage":9,"enemies":"Maw","floor":45,"turns":5},{"damage":17,"enemies":"4 Shapes","floor":46,"turns":4},{"damage":16,"enemies":"3 Darklings","floor":47,"turns":4},{"damage":16,"enemies":"Nemesis","floor":48,"turns":3},{"damage":59,"enemies":"Awakened One","floor":50,"turns":8}],"relics_obtained":[{"floor":6,"key":"Paper Crane"},{"floor":9,"key":"Toxic Egg 2"},{"floor":10,"key":"Bag of Marbles"},{"floor":14,"key":"Lantern"},{"floor":24,"key":"Meat on the Bone"},{"floor":26,"key":"Toolbox"},{"floor":27,"key":"Frozen Egg 2"},{"floor":36,"key":"Gremlin Horn"},{"floor":37,"key":"Pantograph"},{"floor":41,"key":"Vajra"},{"floor":43,"key":"Bottled Tornado"},{"floor":48,"key":"Regal Pillow"}],"event_choices":[{"event_name":"Golden Wing","player_choice":"Gained Gold","floor":2,"damage_taken":0},{"event_name":"Accursed Blacksmith","player_choice":"Forge","floor":4,"damage_taken":0},{"event_name":"Match and Keep!","player_choice":"1 cards matched","floor":5,"damage_taken":0},{"event_name":"The Mausoleum","player_choice":"Yes","floor":21,"damage_taken":0},{"event_name":"Forgotten Altar","player_choice":"Shed Blood","floor":29,"damage_taken":0}],"boss_relics":[{"not_picked":["Astrolabe","Sozu"],"picked":"Tiny House"},{"not_picked":["Snecko Eye","Velvet Choker"],"picked":"Busted Crown"}],"items_purged_floors":[38],"potions_floor_spawned":[3,8,11,16,20,22,24,27,39,47,48],"seed_played":"4842774111883686888","ascension_level":0,"potions_obtained":[{"floor":3,"key":"Energy Potion"},{"floor":8,"key":"Poison Potion"},{"floor":11,"key":"Explosive Potion"},{"floor":16,"key":"GamblersBrew"},{"floor":17,"key":"Strength Potion"},{"floor":24,"key":"SkillPotion"},{"floor":27,"key":"Strength Potion"},{"floor":39,"key":"GamblersBrew"},{"floor":47,"key":"PowerPotion"},{"floor":48,"key":"EssenceOfSteel"}],"is_trial":false}