{"gold_per_floor":[116,391,409,35,46,79,79,113,189,189,205,217,217,217,217,289,289,307,327,327,184,195,229,246,246,246,246],"floor_reached":27,"playtime":1288,"items_purged":["Regret"],"score":450,"play_id":"d90d7eac-dac5-4c2a-8cac-de94489bbcdb","local_time":"20190307230932","is_ascension_mode":true,"campfire_choices":[{"floor":7,"key":"REST"},{"data":"Zap","floor":10,"key":"SMITH"},{"data":"Consume","floor":13,"key":"SMITH"},{"data":"Chaos","floor":15,"key":"SMITH"},{"floor":25,"key":"REST"}],"neow_cost":"NONE","seed_source_timestamp":397074430571758,"circlet_count":0,"master_deck":["AscendersBane","Strike_B","Strike_B","Strike_B","Strike_B","Defend_B","Defend_B","Defend_B","Defend_B","Zap+1","Dualcast","Coolheaded+1","Go for the Eyes","Conserve Battery","Ball Lightning","Chaos+1","Reinforced Body","Consume+1","Conserve Battery+1","Meteor Strike","Turbo","Cold Snap","Hologram+1","Compile Driver","Creative AI","Steam Power","Stack","Multi-Cast"],"relics":["Cracked Core","NeowsBlessing","Prayer Wheel","Mango","Centennial Puzzle","Darkstone Periapt","Philosopher\u0027s Stone","Oddly Smooth Stone","War Paint"],"potions_floor_usage":[12,16,23],"damage_taken":[{"damage":0,"enemies":"Jaw Worm","floor":1,"turns":1},{"damage":0,"enemies":"Cultist","floor":3,"turns":1},{"damage":0,"enemies":"2 Louse","floor":5,"turns":1},{"damage":40,"enemies":"3 Sentries","floor":6,"turns":7},{"damage":10,"enemies":"Lagavulin","floor":8,"turns":9},{"damage":8,"enemies":"Blue Slaver","floor":11,"turns":2},{"damage":1,"enemies":"Red Slaver","floor":12,"turns":5},{"damage":13,"enemies":"Hexaghost","floor":16,"turns":9},{"damage":7,"enemies":"Chosen","floor":18,"turns":3},{"damage":11,"enemies":"3 Byrds","floor":19,"turns":5},{"damage":9,"enemies":"Snake Plant","floor":22,"turns":5},{"damage":31,"enemies":"Slavers","floor":23,"turns":7},{"damage":26,"enemies":"Sentry and Sphere","floor":24,"turns":8},{"damage":62,"enemies":"Gremlin Leader","floor":27,"turns":6}],"seed_played":"1188097815150728133","potions_obtained":[{"floor":3,"key":"SpeedPotion"},{"floor":8,"key":"Weak Potion"},{"floor":12,"key":"LiquidBronze"}],"is_trial":false,"path_per_floor":["M","?","M","$","M","E","R","E","T","R","M","M","R","?","R","B",null,"M","M","?","$","M","E","M","R","T","E"],"character_chosen":"DEFECT","items_purchased":["Prayer Wheel","Creative AI"],"campfire_rested":2,"item_purchase_floors":[4,21],"current_hp_per_floor":[64,64,64,64,64,38,63,53,53,53,45,44,44,44,44,31,72,65,54,95,95,86,55,29,57,57,0],"gold":246,"neow_bonus":"THREE_ENEMY_KILL","is_prod":false,"is_daily":false,"chose_seed":false,"campfire_upgraded":3,"win_rate":0,"timestamp":1551996572,"path_taken":["M","?","M","$","?","E","R","E","T","R","M","M","R","?","R","BOSS","M","M","?","$","M","E","M","R","T","E"],"build_version":"2019-01-23","purchased_purges":1,"victory":false,"max_hp_per_floor":[71,71,71,71,71,85,85,85,85,85,85,85,85,85,85,85,85,85,85,95,95,95,95,95,95,95,95],"card_choices":[{"not_picked":["Rebound","Steam"],"picked":"Coolheaded","floor":1},{"not_picked":["Turbo","Streamline"],"picked":"Go for the Eyes","floor":3},{"not_picked":["Stack","Rip and Tear"],"picked":"Conserve Battery","floor":5},{"not_picked":["All For One","Go for the Eyes"],"picked":"Ball Lightning","floor":5},{"not_picked":["Rebound","Doom and Gloom"],"picked":"Chaos","floor":6},{"not_picked":["Sweeping Beam","Barrage"],"picked":"Reinforced Body","floor":8},{"not_picked":["Compile Driver","Storm"],"picked":"Consume","floor":11},{"not_picked":["Streamline","Sweeping Beam"],"picked":"Conserve Battery","floor":11},{"not_picked":["Steam","Hologram"],"picked":"Seek","floor":12},{"not_picked":["Conserve Battery","Chaos","Double Energy"],"picked":"SKIP","floor":12},{"not_picked":["Conserve Battery","Chaos","Double Energy"],"picked":"SKIP","floor":12},{"not_picked":["Amplify","Rainbow"],"picked":"Meteor Strike","floor":16},{"not_picked":["Leap","Beam Cell"],"picked":"Turbo","floor":18},{"not_picked":["Storm","Streamline"],"picked":"Cold Snap","floor":18},{"not_picked":["Steam","Redo"],"picked":"Hologram+1","floor":19},{"not_picked":["Redo","Conserve Battery"],"picked":"Compile Driver","floor":19},{"not_picked":["Streamline","Steam"],"picked":"Steam Power","floor":22},{"not_picked":["Go for the Eyes","Melter","Aggregate"],"picked":"SKIP","floor":22},{"not_picked":["Double Energy","Steam Power"],"picked":"Stack","floor":23},{"not_picked":["Chaos","Hello World"],"picked":"Multi-Cast","floor":24},{"not_picked":["Gash","BootSequence","Hello World"],"picked":"SKIP","floor":24}],"player_experience":1086484,"relics_obtained":[{"floor":6,"key":"Mango"},{"floor":8,"key":"Centennial Puzzle"},{"floor":9,"key":"Darkstone Periapt"},{"floor":23,"key":"Oddly Smooth Stone"},{"floor":26,"key":"War Paint"}],"event_choices":[{"damage_healed":0,"gold_gain":275,"player_choice":"Desecrate","damage_taken":0,"max_hp_gain":0,"max_hp_loss":0,"event_name":"Golden Shrine","floor":2,"gold_loss":0,"cards_obtained":["Regret"]},{"damage_healed":0,"gold_gain":0,"player_choice":"Fled","damage_taken":0,"max_hp_gain":0,"max_hp_loss":0,"event_name":"Scrap Ooze","floor":14,"gold_loss":0},{"cards_removed":["Seek"],"damage_healed":31,"gold_gain":0,"player_choice":"Offered Rare","damage_taken":0,"max_hp_gain":10,"max_hp_loss":0,"event_name":"Bonfire Elementals","floor":20,"gold_loss":0}],"is_beta":false,"boss_relics":[{"not_picked":["Runic Dome","White Beast Statue"],"picked":"Philosopher\u0027s Stone"}],"items_purged_floors":[4],"is_endless":false,"potions_floor_spawned":[3,8,12],"killed_by":"Gremlin Leader","ascension_level":15}