{"gold_per_floor":[113,73,90,103,58,58,90,107,161,176,101,117,136,155,155,250,250,263,263,94,94,106,106,140,140,215,247,247,247,257,257,257,358,358,377,377,394,104,0,0,33,33,56,68,68,78,97,115,115,115],"floor_reached":51,"playtime":2555,"items_purged":["Defend_R","Defend_R","Strike_R"],"score":813,"play_id":"75411532-ffc0-4367-88c4-499b84b7206c","local_time":"20190131222943","is_ascension_mode":true,"campfire_choices":[{"floor":6,"key":"RECALL"},{"floor":15,"key":"REST"},{"data":"Armaments","floor":23,"key":"SMITH"},{"floor":25,"key":"REST"},{"data":"Cleave","floor":29,"key":"SMITH"},{"floor":32,"key":"REST"},{"floor":42,"key":"REST"},{"floor":45,"key":"REST"},{"data":"Clash","floor":49,"key":"SMITH"}],"neow_cost":"NONE","seed_source_timestamp":1982096457848065,"circlet_count":0,"master_deck":["Strike_R","Strike_R","Strike_R+1","Defend_R","Bash","Searing Blow+1","Clash+1","Cleave+1","Armaments+1","Ghostly Armor+1","Infernal Blade+1","Rage+1","Cleave+1","RitualDagger","Ghostly Armor+1","Flex+1","Body Slam+1","Warcry+1","Pommel Strike+1","Impervious+1","Cleave+1","Body Slam+1","Dramatic Entrance+1","Shrug It Off+1","Shrug It Off+1"],"relics":["Burning Blood","Toxic Egg 2","Black Star","Enchiridion","Bag of Marbles","Dodecahedron","Paper Frog","Molten Egg 2","Blue Candle","Pantograph","Philosopher\u0027s Stone","Red Mask","Ornamental Fan","Bottled Lightning","Whetstone"],"potions_floor_usage":[12,13,16,16,18,24,24,30,35,48,50,50,50],"damage_taken":[{"damage":15,"enemies":"Small Slimes","floor":1,"turns":3},{"damage":1,"enemies":"Cultist","floor":3,"turns":3},{"damage":12,"enemies":"Jaw Worm","floor":4,"turns":3},{"damage":33,"enemies":"3 Sentries","floor":7,"turns":8},{"damage":11,"enemies":"Blue Slaver","floor":8,"turns":4},{"damage":15,"enemies":"3 Louse","floor":10,"turns":3},{"damage":1,"enemies":"2 Fungi Beasts","floor":12,"turns":2},{"damage":9,"enemies":"Gremlin Gang","floor":13,"turns":4},{"damage":10,"enemies":"Exordium Wildlife","floor":14,"turns":5},{"damage":28,"enemies":"Hexaghost","floor":16,"turns":9},{"damage":2,"enemies":"2 Thieves","floor":18,"turns":3},{"damage":9,"enemies":"Shell Parasite","floor":22,"turns":3},{"damage":28,"enemies":"Book of Stabbing","floor":24,"turns":5},{"damage":0,"enemies":"Gremlin Leader","floor":27,"turns":4},{"damage":5,"enemies":"Shelled Parasite and Fungi","floor":30,"turns":3},{"damage":49,"enemies":"Automaton","floor":33,"turns":9},{"damage":12,"enemies":"3 Darklings","floor":35,"turns":3},{"damage":0,"enemies":"Orb Walker","floor":37,"turns":2},{"damage":65,"enemies":"Giant Head","floor":41,"turns":8},{"damage":1,"enemies":"Transient","floor":44,"turns":5},{"damage":0,"enemies":"Sphere and 2 Shapes","floor":46,"turns":1},{"damage":39,"enemies":"Maw","floor":47,"turns":8},{"damage":1,"enemies":"3 Darklings","floor":48,"turns":3},{"damage":65,"enemies":"Awakened One","floor":50,"turns":14}],"seed_played":"-8115197364769750580","potions_obtained":[{"floor":1,"key":"Fire Potion"},{"floor":2,"key":"Energy Potion"},{"floor":2,"key":"Swift Potion"},{"floor":13,"key":"SteroidPotion"},{"floor":14,"key":"Swift Potion"},{"floor":16,"key":"AttackPotion"},{"floor":18,"key":"Block Potion"},{"floor":22,"key":"Poison Potion"},{"floor":30,"key":"Explosive Potion"},{"floor":41,"key":"EssenceOfSteel"},{"floor":46,"key":"SteroidPotion"},{"floor":48,"key":"PowerPotion"}],"is_trial":false,"path_per_floor":["M","?","M","M","$","R","E","M","T","M","$","M","M","M","R","B",null,"M","?","$","?","M","R","E","R","T","E","T","R","M","?","R","B",null,"M","?","M","$","?","?","E","R","T","M","R","M","M","M","R","B",null],"character_chosen":"IRONCLAD","items_purchased":["Armaments","Ghostly Armor+1","Body Slam+1","Dramatic Entrance+1","Strength Potion"],"campfire_rested":5,"item_purchase_floors":[5,20,38,38,38],"current_hp_per_floor":[71,71,76,70,70,70,43,38,38,29,29,34,31,27,51,29,80,80,74,74,58,55,55,33,57,57,63,63,63,64,49,74,42,85,79,79,85,85,85,85,26,51,51,56,81,85,52,57,57,23],"gold":115,"neow_bonus":"REMOVE_CARD","is_prod":false,"is_daily":false,"chose_seed":false,"campfire_upgraded":3,"win_rate":0,"timestamp":1548991783,"path_taken":["M","?","M","M","?","R","E","?","T","M","$","M","M","M","R","BOSS","M","?","$","?","M","R","E","R","T","E","?","R","M","?","R","BOSS","M","?","?","$","?","?","E","R","T","M","R","?","M","M","R","BOSS"],"build_version":"2019-01-23","purchased_purges":3,"victory":true,"max_hp_per_floor":[80,80,80,80,80,80,80,80,80,80,80,80,80,80,80,80,80,80,80,80,80,80,80,80,80,80,80,80,80,80,85,85,85,85,85,85,85,85,85,85,85,85,85,85,85,85,85,85,85,85],"card_choices":[{"not_picked":["Shrug It Off","Seeing Red"],"picked":"Searing Blow","floor":1},{"not_picked":["Headbutt","Heavy Blade"],"picked":"Clash","floor":3},{"not_picked":["Combust","Clash"],"picked":"Cleave","floor":4},{"not_picked":["Heavy Blade","Fire Breathing","Anger"],"picked":"SKIP","floor":7},{"not_picked":["Whirlwind","Carnage","True Grit+1"],"picked":"SKIP","floor":8},{"not_picked":["Reckless Charge","Corruption","Combust"],"picked":"SKIP","floor":10},{"not_picked":["Clash","Headbutt"],"picked":"Ghostly Armor+1","floor":12},{"not_picked":["Flex+1","Immolate"],"picked":"Infernal Blade+1","floor":13},{"not_picked":["Bloodletting+1","Power Through+1"],"picked":"Rage+1","floor":14},{"not_picked":["Searing Blow+1","Entrench+1"],"picked":"Cleave","floor":18},{"not_picked":["Clothesline+1","Sword Boomerang"],"picked":"Flex+1","floor":22},{"not_picked":["Demon Form","Anger"],"picked":"Body Slam+1","floor":24},{"not_picked":["Pommel Strike","Bludgeon"],"picked":"Warcry+1","floor":27},{"not_picked":["Seeing Red+1","Twin Strike+1"],"picked":"Pommel Strike+1","floor":30},{"not_picked":["Exhume+1","Offering+1"],"picked":"Impervious+1","floor":33},{"not_picked":["Shockwave+1","Bloodletting+1"],"picked":"Cleave+1","floor":35},{"not_picked":["Fire Breathing","Clothesline+1","Wild Strike+1"],"picked":"SKIP","floor":37},{"not_picked":["Heavy Blade+1","Demon Form"],"picked":"Shrug It Off+1","floor":41},{"not_picked":["Twin Strike+1","Armaments+1"],"picked":"Shrug It Off+1","floor":44},{"not_picked":["Whirlwind+1","Clothesline+1","Reckless Charge+1"],"picked":"SKIP","floor":46},{"not_picked":["Anger+1","Combust+1","Wild Strike+1"],"picked":"SKIP","floor":47},{"not_picked":["Rupture+1","Spot Weakness+1","Anger+1"],"picked":"SKIP","floor":48}],"player_experience":125523,"relics_obtained":[{"floor":7,"key":"Toxic Egg 2"},{"floor":21,"key":"Enchiridion"},{"floor":24,"key":"Bag of Marbles"},{"floor":24,"key":"Dodecahedron"},{"floor":26,"key":"Paper Frog"},{"floor":27,"key":"Molten Egg 2"},{"floor":27,"key":"Blue Candle"},{"floor":28,"key":"Pantograph"},{"floor":41,"key":"Ornamental Fan"},{"floor":41,"key":"Bottled Lightning"},{"floor":43,"key":"Whetstone"}],"event_choices":[{"damage_healed":0,"gold_gain":0,"player_choice":"Bought 3 Potions","damage_taken":0,"max_hp_gain":0,"max_hp_loss":0,"event_name":"The Woman in Blue","floor":2,"gold_loss":0},{"damage_healed":0,"gold_gain":0,"player_choice":"Joined the Cult","damage_taken":6,"max_hp_gain":0,"max_hp_loss":0,"event_name":"Nest","floor":19,"gold_loss":0,"cards_obtained":["RitualDagger"]},{"damage_healed":0,"gold_gain":0,"player_choice":"Obtained Book","damage_taken":16,"max_hp_gain":0,"max_hp_loss":0,"event_name":"Cursed Tome","floor":21,"gold_loss":0},{"damage_healed":0,"gold_gain":0,"player_choice":"Shed Blood","damage_taken":20,"max_hp_gain":5,"max_hp_loss":0,"event_name":"Forgotten Altar","floor":31,"gold_loss":0},{"damage_healed":0,"gold_gain":0,"player_choice":"Forge","damage_taken":0,"max_hp_gain":0,"max_hp_loss":0,"event_name":"Accursed Blacksmith","floor":36,"gold_loss":0,"cards_upgraded":["Cleave"]},{"damage_healed":0,"gold_gain":0,"player_choice":"Paid","damage_taken":0,"relics_obtained":["Red Mask"],"max_hp_gain":0,"max_hp_loss":0,"event_name":"Tomb of Lord Red Mask","floor":39,"gold_loss":104},{"cards_removed":["Strike_R"],"damage_healed":0,"gold_gain":0,"player_choice":"Purged","damage_taken":0,"max_hp_gain":0,"max_hp_loss":0,"event_name":"Purifier","floor":40,"gold_loss":0}],"is_beta":false,"boss_relics":[{"not_picked":["Snecko Eye","Sozu"],"picked":"Black Star"},{"not_picked":["Eternal Feather","Busted Crown"],"picked":"Philosopher\u0027s Stone"}],"items_purged_floors":[11,20,38],"is_endless":false,"potions_floor_spawned":[1,3,13,14,16,18,22,30,41,46,48],"ascension_level":2}