{"gold_per_floor":[111,122,136,61,76,102,121,153,225,225,175,31,31,49,49,152,152,169,169,189,288,188,188,188,203,203,78,93,104,104,104,104,209,259,272,289,289,307,321,321,340,190,190,190,190,190,15,35,35,35],"floor_reached":51,"playtime":2236,"items_purged":["Wild Strike","Sword Boomerang","Inflame","Twin Strike","Warcry"],"score":1059,"play_id":"c6ad8242-d6dd-4d38-95ec-d60cdec4aab4","local_time":"20181204181739","daily_mods":["Draft"],"is_ascension_mode":false,"campfire_choices":[{"data":"Clash","floor":15,"key":"SMITH"},{"data":"Anger","floor":24,"key":"SMITH"},{"data":"Anger","floor":30,"key":"SMITH"},{"data":"Anger","floor":32,"key":"SMITH"},{"data":"Anger","floor":40,"key":"SMITH"},{"data":"Flex","floor":44,"key":"SMITH"},{"data":"Flex","floor":46,"key":"SMITH"},{"data":"Flex","floor":49,"key":"SMITH"}],"neow_cost":"","seed_source_timestamp":0,"circlet_count":0,"master_deck":["Clash+1","Warcry","Anger+1","Anger+1","Flex+1","Rage+1","Flex+1","Warcry","Flex+1","Warcry","Anger+1","Rage+1","Rage+1","Flex+1","Rage+1","Anger+1","Body Slam+1","Anger+1"],"relics":["Unceasing Top","Gambling Chip","Strawberry","Toxic Egg 2","Pen Nib","Prayer Wheel","Shovel","Tiny House"],"potions_floor_usage":[],"damage_taken":[{"damage":0,"enemies":"Jaw Worm","floor":1,"turns":1},{"damage":0,"enemies":"2 Louse","floor":2,"turns":1},{"damage":0,"enemies":"Small Slimes","floor":3,"turns":1},{"damage":0,"enemies":"Blue Slaver","floor":5,"turns":2},{"damage":0,"enemies":"Gremlin Nob","floor":6,"turns":2},{"damage":0,"enemies":"Exordium Thugs","floor":7,"turns":1},{"damage":3,"enemies":"3 Sentries","floor":8,"turns":2},{"damage":0,"enemies":"2 Fungi Beasts","floor":14,"turns":1},{"damage":0,"enemies":"Hexaghost","floor":16,"turns":2},{"damage":4,"enemies":"Chosen","floor":18,"turns":2},{"damage":0,"enemies":"Shell Parasite","floor":20,"turns":1},{"damage":0,"enemies":"3 Cultists","floor":25,"turns":1},{"damage":0,"enemies":"Chosen and Byrds","floor":28,"turns":1},{"damage":0,"enemies":"Centurion and Healer","floor":29,"turns":1},{"damage":0,"enemies":"Champ","floor":33,"turns":1},{"damage":0,"enemies":"Orb Walker","floor":35,"turns":1},{"damage":0,"enemies":"3 Darklings","floor":36,"turns":1},{"damage":0,"enemies":"Spire Growth","floor":38,"turns":1},{"damage":0,"enemies":"Writhing Mass","floor":39,"turns":1},{"damage":0,"enemies":"Sphere and 2 Shapes","floor":41,"turns":1},{"damage":0,"enemies":"Spire Growth","floor":48,"turns":1},{"damage":0,"enemies":"Awakened One","floor":50,"turns":2}],"seed_played":"5133062816511393105","potions_obtained":[{"floor":2,"key":"Dexterity Potion"},{"floor":8,"key":"Strength Potion"},{"floor":18,"key":"Fire Potion"},{"floor":25,"key":"PowerPotion"}],"is_trial":true,"path_per_floor":["M","M","M","$","M","E","M","E","T","?","?","$","?","M","R","B",null,"M","?","M","?","$","?","R","M","T","$","M","M","R","$","R","B",null,"M","M","?","M","M","R","M","$","T","R","?","R","$","M","R","B",null],"character_chosen":"IRONCLAD","items_purchased":["Pen Nib"],"campfire_rested":0,"item_purchase_floors":[12],"current_hp_per_floor":[80,80,80,80,80,80,80,84,84,77,77,77,74,74,74,74,87,83,83,83,83,83,83,83,83,83,83,83,83,83,83,83,83,92,92,92,87,87,87,87,87,87,87,87,87,87,87,87,87,87],"gold":35,"neow_bonus":"","is_prod":false,"is_daily":false,"chose_seed":false,"campfire_upgraded":8,"win_rate":0,"timestamp":1543965459,"path_taken":["M","M","M","$","M","E","M","E","T","?","?","?","?","M","R","BOSS","M","?","M","?","$","?","R","?","T","$","M","M","R","$","R","BOSS","M","M","?","M","M","R","M","$","T","R","?","R","$","M","R","BOSS"],"build_version":"2018-11-15","purchased_purges":5,"victory":true,"max_hp_per_floor":[80,80,80,80,80,80,80,87,87,87,87,87,87,87,87,87,87,87,87,87,87,87,87,87,87,87,87,87,87,87,87,87,87,92,92,92,87,87,87,87,87,87,87,87,87,87,87,87,87,87],"card_choices":[{"not_picked":["Body Slam","Burning Pact"],"picked":"Twin Strike","floor":0},{"not_picked":["Armaments","Iron Wave"],"picked":"Clash","floor":0},{"not_picked":["Entrench","Blood for Blood"],"picked":"Warcry","floor":0},{"not_picked":["Searing Blow","Hemokinesis"],"picked":"Anger","floor":0},{"not_picked":["Cleave","Warcry"],"picked":"Anger","floor":0},{"not_picked":["Armaments","Combust"],"picked":"Flex","floor":0},{"not_picked":["True Grit","Headbutt"],"picked":"Wild Strike","floor":0},{"not_picked":["Cleave","Iron Wave"],"picked":"Rage","floor":0},{"not_picked":["True Grit","Blood for Blood"],"picked":"Havoc","floor":0},{"not_picked":["Carnage","Thunderclap"],"picked":"Rampage","floor":0},{"not_picked":["Heavy Blade","Clothesline"],"picked":"Warcry","floor":0},{"not_picked":["Disarm","Cleave"],"picked":"Flex","floor":0},{"not_picked":["Hemokinesis","Flame Barrier"],"picked":"Sword Boomerang","floor":0},{"not_picked":["Carnage","Corruption"],"picked":"Warcry","floor":0},{"not_picked":["Sword Boomerang","Pommel Strike"],"picked":"Inflame","floor":0},{"not_picked":["Heavy Blade","Corruption","Shrug It Off"],"picked":"SKIP","floor":1},{"not_picked":["Headbutt","Heavy Blade","Disarm"],"picked":"SKIP","floor":2},{"not_picked":["Thunderclap","Blood for Blood","Wild Strike"],"picked":"SKIP","floor":3},{"not_picked":["Headbutt","Power Through","Second Wind"],"picked":"SKIP","floor":5},{"not_picked":["Berserk","Heavy Blade"],"picked":"Flex","floor":6},{"not_picked":["Shrug It Off","Headbutt"],"picked":"Warcry","floor":7},{"not_picked":["Feed","Wild Strike","Intimidate"],"picked":"SKIP","floor":8},{"not_picked":["Searing Blow","Battle Trance+1"],"picked":"Anger","floor":14},{"not_picked":["Clash","Warcry+1","Feel No Pain"],"picked":"SKIP","floor":14},{"not_picked":["Clash","Anger+1"],"picked":"Rage+1","floor":18},{"not_picked":["Rampage","Thunderclap+1"],"picked":"Rage+1","floor":18},{"not_picked":["Iron Wave","Inflame+1"],"picked":"Flex+1","floor":20},{"not_picked":["Twin Strike","Dropkick","Wild Strike+1"],"picked":"SKIP","floor":20},{"not_picked":["Thunderclap+1","Warcry+1"],"picked":"Anger","floor":25},{"not_picked":["Pommel Strike","Warcry+1","Shrug It Off+1"],"picked":"SKIP","floor":25},{"not_picked":["Shrug It Off+1","Clothesline","Second Wind+1"],"picked":"SKIP","floor":28},{"not_picked":["Berserk","Thunderclap","True Grit+1"],"picked":"SKIP","floor":28},{"not_picked":["Ghostly Armor+1","Battle Trance+1","Second Wind+1"],"picked":"SKIP","floor":29},{"not_picked":["Sever Soul","Clash","Anger"],"picked":"SKIP","floor":29},{"not_picked":["Pommel Strike","Fiend Fire"],"picked":"Body Slam+1","floor":35},{"not_picked":["Twin Strike","Havoc+1","Wild Strike"],"picked":"SKIP","floor":35},{"not_picked":["Anger","Clothesline+1","Sever Soul"],"picked":"SKIP","floor":36},{"not_picked":["Flame Barrier+1","Clothesline+1","Headbutt"],"picked":"SKIP","floor":36},{"not_picked":["Second Wind+1","Feel No Pain","Clash+1"],"picked":"SKIP","floor":38},{"not_picked":["Shrug It Off+1","True Grit+1","Armaments+1"],"picked":"SKIP","floor":38},{"not_picked":["Clothesline","Intimidate+1","Hemokinesis+1"],"picked":"SKIP","floor":39},{"not_picked":["Rage+1","Sword Boomerang+1","Rampage"],"picked":"SKIP","floor":39},{"not_picked":["Carnage","Iron Wave+1"],"picked":"Anger+1","floor":41},{"not_picked":["Warcry+1","Spot Weakness+1","Intimidate+1"],"picked":"SKIP","floor":41},{"not_picked":["Fire Breathing+1","Limit Break+1","Seeing Red+1"],"picked":"SKIP","floor":48},{"not_picked":["Shockwave+1","Rampage+1","Hemokinesis+1"],"picked":"SKIP","floor":48}],"player_experience":170010,"relics_obtained":[{"floor":6,"key":"Gambling Chip"},{"floor":8,"key":"Strawberry"},{"floor":9,"key":"Toxic Egg 2"},{"floor":26,"key":"Shovel"}],"event_choices":[{"cards_removed":["Havoc"],"damage_healed":0,"gold_gain":0,"player_choice":"Card Removal","damage_taken":7,"max_hp_gain":0,"max_hp_loss":0,"event_name":"Golden Wing","floor":10,"gold_loss":0},{"cards_removed":["Rampage"],"damage_healed":0,"gold_gain":0,"player_choice":"Card Removal","damage_taken":0,"max_hp_gain":0,"max_hp_loss":0,"event_name":"The Cleric","floor":11,"gold_loss":50},{"damage_healed":0,"gold_gain":0,"player_choice":"Success","damage_taken":3,"relics_obtained":["Prayer Wheel"],"max_hp_gain":0,"max_hp_loss":0,"event_name":"Scrap Ooze","floor":13,"gold_loss":0},{"damage_healed":0,"gold_gain":0,"player_choice":"Ignored","damage_taken":0,"max_hp_gain":0,"max_hp_loss":0,"event_name":"The Mausoleum","floor":19,"gold_loss":0},{"damage_healed":0,"gold_gain":99,"player_choice":"Stole From Cult","damage_taken":0,"max_hp_gain":0,"max_hp_loss":0,"event_name":"Nest","floor":21,"gold_loss":0},{"damage_healed":0,"gold_gain":0,"player_choice":"Copied","damage_taken":0,"max_hp_gain":0,"max_hp_loss":0,"event_name":"Duplicator","floor":23,"gold_loss":0,"cards_obtained":["Rage"]},{"damage_healed":0,"gold_gain":0,"player_choice":"Max HP","damage_taken":0,"max_hp_gain":0,"max_hp_loss":5,"event_name":"Winding Halls","floor":37,"gold_loss":0},{"damage_healed":0,"gold_gain":0,"player_choice":"Ignored","damage_taken":0,"max_hp_gain":0,"max_hp_loss":0,"event_name":"Tomb of Lord Red Mask","floor":45,"gold_loss":0}],"is_beta":false,"boss_relics":[{"not_picked":["Mark of Pain","Busted Crown","Cursed Key"]},{"not_picked":["Coffee Dripper","Calling Bell"],"picked":"Tiny House"}],"items_purged_floors":[4,22,27,42,47],"is_endless":false,"potions_floor_spawned":[2,8,18,25,29,33,35,41],"ascension_level":0}