{"gold_per_floor":[119,119,134,152,152,186,186,111,111,122,138,148,177,40,40,144,144,155,155,55,55,66,66,96,107,107,107,127,139,159,159,159,258,258,271,271,291,309,309,309,324,324,324,324,140,140,153,178,178,178],"floor_reached":51,"playtime":2115,"items_purged":["Defend_R","Strike_R","Defend_R"],"score":947,"play_id":"d74718be-ccdc-447e-81a3-9bda66f00d24","local_time":"20190307190649","is_ascension_mode":true,"campfire_choices":[{"data":"Bash","floor":7,"key":"SMITH"},{"data":"Rampage","floor":15,"key":"SMITH"},{"data":"Burning Pact","floor":23,"key":"SMITH"},{"data":"Exhume","floor":27,"key":"SMITH"},{"floor":32,"key":"REST"},{"data":"Seeing Red","floor":40,"key":"SMITH"},{"floor":42,"key":"REST"},{"data":"Sentinel","floor":44,"key":"SMITH"},{"floor":49,"key":"REST"}],"neow_cost":"PERCENT_DAMAGE","seed_source_timestamp":381675361305248,"circlet_count":0,"master_deck":["Bash+1","Rampage+1","Sentinel+1","Burning Pact+1","Exhume+1","Seeing Red+1","Impatience+1"],"relics":["Burning Blood","Self Forming Clay","Orichalcum","Art of War","Empty Cage","The Courier","Sundial","Happy Flower","Black Star","Pantograph","Ancient Tea Set","Ice Cream","Strawberry"],"potions_floor_usage":[13,13,16,24,38,38,50,50],"damage_taken":[{"damage":0,"enemies":"Small Slimes","floor":1,"turns":3},{"damage":5,"enemies":"Cultist","floor":3,"turns":4},{"damage":5,"enemies":"Jaw Worm","floor":4,"turns":6},{"damage":39,"enemies":"Lagavulin","floor":6,"turns":7},{"damage":7,"enemies":"Red Slaver","floor":10,"turns":2},{"damage":6,"enemies":"2 Fungi Beasts","floor":11,"turns":3},{"damage":4,"enemies":"Looter","floor":12,"turns":2},{"damage":0,"enemies":"Gremlin Nob","floor":13,"turns":3},{"damage":0,"enemies":"Slime Boss","floor":16,"turns":5},{"damage":14,"enemies":"2 Thieves","floor":18,"turns":4},{"damage":4,"enemies":"Chosen","floor":22,"turns":3},{"damage":49,"enemies":"Slavers","floor":24,"turns":5},{"damage":4,"enemies":"Sentry and Sphere","floor":25,"turns":3},{"damage":0,"enemies":"Centurion and Healer","floor":28,"turns":4},{"damage":0,"enemies":"3 Cultists","floor":29,"turns":3},{"damage":0,"enemies":"Snecko","floor":30,"turns":2},{"damage":49,"enemies":"Collector","floor":33,"turns":4},{"damage":25,"enemies":"3 Darklings","floor":35,"turns":3},{"damage":9,"enemies":"3 Shapes","floor":37,"turns":4},{"damage":22,"enemies":"Jaw Worm Horde","floor":38,"turns":3},{"damage":10,"enemies":"Spire Growth","floor":41,"turns":2},{"damage":12,"enemies":"4 Shapes","floor":47,"turns":1},{"damage":0,"enemies":"Nemesis","floor":48,"turns":1},{"damage":22,"enemies":"Time Eater","floor":50,"turns":2}],"seed_played":"-7300534435936721945","potions_obtained":[{"floor":1,"key":"Swift Potion"},{"floor":10,"key":"Strength Potion"},{"floor":11,"key":"Regen Potion"},{"floor":12,"key":"Poison Potion"},{"floor":16,"key":"SteroidPotion"},{"floor":18,"key":"FairyPotion"},{"floor":24,"key":"Poison Potion"},{"floor":28,"key":"SkillPotion"},{"floor":30,"key":"Energy Potion"},{"floor":37,"key":"AttackPotion"},{"floor":38,"key":"SpeedPotion"},{"floor":47,"key":"GamblersBrew"},{"floor":48,"key":"Explosive Potion"}],"is_trial":false,"path_per_floor":["M","?","M","M","?","E","R","$","T","M","M","M","E","$","R","B",null,"M","?","$","?","M","R","E","M","T","R","M","M","M","?","R","B",null,"M","?","M","M","?","R","M","R","T","R","$","?","M","E","R","B",null],"character_chosen":"IRONCLAD","items_purchased":["Burning Pact","Impatience","Ancient Tea Set"],"campfire_rested":3,"item_purchase_floors":[14,45,45],"current_hp_per_floor":[62,62,63,64,80,47,47,47,47,46,46,48,54,54,54,60,80,72,72,72,72,74,74,31,33,33,33,39,45,51,51,75,32,80,61,61,58,42,42,42,38,62,62,62,62,62,56,69,87,71],"gold":178,"neow_bonus":"REMOVE_TWO","is_prod":false,"is_daily":false,"chose_seed":false,"campfire_upgraded":6,"win_rate":0,"timestamp":1551982009,"path_taken":["M","?","?","M","?","E","R","$","T","M","M","M","E","$","R","BOSS","M","?","$","?","M","R","E","M","T","R","M","M","M","?","R","BOSS","M","?","?","M","?","R","?","R","T","R","$","?","M","E","R","BOSS"],"build_version":"2019-01-23","purchased_purges":3,"victory":true,"max_hp_per_floor":[80,80,80,80,80,80,80,80,80,80,80,80,80,80,80,80,80,80,80,80,80,80,80,80,80,80,80,80,80,80,80,80,80,80,80,80,80,80,80,80,80,80,80,80,80,80,80,87,87,87],"card_choices":[{"not_picked":["Disarm","Flex","Armaments"],"picked":"SKIP","floor":1},{"not_picked":["Cleave","Ghostly Armor","Armaments"],"picked":"SKIP","floor":3},{"not_picked":["Iron Wave","Carnage"],"picked":"Twin Strike","floor":4},{"not_picked":["Impervious","Infernal Blade","Anger"],"picked":"SKIP","floor":6},{"not_picked":["Perfected Strike","Inflame","Rupture"],"picked":"SKIP","floor":10},{"not_picked":["Dual Wield","Entrench","Rupture"],"picked":"SKIP","floor":11},{"not_picked":["Rage","Pommel Strike"],"picked":"Rampage","floor":12},{"not_picked":["Infernal Blade","Bloodletting"],"picked":"Sentinel","floor":13},{"not_picked":["Dark Embrace","Demon Form"],"picked":"Exhume","floor":16},{"not_picked":["True Grit","Fire Breathing+1"],"picked":"Seeing Red","floor":18},{"not_picked":["Sever Soul","Sentinel","Cleave+1"],"picked":"SKIP","floor":22},{"not_picked":["Clash","Iron Wave","Sever Soul"],"picked":"SKIP","floor":24},{"not_picked":["Combust","Headbutt+1","Clash+1"],"picked":"SKIP","floor":25},{"not_picked":["Fire Breathing+1","Heavy Blade","Wild Strike+1"],"picked":"SKIP","floor":28},{"not_picked":["Flex","Clothesline","Wild Strike+1"],"picked":"SKIP","floor":29},{"not_picked":["Iron Wave","Ghostly Armor+1","Rupture"],"picked":"SKIP","floor":30},{"not_picked":["Headbutt+1","Armaments+1","Flex+1"],"picked":"SKIP","floor":35},{"not_picked":["Warcry","Bloodletting+1","Intimidate"],"picked":"SKIP","floor":37},{"not_picked":["Havoc","Warcry","Combust"],"picked":"SKIP","floor":38},{"not_picked":["Impervious","Entrench+1","Clothesline+1"],"picked":"SKIP","floor":41},{"not_picked":["Pummel","Shockwave+1","Uppercut+1"],"picked":"SKIP","floor":47},{"not_picked":["Rupture+1","Anger","Burning Pact"],"picked":"SKIP","floor":48}],"player_experience":1078829,"relics_obtained":[{"floor":6,"key":"Self Forming Clay"},{"floor":9,"key":"Orichalcum"},{"floor":13,"key":"Art of War"},{"floor":24,"key":"Sundial"},{"floor":26,"key":"Happy Flower"},{"floor":43,"key":"Pantograph"},{"floor":48,"key":"Ice Cream"},{"floor":48,"key":"Strawberry"}],"event_choices":[{"cards_removed":["Strike_R"],"damage_healed":0,"gold_gain":0,"player_choice":"Offered Basic","damage_taken":0,"max_hp_gain":0,"max_hp_loss":0,"event_name":"Bonfire Elementals","floor":2,"gold_loss":0},{"damage_healed":16,"gold_gain":0,"player_choice":"Full Heal","damage_taken":0,"max_hp_gain":0,"max_hp_loss":0,"event_name":"Wheel of Change","floor":5,"gold_loss":0},{"damage_healed":0,"gold_gain":0,"player_choice":"Opened","damage_taken":0,"relics_obtained":["The Courier"],"max_hp_gain":0,"max_hp_loss":0,"event_name":"The Mausoleum","floor":19,"gold_loss":0},{"damage_healed":0,"gold_gain":0,"player_choice":"Ignored","damage_taken":0,"max_hp_gain":0,"max_hp_loss":0,"event_name":"Beggar","floor":21,"gold_loss":0},{"damage_healed":0,"gold_gain":0,"player_choice":"Ignored","damage_taken":0,"max_hp_gain":0,"max_hp_loss":0,"event_name":"Ghosts","floor":31,"gold_loss":0},{"cards_removed":["Strike_R"],"damage_healed":0,"gold_gain":0,"player_choice":"Card Removal","damage_taken":0,"max_hp_gain":0,"max_hp_loss":0,"event_name":"Wheel of Change","floor":36,"gold_loss":0},{"cards_removed":["Twin Strike"],"damage_healed":0,"gold_gain":0,"player_choice":"Purged","damage_taken":0,"max_hp_gain":0,"max_hp_loss":0,"event_name":"Purifier","floor":39,"gold_loss":0},{"damage_healed":0,"gold_gain":0,"player_choice":"Upgraded","damage_taken":0,"max_hp_gain":0,"max_hp_loss":0,"event_name":"Upgrade Shrine","floor":46,"gold_loss":0,"cards_upgraded":["Impatience"]}],"is_beta":false,"boss_relics":[{"not_picked":["White Beast Statue","Runic Pyramid"],"picked":"Empty Cage"},{"not_picked":["Runic Dome","Runic Cube"],"picked":"Black Star"}],"items_purged_floors":[8,14,20],"is_endless":false,"potions_floor_spawned":[1,10,11,12,16,18,24,28,30,37,38,47,48],"ascension_level":1}