{"gold_per_floor":[109,34,34,7,19,46,46,61,61,61,79,140,170,70,70,172,172,190,14,34,34,54,54,74,74,99,99,99,116,126,0,0,0],"floor_reached":33,"playtime":806,"items_purged":["Strike_B","Strike_B","Strike_B"],"score":305,"play_id":"fbdf216d-05dc-4cec-911c-242d3acfa520","local_time":"20180904160440","is_ascension_mode":false,"campfire_choices":[{"data":"Gash","floor":7,"key":"SMITH"},{"data":"Gash","floor":10,"key":"SMITH"},{"data":"Beam Cell","floor":15,"key":"SMITH"},{"data":"Hologram","floor":23,"key":"SMITH"},{"data":"Steam","floor":25,"key":"SMITH"},{"data":"Gash","floor":28,"key":"SMITH"},{"data":"Gash","floor":32,"key":"SMITH"}],"neow_cost":"NONE","seed_source_timestamp":209531835885255,"circlet_count":0,"master_deck":["Strike_B","Defend_B","Defend_B","Defend_B","Defend_B","Zap","Dualcast","Go for the Eyes","Conserve Battery","Gash+1","Rebound","Gash+1","Gash+1","Gash+1","Beam Cell+1","Reboot","Hologram+1","Beam Cell","Go for the Eyes+1","Steam+1","Ball Lightning+1"],"relics":["Cracked Core","NeowsBlessing","Gremlin Horn","Pantograph","Bronze Scales","Torii","Orrery","Orichalcum"],"potions_floor_usage":[16,16,30,33],"damage_taken":[{"damage":0,"enemies":"Cultist","floor":1,"turns":1},{"damage":0,"enemies":"Jaw Worm","floor":5,"turns":1},{"damage":0,"enemies":"3 Sentries","floor":6,"turns":1},{"damage":8,"enemies":"Small Slimes","floor":8,"turns":3},{"damage":1,"enemies":"Exordium Wildlife","floor":11,"turns":3},{"damage":19,"enemies":"Lagavulin Event","floor":12,"turns":5},{"damage":20,"enemies":"Gremlin Nob","floor":13,"turns":4},{"damage":2,"enemies":"Hexaghost","floor":16,"turns":7},{"damage":2,"enemies":"2 Thieves","floor":18,"turns":3},{"damage":0,"enemies":"Chosen","floor":20,"turns":3},{"damage":2,"enemies":"Centurion and Healer","floor":22,"turns":6},{"damage":1,"enemies":"3 Cultists","floor":24,"turns":4},{"damage":23,"enemies":"Sentry and Sphere","floor":29,"turns":4},{"damage":24,"enemies":"Centurion and Healer","floor":30,"turns":6},{"damage":72,"enemies":"Champ","floor":33,"turns":8}],"seed_played":"-1341305734010366839","potions_obtained":[{"floor":1,"key":"EssenceOfSteel"},{"floor":11,"key":"Ancient Potion"},{"floor":12,"key":"EssenceOfSteel"},{"floor":16,"key":"Regen Potion"},{"floor":18,"key":"PowerPotion"},{"floor":30,"key":"LiquidBronze"}],"is_trial":false,"path_per_floor":["M","$","?","$","M","E","R","M","T","R","M","?","E","$","R","B",null,"M","$","M","?","M","R","M","R","T","$","R","M","M","?","R"],"character_chosen":"DEFECT","items_purchased":["Conserve Battery","Steam"],"campfire_rested":0,"item_purchase_floors":[4,19],"current_hp_per_floor":[75,75,80,80,80,80,80,72,72,72,71,52,32,32,32,55,80,78,78,78,78,76,76,75,75,75,75,75,52,43,43,43,0],"gold":0,"neow_bonus":"THREE_ENEMY_KILL","is_prod":false,"is_daily":false,"chose_seed":false,"campfire_upgraded":7,"win_rate":0,"timestamp":1536044680,"path_taken":["M","?","?","?","?","E","R","M","T","R","?","?","E","?","R","BOSS","M","$","M","?","M","R","M","R","T","$","R","M","M","?","R","BOSS"],"build_version":"2018-08-30","purchased_purges":3,"victory":false,"max_hp_per_floor":[75,75,80,80,80,80,80,80,80,80,80,80,80,80,80,80,80,80,80,80,80,80,80,80,80,80,80,80,80,80,80,80,80],"card_choices":[{"not_picked":["Compile Driver","Sweeping Beam"],"picked":"Go for the Eyes","floor":1},{"not_picked":["Redo","Glacier"],"picked":"Gash","floor":5},{"not_picked":["Go for the Eyes","Redo"],"picked":"Rebound","floor":6},{"not_picked":["Stack","Ball Lightning"],"picked":"Gash","floor":8},{"not_picked":["Streamline","Steam"],"picked":"Gash","floor":11},{"not_picked":["Steam Power","Ball Lightning"],"picked":"Gash","floor":12},{"not_picked":["Leap","Melter"],"picked":"Beam Cell","floor":13},{"not_picked":["Seek","Biased Cognition"],"picked":"Reboot","floor":16},{"not_picked":["Melter","Cold Snap"],"picked":"Hologram","floor":17},{"not_picked":["Steam Power","Ball Lightning"],"picked":"Beam Cell","floor":17},{"not_picked":["Cold Snap","Conserve Battery"],"picked":"Go for the Eyes+1","floor":18},{"not_picked":["Glacier+1","Force Field+1","Stack"],"picked":"SKIP","floor":20},{"not_picked":["Melter","Capacitor+1"],"picked":"Ball Lightning+1","floor":22},{"not_picked":["Leap+1","Stack","Undo"],"picked":"SKIP","floor":24},{"not_picked":["Compile Driver","Stack","Hyperbeam"],"picked":"SKIP","floor":29},{"not_picked":["Sweeping Beam","Leap+1","Darkness"],"picked":"SKIP","floor":30}],"player_experience":631426,"relics_obtained":[{"floor":6,"key":"Gremlin Horn"},{"floor":9,"key":"Pantograph"},{"floor":12,"key":"Bronze Scales"},{"floor":13,"key":"Torii"},{"floor":26,"key":"Orichalcum"}],"event_choices":[{"event_name":"Big Fish","player_choice":"Donut","floor":3,"damage_taken":0},{"event_name":"Dead Adventurer","player_choice":"Searched \u00272\u0027 times","floor":12,"damage_taken":0},{"event_name":"Ghosts","player_choice":"Ignored","floor":21,"damage_taken":0},{"event_name":"Masked Bandits","player_choice":"Paid Fearfully","floor":31,"damage_taken":0}],"is_beta":false,"boss_relics":[{"not_picked":["Runic Dome","Calling Bell"],"picked":"Orrery"}],"items_purged_floors":[2,14,19],"is_endless":false,"potions_floor_spawned":[1,11,12,16,18,20,30],"killed_by":"Champ","ascension_level":0}