{"path_per_floor":["M","M","?","M","M","R","M","E","T","M","$","?","M","?","R","B",null,"M","$","?","M","$","R","?","M","T","R"],"character_chosen":"IRONCLAD","items_purchased":["Apotheosis"],"gold_per_floor":[116,126,126,142,160,160,170,200,223,243,53,53,69,69,69,164,164,89,14,14,14,14,14,14,14,14,14,14],"floor_reached":28,"campfire_rested":3,"playtime":857,"current_hp_per_floor":[64,63,63,69,55,55,44,36,36,35,35,35,41,41,65,29,67,33,33,33,22,22,46,46,20,20,44,0],"items_purged":["Decay"],"gold":14,"score":352,"play_id":"541038f3-9659-4a0d-bcda-1f484cc08e6d","local_time":"20180327181618","is_prod":false,"is_daily":false,"is_ascension_mode":true,"campfire_upgraded":1,"timestamp":1522142178,"path_taken":["M","?","?","M","M","R","?","E","T","M","$","?","M","?","R","BOSS","M","$","?","?","$","R","?","M","T","R","M"],"build_version":"2018-03-22v2","purchased_purges":1,"victory":false,"master_deck":["Strike_R","Strike_R","Strike_R","Strike_R","Strike_R","Defend_R","Defend_R","Defend_R","Defend_R","Bash","AscendersBane","Demon Form","Iron Wave","Twin Strike","True Grit+1","Offering","Sword Boomerang","Clash","Havoc","Apotheosis+1","Heavy Blade","Second Wind","Writhe","Havoc"],"max_hp_per_floor":[80,80,80,80,80,80,80,80,80,80,80,80,80,80,80,80,80,80,80,80,80,80,80,80,80,80,80,80],"relics":["Burning Blood","Girya","Bronze Scales","Ectoplasm","Magic Flower","Matryoshka"],"card_choices":[{"not_picked":["Anger","Sentinel"],"picked":"Iron Wave","floor":1},{"not_picked":["Wild Strike","Cleave"],"picked":"Twin Strike","floor":2},{"not_picked":["Spot Weakness","Warcry"],"picked":"True Grit","floor":4},{"not_picked":["Battle Trance","Havoc"],"picked":"Offering","floor":5},{"not_picked":["Disarm","Flex"],"picked":"Sword Boomerang","floor":7},{"not_picked":["True Grit","Second Wind"],"picked":"Clash","floor":8},{"not_picked":["Combust","Rage"],"picked":"Havoc","floor":10},{"not_picked":["Warcry","Shrug It Off"],"picked":"Heavy Blade","floor":13},{"not_picked":["Armaments","Spot Weakness"],"picked":"Second Wind","floor":18},{"not_picked":["Rampage","Anger"],"picked":"Havoc","floor":25}],"player_experience":372553,"potions_floor_usage":[8,8,13,16],"damage_taken":[{"damage":14,"enemies":"Cultist","floor":1,"turns":6},{"damage":7,"enemies":"Jaw Worm","floor":2,"turns":4},{"damage":0,"enemies":"Small Slimes","floor":4,"turns":4},{"damage":20,"enemies":"Gremlin Gang","floor":5,"turns":9},{"damage":17,"enemies":"3 Louse","floor":7,"turns":4},{"damage":14,"enemies":"Lagavulin","floor":8,"turns":5},{"damage":7,"enemies":"Blue Slaver","floor":10,"turns":4},{"damage":0,"enemies":"Lots of Slimes","floor":13,"turns":2},{"damage":42,"enemies":"Hexaghost","floor":16,"turns":6},{"damage":40,"enemies":"2 Thieves","floor":18,"turns":4},{"damage":17,"enemies":"Spheric Guardian","floor":21,"turns":3},{"damage":35,"enemies":"3 Cultists","floor":25,"turns":5},{"damage":57,"enemies":"Chosen and Byrds","floor":28,"turns":6}],"event_choices":[{"event_name":"The Lab","player_choice":"Got Potions","floor":3,"damage_taken":0},{"event_name":"Living Wall","player_choice":"Grow","floor":12,"damage_taken":0},{"event_name":"Wheel of Change","player_choice":"Curse","floor":14,"damage_taken":0},{"event_name":"Addict","player_choice":"Ignored","floor":20,"damage_taken":0},{"event_name":"The Mausoleum","player_choice":"Yes","floor":24,"damage_taken":0}],"boss_relics":[{"not_picked":["Eternal Feather","Orrery"],"picked":"Ectoplasm"}],"potions_floor_spawned":[2,5,13],"seed_played":"-5243400708023333091","killed_by":"Chosen and Byrds","ascension_level":12,"is_trial":false}