{"path_per_floor":["M","?","?","M","?","R","E","R","T","M","M","M","R","$","R","B",null,"M","M","?","M","T","R","$","R","T","R","$","?","M","M","R","B",null,"M","M","M","$","M","R"],"character_chosen":"THE_SILENT","items_purchased":["Ancient Tea Set","Noxious Fumes","Cloak And Dagger","Regen Potion"],"gold_per_floor":[142,142,142,158,158,158,197,197,197,220,233,258,258,37,37,158,158,173,194,194,209,233,233,62,62,62,62,36,36,60,73,73,198,198,219,235,248,75,94,94],"floor_reached":41,"campfire_rested":4,"playtime":2399,"current_hp_per_floor":[64,49,49,46,46,66,43,43,43,43,41,37,37,37,57,24,58,54,54,69,41,41,41,41,41,41,41,41,25,23,17,37,33,60,56,23,14,14,10,38],"items_purged":["Strike_G","Strike_G","Strike_G"],"gold":94,"score":480,"play_id":"68105e5d-2e29-4313-b104-74bd72e27981","local_time":"20180306185855","is_prod":false,"is_daily":false,"is_ascension_mode":true,"campfire_upgraded":5,"timestamp":1520330335,"path_taken":["M","?","?","M","?","R","E","R","T","M","?","M","R","$","R","BOSS","M","?","?","M","?","R","?","R","T","R","?","?","M","M","R","BOSS","M","M","M","$","M","R","E"],"build_version":"2018-03-01-PROD1","purchased_purges":3,"victory":false,"master_deck":["Defend_G","Defend_G+1","Defend_G","Defend_G","Defend_G","Strike_G+1","Strike_G+1","Survivor","Neutralize+1","Riddle With Holes+1","Acrobatics","Noxious Fumes+1","Calculated Gamble+1","Quick Slash","Acrobatics","Doppelganger","Prepared","Prepared+1","Noxious Fumes+1","Cloak And Dagger","PiercingWail+1","Backflip","Terror+1"],"max_hp_per_floor":[75,75,69,69,69,69,69,69,69,69,69,69,69,69,69,69,69,69,69,69,69,69,69,69,69,69,69,69,69,69,69,69,69,69,69,69,69,69,69,69],"relics":["Tiny House","Golden Idol","Bottled Lightning","Tough Bandages","Ancient Tea Set","Runic Dome","Bronze Scales","Bottled Flame","Nilry\u0027s Codex","Eternal Feather"],"card_choices":[{"not_picked":["Dodge and Roll","Bane"],"picked":"Riddle With Holes"},{"not_picked":["Dodge and Roll","Phantasmal Killer"],"picked":"Acrobatics"},{"not_picked":["Acrobatics","Setup"],"picked":"Noxious Fumes"},{"not_picked":["Cloak And Dagger","Backstab"],"picked":"Calculated Gamble"},{"not_picked":["Grand Finale","Outmaneuver"],"picked":"Quick Slash"},{"not_picked":["Dagger Spray","Bane"],"picked":"Acrobatics"},{"not_picked":["Glass Knife","Venomology"],"picked":"Doppelganger"},{"not_picked":["Deadly Poison","Terror"],"picked":"Prepared"},{"not_picked":["Quick Slash","All Out Attack"],"picked":"Prepared"},{"not_picked":["Sucker Punch","Acrobatics"],"picked":"PiercingWail"},{"not_picked":["Deadly Poison","Quick Slash"],"picked":"Backflip"},{"not_picked":["Dodge and Roll","Setup"],"picked":"Terror"}],"player_experience":273108,"potions_floor_usage":[7,7,12,16,31,33,33,35,37,39],"damage_taken":[{"damage":4,"enemies":"Jaw Worm","floor":1,"turns":4},{"damage":3,"enemies":"2 Louse","floor":4,"turns":3},{"damage":23,"enemies":"Lagavulin","floor":7,"turns":7},{"damage":0,"enemies":"Cultist","floor":10,"turns":3},{"damage":2,"enemies":"Looter","floor":11,"turns":3},{"damage":4,"enemies":"3 Louse","floor":12,"turns":2},{"damage":33,"enemies":"Hexaghost","floor":16,"turns":9},{"damage":4,"enemies":"Shell Parasite","floor":18,"turns":5},{"damage":0,"enemies":"3 Byrds","floor":19,"turns":4},{"damage":28,"enemies":"3 Cultists","floor":21,"turns":6},{"damage":2,"enemies":"Snake Plant","floor":30,"turns":4},{"damage":6,"enemies":"Slaver and Parasite","floor":31,"turns":5},{"damage":4,"enemies":"Automaton","floor":33,"turns":11},{"damage":4,"enemies":"3 Shapes","floor":35,"turns":6},{"damage":33,"enemies":"3 Darklings","floor":36,"turns":6},{"damage":9,"enemies":"4 Shapes","floor":37,"turns":6},{"damage":19,"enemies":"Maw","floor":39,"turns":10},{"damage":40,"enemies":"Giant Head","floor":41,"turns":7}],"event_choices":[{"event_name":"Shining Light","player_choice":"Entered Light","floor":2,"damage_taken":0},{"event_name":"Golden Idol","player_choice":"Lose Max HP","floor":3,"damage_taken":0},{"event_name":"Living Wall","player_choice":"Grow","floor":5,"damage_taken":0},{"event_name":"The Library","player_choice":"Heal","floor":20,"damage_taken":0},{"event_name":"Cursed Tome","player_choice":"Obtained Book","floor":29,"damage_taken":0}],"boss_relics":[{"not_picked":["Calling Bell","Philosopher\u0027s Stone"],"picked":"Runic Dome"},{"not_picked":["Snecko Eye","Astrolabe"],"picked":"Eternal Feather"}],"potions_floor_spawned":[4,7,11,18,21,30,31,36,37,39],"seed_played":"160444466567988435","killed_by":"Giant Head","ascension_level":8,"is_trial":false}