{"gold_per_floor":[109,109,124,124,124,159,3,3,3,3,20,30,60,60,60,163,163,182,200,218,218,40,40,73,85,166,38,55,55,55,68,68,68],"floor_reached":33,"playtime":1657,"items_purged":["Strike_G"],"score":360,"play_id":"27f3f555-5704-4458-a9f4-5bf81de1a2fb","local_time":"20190119161841","is_ascension_mode":true,"campfire_choices":[{"data":"Neutralize","floor":8,"key":"SMITH"},{"data":"Poisoned Stab","floor":15,"key":"SMITH"},{"data":"Footwork","floor":23,"key":"SMITH"},{"floor":29,"key":"REST"},{"floor":32,"key":"REST"}],"neow_cost":"NONE","seed_source_timestamp":776388479254300,"circlet_count":0,"master_deck":["Defend_G","Defend_G","Defend_G","Defend_G","Defend_G","Strike_G","Strike_G","Strike_G","Strike_G+1","Survivor+1","Neutralize+1","Underhanded Strike","Underhanded Strike","Poisoned Stab+1","Catalyst","Sucker Punch","PiercingWail","Well Laid Plans+1","Adrenaline","Acrobatics","Acrobatics+1","Footwork+1","Eviscerate","Distraction","Acrobatics","Prepared","Predator","Deadly Poison+1","Reflex+1","Backflip+1"],"relics":["Ring of the Snake","NeowsBlessing","Mercury Hourglass","Paper Crane","Vajra","Pen Nib","Omamori","Snecko Eye","Bronze Scales","Toxic Egg 2"],"potions_floor_usage":[16,16,24,28,28,33],"damage_taken":[{"damage":0,"enemies":"2 Louse","floor":1,"turns":1},{"damage":0,"enemies":"Small Slimes","floor":3,"turns":1},{"damage":0,"enemies":"3 Sentries","floor":6,"turns":1},{"damage":0,"enemies":"Cultist","floor":11,"turns":3},{"damage":0,"enemies":"Large Slime","floor":12,"turns":3},{"damage":9,"enemies":"Gremlin Nob","floor":13,"turns":4},{"damage":9,"enemies":"The Guardian","floor":16,"turns":8},{"damage":16,"enemies":"2 Thieves","floor":18,"turns":4},{"damage":13,"enemies":"3 Byrds","floor":19,"turns":5},{"damage":9,"enemies":"3 Cultists","floor":20,"turns":5},{"damage":8,"enemies":"Slavers","floor":24,"turns":5},{"damage":14,"enemies":"Shelled Parasite and Fungi","floor":25,"turns":5},{"damage":0,"enemies":"Snake Plant","floor":28,"turns":2},{"damage":18,"enemies":"Snecko","floor":31,"turns":3},{"damage":38,"enemies":"Champ","floor":33,"turns":7}],"seed_played":"-7675538571461955125","potions_obtained":[{"floor":1,"key":"SkillPotion"},{"floor":11,"key":"Strength Potion"},{"floor":12,"key":"Poison Potion"},{"floor":19,"key":"Swift Potion"},{"floor":25,"key":"Explosive Potion"},{"floor":31,"key":"Energy Potion"}],"is_trial":false,"path_per_floor":["M","?","M","?","?","E","$","R","T","?","M","M","E","?","R","B",null,"M","M","M","?","$","R","E","M","T","$","M","R","?","M","R","B"],"character_chosen":"THE_SILENT","items_purchased":["Vajra","Eviscerate","Distraction","Acrobatics","Deadly Poison+1"],"campfire_rested":2,"item_purchase_floors":[7,22,22,22,27],"current_hp_per_floor":[70,70,70,75,50,50,50,50,50,50,50,50,41,26,26,17,75,59,46,37,23,23,23,15,1,1,1,1,25,25,7,31,0],"gold":68,"neow_bonus":"THREE_ENEMY_KILL","is_prod":false,"is_daily":false,"chose_seed":false,"campfire_upgraded":3,"win_rate":0,"timestamp":1547943521,"path_taken":["M","?","M","?","?","E","?","R","T","?","?","M","E","?","R","BOSS","M","M","M","?","$","R","E","M","T","$","M","R","?","M","R","BOSS"],"build_version":"2019-01-17v2","purchased_purges":1,"victory":false,"max_hp_per_floor":[70,70,70,75,75,75,75,75,75,75,75,75,75,75,75,75,75,75,75,75,80,80,80,80,80,80,80,80,80,80,80,80,80],"card_choices":[{"not_picked":["Terror","Blur"],"picked":"Underhanded Strike","floor":1},{"not_picked":["Distraction","Dodge and Roll"],"picked":"Underhanded Strike","floor":3},{"not_picked":["Expertise","Dash"],"picked":"Poisoned Stab","floor":6},{"not_picked":["Dagger Throw","Dagger Spray"],"picked":"Sucker Punch","floor":11},{"not_picked":["Finisher","Sucker Punch"],"picked":"PiercingWail","floor":12},{"not_picked":["Accuracy","PiercingWail"],"picked":"Well Laid Plans","floor":13},{"not_picked":["Phantasmal Killer","Grand Finale"],"picked":"Adrenaline","floor":16},{"not_picked":["Deflect","Cloak And Dagger"],"picked":"Acrobatics","floor":18},{"not_picked":["Crippling Poison","Slice"],"picked":"Acrobatics+1","floor":19},{"not_picked":["Prepared","Finisher"],"picked":"Footwork","floor":20},{"not_picked":["Cloak And Dagger","Deflect+1"],"picked":"Prepared","floor":24},{"not_picked":["Slice","Dagger Throw+1"],"picked":"Predator","floor":25},{"not_picked":["Setup+1","Slice"],"picked":"Reflex+1","floor":28},{"not_picked":["Sucker Punch","Noxious Fumes"],"picked":"Backflip+1","floor":31}],"player_experience":551002,"relics_obtained":[{"floor":6,"key":"Paper Crane"},{"floor":9,"key":"Pen Nib"},{"floor":13,"key":"Omamori"},{"floor":24,"key":"Bronze Scales"},{"floor":26,"key":"Toxic Egg 2"}],"event_choices":[{"damage_healed":0,"gold_gain":0,"player_choice":"Grow","damage_taken":0,"max_hp_gain":0,"max_hp_loss":0,"event_name":"Living Wall","floor":2,"gold_loss":0,"cards_upgraded":["Survivor"]},{"damage_healed":0,"gold_gain":0,"player_choice":"Donut","damage_taken":0,"max_hp_gain":5,"max_hp_loss":0,"event_name":"Big Fish","floor":4,"gold_loss":0},{"damage_healed":0,"gold_gain":0,"player_choice":"Success","damage_taken":25,"relics_obtained":["Mercury Hourglass"],"max_hp_gain":0,"max_hp_loss":0,"event_name":"Scrap Ooze","floor":5,"gold_loss":0},{"damage_healed":0,"gold_gain":0,"player_choice":"1 cards matched","damage_taken":0,"max_hp_gain":0,"max_hp_loss":0,"event_name":"Match and Keep!","floor":10,"gold_loss":0,"cards_obtained":["Catalyst"]},{"damage_healed":0,"gold_gain":0,"player_choice":"Entered Light","damage_taken":15,"max_hp_gain":0,"max_hp_loss":0,"event_name":"Shining Light","floor":14,"gold_loss":0,"cards_upgraded":["Well Laid Plans","Strike_G"]},{"damage_healed":0,"gold_gain":0,"player_choice":"Shed Blood","damage_taken":19,"max_hp_gain":5,"max_hp_loss":0,"event_name":"Forgotten Altar","floor":21,"gold_loss":0},{"damage_healed":0,"gold_gain":0,"player_choice":"Ignored","damage_taken":0,"max_hp_gain":0,"max_hp_loss":0,"event_name":"Ghosts","floor":30,"gold_loss":0}],"is_beta":false,"boss_relics":[{"not_picked":["Sozu","WristBlade"],"picked":"Snecko Eye"}],"items_purged_floors":[27],"is_endless":false,"potions_floor_spawned":[1,11,12,19,25,31],"killed_by":"Champ","ascension_level":4}