{"gold_per_floor":[114,130,55,130,35,35,65,85,109,109,119,269,19,33,33,33],"floor_reached":16,"playtime":425,"items_purged":["Strike_B"],"score":238,"play_id":"f8919a35-a7ab-4f26-91ab-5e0d8e8c55b4","local_time":"20190122002835","is_ascension_mode":true,"campfire_choices":[{"data":"Darkness","floor":6,"key":"SMITH"},{"data":"Redo","floor":10,"key":"SMITH"},{"data":"Coolheaded","floor":15,"key":"SMITH"}],"neow_cost":"NONE","seed_source_timestamp":979816951996900,"circlet_count":0,"master_deck":["AscendersBane","Strike_B","Strike_B","Strike_B","Defend_B","Defend_B","Defend_B","Defend_B","Zap","Dualcast","Darkness+1","Coolheaded+1","Leap","Capacitor","Redo+1","Compile Driver","Barrage","Doubt","Go for the Eyes","Doom and Gloom"],"relics":["Cracked Core","NeowsBlessing","PreservedInsect","Oddly Smooth Stone","OrangePellets"],"potions_floor_usage":[14],"damage_taken":[{"damage":0,"enemies":"Jaw Worm","floor":1,"turns":1},{"damage":0,"enemies":"Small Slimes","floor":2,"turns":1},{"damage":0,"enemies":"Lagavulin","floor":7,"turns":1},{"damage":9,"enemies":"Cultist","floor":8,"turns":5},{"damage":5,"enemies":"Looter","floor":11,"turns":3},{"damage":13,"enemies":"Exordium Thugs","floor":14,"turns":5},{"damage":40,"enemies":"Slime Boss","floor":16,"turns":6}],"seed_played":"-8554666942678509293","potions_obtained":[{"floor":8,"key":"AttackPotion"},{"floor":11,"key":"Strength Potion"}],"is_trial":false,"path_per_floor":["M","M","$","?","$","R","E","M","T","R","M","?","$","M","R","B"],"character_chosen":"DEFECT","items_purchased":["Leap","Capacitor","OrangePellets","Go for the Eyes"],"campfire_rested":0,"item_purchase_floors":[5,5,13,13],"current_hp_per_floor":[64,64,64,53,53,53,53,44,44,44,39,39,39,26,26,0],"gold":33,"neow_bonus":"THREE_ENEMY_KILL","is_prod":false,"is_daily":false,"chose_seed":false,"campfire_upgraded":3,"win_rate":0,"timestamp":1548145715,"path_taken":["M","M","$","?","$","R","E","M","T","R","M","?","$","M","R","BOSS"],"build_version":"2019-01-17v2","purchased_purges":1,"victory":false,"max_hp_per_floor":[71,71,71,71,71,71,71,71,71,71,71,71,71,71,71,71],"card_choices":[{"not_picked":["Conserve Battery","Hello World"],"picked":"Darkness","floor":1},{"not_picked":["Sweeping Beam","Rebound"],"picked":"Coolheaded","floor":2},{"not_picked":["Scrape","Sweeping Beam"],"picked":"Redo","floor":7},{"not_picked":["Reinforced Body","Sweeping Beam"],"picked":"Compile Driver","floor":8},{"not_picked":["Gash","Thunder Strike"],"picked":"Barrage","floor":11},{"not_picked":["Rebound","Stack"],"picked":"Doom and Gloom","floor":14}],"player_experience":577456,"relics_obtained":[{"floor":7,"key":"PreservedInsect"},{"floor":9,"key":"Oddly Smooth Stone"}],"event_choices":[{"damage_healed":0,"gold_gain":75,"player_choice":"Gather Gold","damage_taken":11,"max_hp_gain":0,"max_hp_loss":0,"event_name":"World of Goop","floor":4,"gold_loss":0},{"damage_healed":0,"gold_gain":150,"player_choice":"AGREE","damage_taken":0,"max_hp_gain":0,"max_hp_loss":0,"event_name":"Liars Game","floor":12,"gold_loss":0,"cards_obtained":["Doubt"]}],"is_beta":false,"boss_relics":[],"items_purged_floors":[3],"is_endless":false,"potions_floor_spawned":[8,11],"killed_by":"Slime Boss","ascension_level":18}