{"gold_per_floor":[111,124,124,9,9,65,78,103,103,113,123,143,173,185,185,259,259,269,288,76,1,19,19],"floor_reached":23,"playtime":1233,"items_purged":["Regret"],"score":387,"play_id":"241529c0-b9ac-48a1-b9ed-346e8c79f0c5","local_time":"20190219161213","is_ascension_mode":true,"campfire_choices":[{"data":"A Thousand Cuts","floor":15.0,"key":"SMITH"}],"neow_cost":"NONE","seed_source_timestamp":149032255317463,"circlet_count":0,"master_deck":["AscendersBane","Defend_G","Defend_G","Defend_G","Defend_G","Defend_G","Strike_G","Strike_G","Strike_G","Survivor","Neutralize","Tools of the Trade","Poisoned Stab","Sucker Punch","Dash","Bouncing Flask","Cloak And Dagger","Noxious Fumes","Slice","Cloak And Dagger","Endless Agony","A Thousand Cuts+1","Terror","Phantasmal Killer","Poisoned Stab","Catalyst+1","Wraith Form v2"],"special_seed":0,"relics":["Ring of the Snake","Shuriken","Tiny Chest","Paper Crane","Bottled Flame","Letter Opener","White Beast Statue","Lee\u0027s Waffle"],"potions_floor_usage":[19,23,23],"damage_taken":[{"damage":2.0,"enemies":"Jaw Worm","floor":1.0,"turns":6.0},{"damage":0.0,"enemies":"2 Louse","floor":2.0,"turns":4.0},{"damage":14.0,"enemies":"Gremlin Nob","floor":6.0,"turns":5.0},{"damage":1.0,"enemies":"Cultist","floor":7.0,"turns":3.0},{"damage":11.0,"enemies":"3 Sentries","floor":8.0,"turns":8.0},{"damage":0.0,"enemies":"Looter","floor":10.0,"turns":4.0},{"damage":0.0,"enemies":"Exordium Wildlife","floor":11.0,"turns":3.0},{"damage":0.0,"enemies":"2 Fungi Beasts","floor":12.0,"turns":4.0},{"damage":27.0,"enemies":"Gremlin Nob","floor":13.0,"turns":5.0},{"damage":0.0,"enemies":"3 Louse","floor":14.0,"turns":3.0},{"damage":16.0,"enemies":"The Guardian","floor":16.0,"turns":9.0},{"damage":18.0,"enemies":"Shell Parasite","floor":18.0,"turns":6.0},{"damage":19,"enemies":"2 Thieves","floor":19,"turns":5},{"damage":49,"enemies":"Chosen and Byrds","floor":22,"turns":7},{"damage":25,"enemies":"Book of Stabbing","floor":23,"turns":4}],"seed_played":"-6611925031849177967","potions_obtained":[{"floor":1.0,"key":"LiquidBronze"},{"floor":6.0,"key":"Regen Potion"},{"floor":7.0,"key":"Energy Potion"},{"floor":12.0,"key":"EssenceOfSteel"},{"floor":16.0,"key":"Ancient Potion"},{"floor":18.0,"key":"EssenceOfSteel"},{"floor":19,"key":"GamblersBrew"},{"floor":22,"key":"Explosive Potion"}],"is_trial":false,"path_per_floor":["M","M","?","$","?","E","M","E","T","M","M","M","E","M","R","B",null,"M","M","$","?","M","E"],"character_chosen":"THE_SILENT","items_purchased":["Dash","Lee\u0027s Waffle"],"campfire_rested":0,"item_purchase_floors":[4,20],"current_hp_per_floor":[57,57,57,57,57,43,42,46,46,46,46,46,19,19,19,3,50,32,13,73,73,24,0],"gold":19,"neow_bonus":"ONE_RANDOM_RARE_CARD","is_prod":false,"is_daily":false,"chose_seed":false,"campfire_upgraded":1,"win_rate":0,"timestamp":1550610733,"path_taken":["M","M","?","$","?","E","M","E","T","M","?","M","E","M","R","BOSS","M","M","$","?","M","E"],"build_version":"2019-01-23","purchased_purges":1,"victory":false,"max_hp_per_floor":[66,66,66,66,66,66,66,66,66,66,66,66,66,66,66,66,66,66,66,73,73,73,73],"card_choices":[{"not_picked":["Finisher","Tactician"],"picked":"Poisoned Stab","floor":1.0},{"not_picked":["Bane","Infinite Blades"],"picked":"Sucker Punch","floor":2.0},{"not_picked":["Quick Slash","Outmaneuver"],"picked":"Bouncing Flask","floor":6.0},{"not_picked":["Prepared","Quick Slash"],"picked":"Cloak And Dagger","floor":7.0},{"not_picked":["Poisoned Stab","Underhanded Strike"],"picked":"Noxious Fumes","floor":8.0},{"not_picked":["Escape Plan","Backflip"],"picked":"Slice","floor":10.0},{"not_picked":["Deflect","Poisoned Stab"],"picked":"Cloak And Dagger","floor":11.0},{"not_picked":["Deadly Poison","Concentrate"],"picked":"Endless Agony","floor":12.0},{"not_picked":["PiercingWail","Well Laid Plans"],"picked":"A Thousand Cuts","floor":13.0},{"not_picked":["Outmaneuver","Masterful Stab"],"picked":"Terror","floor":14.0},{"not_picked":["Tools of the Trade","Grand Finale"],"picked":"Phantasmal Killer","floor":16.0},{"not_picked":["Backflip","Underhanded Strike+1"],"picked":"Poisoned Stab","floor":18.0},{"not_picked":["Cloak And Dagger","Noxious Fumes"],"picked":"Catalyst+1","floor":19},{"not_picked":["Prepared","Quick Slash"],"picked":"Wraith Form v2","floor":22}],"player_experience":496868,"relics_obtained":[{"floor":6.0,"key":"Tiny Chest"},{"floor":8.0,"key":"Paper Crane"},{"floor":9.0,"key":"Bottled Flame"},{"floor":13.0,"key":"Letter Opener"}],"event_choices":[{"damage_healed":0.0,"max_hp_gain":0.0,"max_hp_loss":0.0,"gold_gain":0.0,"event_name":"Big Fish","player_choice":"Box","floor":3.0,"gold_loss":0.0,"damage_taken":0.0,"relics_obtained":["Shuriken"],"cards_obtained":["Regret"]},{"cards_removed":["Strike_G"],"damage_healed":0.0,"max_hp_gain":0.0,"max_hp_loss":0.0,"gold_gain":0.0,"event_name":"Purifier","player_choice":"Purged","floor":5.0,"gold_loss":0.0,"damage_taken":0.0},{"cards_removed":["Strike_G"],"damage_healed":0,"gold_gain":0,"player_choice":"Gave Gold","damage_taken":0,"max_hp_gain":0,"max_hp_loss":0,"event_name":"Beggar","floor":21,"gold_loss":75}],"is_beta":false,"boss_relics":[{"not_picked":["Calling Bell","Ectoplasm"],"picked":"White Beast Statue"}],"items_purged_floors":[4],"is_endless":false,"potions_floor_spawned":[1,6,7,12,16,18,19,22],"killed_by":"Book of Stabbing","ascension_level":16}