{"gold_per_floor":[113,123,143,143,143,143,153,153,153,163,163,163,338,59,59,157,157,168,68,68,85,104,104,29,29,29,39,39],"floor_reached":28,"playtime":714,"items_purged":["Regret","Strike_R"],"score":233,"play_id":"418e26cd-4783-4db1-82f2-e4e66fe05970","local_time":"20190308001843","is_ascension_mode":false,"campfire_choices":[{"data":"Perfected Strike","floor":6.0,"key":"SMITH"},{"data":"Bash","floor":8.0,"key":"SMITH"},{"data":"Defend_R","floor":12.0,"key":"SMITH"},{"floor":15.0,"key":"REST"},{"floor":23,"key":"REST"},{"data":"Perfected Strike","floor":25,"key":"SMITH"}],"neow_cost":"NONE","seed_source_timestamp":16019266770613,"circlet_count":0,"master_deck":["Strike_R","Strike_R","Defend_R","Defend_R+1","Defend_R","Defend_R","Bash+1","Perfected Strike+1","Thunderclap","Perfected Strike+1","Evolve","Perfected Strike+1","Pommel Strike+1","Perfected Strike"],"special_seed":0,"relics":["Burning Blood","NeowsBlessing","Gambling Chip","Meat on the Bone","Omamori","DollysMirror","Runic Pyramid","Bird Faced Urn","Singing Bowl"],"potions_floor_usage":[16,16,22],"damage_taken":[{"damage":0.0,"enemies":"Cultist","floor":1.0,"turns":1.0},{"damage":0.0,"enemies":"Small Slimes","floor":2.0,"turns":1.0},{"damage":0.0,"enemies":"Jaw Worm","floor":3.0,"turns":1.0},{"damage":34.0,"enemies":"Exordium Thugs","floor":7.0,"turns":4.0},{"damage":5.0,"enemies":"Large Slime","floor":10.0,"turns":6.0},{"damage":68,"enemies":"Hexaghost","floor":16,"turns":9},{"damage":24,"enemies":"Shell Parasite","floor":18,"turns":4},{"damage":24,"enemies":"3 Byrds","floor":21,"turns":6},{"damage":47,"enemies":"Sentry and Sphere","floor":22,"turns":7},{"damage":42,"enemies":"Snake Plant","floor":27,"turns":3},{"damage":23,"enemies":"Centurion and Healer","floor":28,"turns":2}],"seed_played":"5644201060947974816","potions_obtained":[{"floor":2.0,"key":"Dexterity Potion"},{"floor":3.0,"key":"Fruit Juice"},{"floor":10.0,"key":"BloodPotion"},{"floor":18,"key":"Weak Potion"},{"floor":27,"key":"SpeedPotion"}],"is_trial":false,"path_per_floor":["M","M","M","?","?","R","M","R","T","M","?","R","?","$","R","B",null,"M","$","?","M","M","R","?","R","T","M","M"],"character_chosen":"IRONCLAD","items_purchased":["DollysMirror"],"campfire_rested":2,"item_purchase_floors":[14],"current_hp_per_floor":[80,80,80,73,61,61,38,38,38,51,51,51,51,51,76,34,85,67,67,67,49,20,45,45,45,45,21,0],"gold":39,"neow_bonus":"THREE_ENEMY_KILL","is_prod":false,"is_daily":false,"chose_seed":false,"campfire_upgraded":4,"win_rate":0,"timestamp":1551971923,"path_taken":["M","?","M","?","?","R","M","R","T","?","?","R","?","?","R","BOSS","M","$","?","M","M","R","?","R","T","M","M"],"build_version":"2019-01-23","purchased_purges":2,"victory":false,"max_hp_per_floor":[80,80,80,80,80,80,85,85,85,85,85,85,85,85,85,85,85,85,85,85,85,85,85,85,85,85,85,85],"card_choices":[{"not_picked":["Cleave","Clothesline","Burning Pact"],"picked":"SKIP","floor":1.0},{"not_picked":["Pommel Strike","Clothesline"],"picked":"Perfected Strike","floor":2.0},{"not_picked":["Carnage","Second Wind","Intimidate"],"picked":"SKIP","floor":3.0},{"not_picked":["Headbutt","Rupture","Sword Boomerang"],"picked":"SKIP","floor":7.0},{"not_picked":["Clothesline","Intimidate"],"picked":"Thunderclap","floor":10.0},{"not_picked":["Sword Boomerang","Wild Strike"],"picked":"Evolve","floor":18},{"not_picked":["Whirlwind","Inflame+1"],"picked":"Perfected Strike","floor":21},{"not_picked":["Whirlwind+1","Dual Wield"],"picked":"Pommel Strike+1","floor":22},{"not_picked":["Body Slam","Heavy Blade"],"picked":"Perfected Strike","floor":27}],"player_experience":202478,"relics_obtained":[{"floor":9.0,"key":"Meat on the Bone"},{"floor":26,"key":"Singing Bowl"}],"event_choices":[{"cards_removed":["Strike_R"],"damage_healed":0.0,"max_hp_gain":0.0,"max_hp_loss":0.0,"gold_gain":0.0,"event_name":"Golden Wing","player_choice":"Card Removal","floor":4.0,"gold_loss":0.0,"damage_taken":7.0},{"damage_healed":0.0,"max_hp_gain":0.0,"max_hp_loss":0.0,"gold_gain":0.0,"event_name":"Scrap Ooze","player_choice":"Success","floor":5.0,"gold_loss":0.0,"damage_taken":12.0,"relics_obtained":["Gambling Chip"]},{"damage_healed":0.0,"max_hp_gain":0.0,"max_hp_loss":0.0,"gold_gain":0.0,"event_name":"Big Fish","player_choice":"Box","floor":11.0,"gold_loss":0.0,"damage_taken":0.0,"relics_obtained":["Omamori"],"cards_obtained":["Regret"]},{"damage_healed":0.0,"max_hp_gain":0.0,"max_hp_loss":0.0,"gold_gain":175.0,"event_name":"Liars Game","player_choice":"AGREE","floor":13.0,"gold_loss":0.0,"damage_taken":0.0,"cards_obtained":["Doubt"]},{"damage_healed":0,"gold_gain":0,"player_choice":"Opened","damage_taken":0,"relics_obtained":["Bird Faced Urn"],"max_hp_gain":0,"max_hp_loss":0,"event_name":"The Mausoleum","floor":20,"gold_loss":0,"cards_obtained":["Writhe"]},{"cards_removed":["Strike_R"],"damage_healed":0,"gold_gain":0,"player_choice":"Gave Gold","damage_taken":0,"max_hp_gain":0,"max_hp_loss":0,"event_name":"Beggar","floor":24,"gold_loss":75}],"is_beta":false,"boss_relics":[{"not_picked":["Coffee Dripper","Cursed Key"],"picked":"Runic Pyramid"}],"items_purged_floors":[14,19],"is_endless":false,"potions_floor_spawned":[2,3,10,18,27],"killed_by":"Centurion and Healer","ascension_level":0}