{"gold_per_floor":[12,24,24,24,39,39,39,39,64,83,83,109,109,126,126,203,203,220,220,220,239,266,266,31,31,31,41,55,55],"floor_reached":29,"playtime":916,"items_purged":["Distraction"],"score":435,"play_id":"c2161134-85a9-4fc3-b31a-01952abf995d","local_time":"20181004201708","is_ascension_mode":true,"campfire_choices":[{"floor":6,"key":"REST"},{"data":"Deadly Poison","floor":8,"key":"SMITH"},{"data":"Corpse Explosion","floor":11,"key":"SMITH"},{"data":"Malaise","floor":13,"key":"SMITH"},{"data":"Neutralize","floor":15,"key":"SMITH"},{"floor":23,"key":"REST"},{"data":"Blind","floor":25,"key":"SMITH"}],"neow_cost":"NO_GOLD","seed_source_timestamp":174480264277481,"circlet_count":0,"master_deck":["Defend_G","Defend_G","Defend_G","Defend_G","Strike_G","Strike_G","Strike_G","Strike_G","Survivor","Neutralize+1","AscendersBane","Burst","Deadly Poison+1","All Out Attack","Corpse Explosion+1","Deflect","Malaise+1","Bane","After Image","Acrobatics+1","Backstab","PiercingWail","Blind+1","Dodge and Roll+1"],"relics":["Ring of the Snake","Pen Nib","Mango","Velvet Choker","NlothsMask","Red Mask"],"potions_floor_usage":[16,19,19,22,27],"damage_taken":[{"damage":52,"enemies":"Jaw Worm","floor":1,"turns":12},{"damage":0,"enemies":"2 Louse","floor":2,"turns":3},{"damage":0,"enemies":"Small Slimes","floor":5,"turns":3},{"damage":17,"enemies":"Exordium Thugs","floor":10,"turns":3},{"damage":30,"enemies":"Gremlin Nob","floor":12,"turns":4},{"damage":1,"enemies":"2 Fungi Beasts","floor":14,"turns":2},{"damage":11,"enemies":"The Guardian","floor":16,"turns":10},{"damage":16,"enemies":"3 Byrds","floor":18,"turns":3},{"damage":26,"enemies":"Colosseum Slavers","floor":19,"turns":4},{"damage":15,"enemies":"2 Thieves","floor":21,"turns":3},{"damage":16,"enemies":"Masked Bandits","floor":22,"turns":3},{"damage":22,"enemies":"Shelled Parasite and Fungi","floor":27,"turns":4},{"damage":1,"enemies":"Cultist and Chosen","floor":28,"turns":7},{"damage":5,"enemies":"Snake Plant","floor":29,"turns":1}],"seed_played":"6562206398100140659","potions_obtained":[{"floor":5,"key":"Energy Potion"},{"floor":12,"key":"Swift Potion"},{"floor":14,"key":"PowerPotion"},{"floor":16,"key":"Regen Potion"},{"floor":21,"key":"Fire Potion"},{"floor":28,"key":"Fire Potion"}],"is_trial":false,"path_per_floor":["M","M","?","$","M","R","?","R","T","M","R","E","R","M","R","B",null,"M","?","?","M","?","R","$","R","T","M","M"],"character_chosen":"THE_SILENT","items_purchased":["Block Potion","Blind"],"campfire_rested":2,"item_purchase_floors":[24,24],"current_hp_per_floor":[7,7,7,7,7,26,48,48,48,31,31,15,15,14,14,3,61,45,33,33,18,2,26,26,26,26,4,3,0],"gold":55,"neow_bonus":"TRANSFORM_TWO_CARDS","is_prod":false,"is_daily":false,"chose_seed":false,"campfire_upgraded":5,"win_rate":0,"timestamp":1538651828,"path_taken":["M","M","?","?","M","R","?","R","T","?","R","E","R","M","R","BOSS","M","?","?","M","?","R","$","R","T","M","M","M"],"build_version":"2018-09-27","purchased_purges":1,"victory":false,"max_hp_per_floor":[66,66,66,66,66,66,66,66,66,66,66,80,80,80,80,80,80,80,80,80,80,80,80,80,80,80,80,80,80],"card_choices":[{"not_picked":["Backflip","Caltrops"],"picked":"Deadly Poison","floor":1},{"not_picked":["Backflip","Flying Knee"],"picked":"All Out Attack","floor":2},{"not_picked":["Outmaneuver","Terror"],"picked":"Corpse Explosion","floor":5},{"not_picked":["Eviscerate","Backflip"],"picked":"Deflect","floor":10},{"not_picked":["Sucker Punch","Flechettes"],"picked":"Malaise","floor":12},{"not_picked":["Backflip","Dagger Throw"],"picked":"Bane","floor":14},{"not_picked":["Wraith Form v2","Burst"],"picked":"After Image","floor":16},{"not_picked":["Deadly Poison","Blade Dance"],"picked":"Acrobatics+1","floor":18},{"not_picked":["Dagger Spray","Cloak And Dagger"],"picked":"Backstab","floor":21},{"not_picked":["Slice","Deadly Poison"],"picked":"PiercingWail","floor":22},{"not_picked":["Acrobatics","Deadly Poison","Caltrops"],"picked":"SKIP","floor":27},{"not_picked":["Quick Slash","Backstab"],"picked":"Dodge and Roll+1","floor":28}],"player_experience":689359,"relics_obtained":[{"floor":9,"key":"Pen Nib"},{"floor":12,"key":"Mango"},{"floor":22,"key":"Red Mask"}],"event_choices":[{"event_name":"Golden Idol","player_choice":"Ignored","floor":3,"damage_taken":0},{"event_name":"Big Fish","player_choice":"Banana","floor":7,"damage_taken":0},{"event_name":"Colosseum","player_choice":"Fight","floor":19,"damage_taken":0},{"event_name":"Colosseum","player_choice":"Fled From Nobs","floor":19,"damage_taken":0},{"event_name":"FaceTrader","player_choice":"Trade","floor":20,"damage_taken":0},{"event_name":"Masked Bandits","player_choice":"Fought Bandits","floor":22,"damage_taken":0}],"is_beta":false,"boss_relics":[{"not_picked":["Ectoplasm","Empty Cage"],"picked":"Velvet Choker"}],"items_purged_floors":[24],"is_endless":false,"potions_floor_spawned":[5,12,14,16,21,28],"killed_by":"Snake Plant","ascension_level":19}