{"gold_per_floor":[109,125,125,145,156,156,185,202,202,202,218,29,63,82,82,155,155,171,171,182,182,193,193,25,25,25,25,40,40,1,17,17,95,95,112,112,129,129],"floor_reached":38,"playtime":2075,"items_purged":[],"score":870,"play_id":"9aaab255-a7ca-4e09-8333-157f99f2d3fa","local_time":"20190225233553","is_ascension_mode":true,"campfire_choices":[{"data":"Cloak And Dagger","floor":6.0,"key":"SMITH"},{"data":"Envenom","floor":10.0,"key":"SMITH"},{"floor":15.0,"key":"REST"},{"data":"Wraith Form v2","floor":23,"key":"SMITH"},{"data":"Well Laid Plans","floor":25,"key":"SMITH"},{"floor":27,"key":"REST"},{"data":"Catalyst","floor":32,"key":"SMITH"}],"neow_cost":"NONE","seed_source_timestamp":174947646264016,"circlet_count":0,"master_deck":["AscendersBane","Survivor","Neutralize","Footwork","Calculated Gamble","Wraith Form v2+1","Dagger Spray","Catalyst+1","Bane","Finisher","Tools of the Trade","After Image","PiercingWail","Dagger Spray","Flying Knee","Neutralize","Cloak And Dagger+1","Blur","Blur","Envenom+1","Well Laid Plans+1","Unload","Quick Slash","Night Terror","Crippling Poison","Grand Finale","Dodge and Roll","RitualDagger","Footwork","Leg Sweep","Poisoned Stab+1","Burst","Writhe","PiercingWail"],"special_seed":0,"relics":["Pandora\u0027s Box","Letter Opener","Bottled Tornado","Vajra","Sozu","Bronze Scales","Singing Bowl","Snecko Eye"],"potions_floor_usage":[28,29],"damage_taken":[{"damage":4.0,"enemies":"2 Louse","floor":1.0,"turns":3.0},{"damage":3.0,"enemies":"Cultist","floor":2.0,"turns":4.0},{"damage":1.0,"enemies":"Small Slimes","floor":4.0,"turns":3.0},{"damage":3.0,"enemies":"Looter","floor":5.0,"turns":4.0},{"damage":28.0,"enemies":"3 Sentries","floor":7.0,"turns":10.0},{"damage":11.0,"enemies":"Exordium Thugs","floor":8.0,"turns":5.0},{"damage":13.0,"enemies":"Lots of Slimes","floor":11.0,"turns":3.0},{"damage":0.0,"enemies":"Gremlin Nob","floor":13.0,"turns":3.0},{"damage":2.0,"enemies":"Blue Slaver","floor":14.0,"turns":3.0},{"damage":7,"enemies":"Slime Boss","floor":16,"turns":11},{"damage":19,"enemies":"Shell Parasite","floor":18,"turns":7},{"damage":13,"enemies":"Chosen","floor":20,"turns":8},{"damage":13,"enemies":"Snecko","floor":22,"turns":7},{"damage":1,"enemies":"Shelled Parasite and Fungi","floor":28,"turns":4},{"damage":0,"enemies":"Slavers","floor":29,"turns":1},{"damage":1,"enemies":"Snake Plant","floor":31,"turns":5},{"damage":18,"enemies":"Champ","floor":33,"turns":9},{"damage":5,"enemies":"3 Darklings","floor":35,"turns":5},{"damage":0,"enemies":"3 Shapes","floor":37,"turns":3},{"damage":12,"enemies":"Writhing Mass","floor":38,"turns":3}],"seed_played":"5941168625944167598","potions_obtained":[{"floor":1.0,"key":"Dexterity Potion"},{"floor":7.0,"key":"Regen Potion"},{"floor":8.0,"key":"SmokeBomb"},{"floor":14.0,"key":"Swift Potion"}],"is_trial":false,"path_per_floor":["M","M","?","M","M","R","E","M","T","R","M","$","E","M","R","B",null,"M","?","M","?","M","R","$","R","T","R","M","E","$","M","R","B",null,"M","?","M","M"],"character_chosen":"THE_SILENT","items_purchased":["Unload","Quick Slash","Bronze Scales","Leg Sweep"],"campfire_rested":2,"item_purchase_floors":[12,12,24,30],"current_hp_per_floor":[55,52,52,51,48,48,20,23,23,23,10,10,10,8,27,20,55,36,49,36,30,17,17,17,17,17,36,37,37,37,36,36,18,56,53,67,67,55],"gold":129,"neow_bonus":"BOSS_RELIC","is_prod":false,"is_daily":false,"chose_seed":false,"campfire_upgraded":5,"win_rate":0,"timestamp":1551155753,"path_taken":["M","M","?","M","?","R","E","M","T","R","M","$","E","?","R","BOSS","M","?","M","?","?","R","$","R","T","R","?","E","?","M","R","BOSS","M","?","M","M"],"build_version":"2019-01-23","purchased_purges":0,"victory":false,"max_hp_per_floor":[66,66,66,66,66,66,66,66,66,66,66,66,66,66,66,66,66,66,66,66,66,66,66,66,66,66,66,68,68,68,68,68,68,68,70,70,70,70],"card_choices":[{"not_picked":["Accuracy","Underhanded Strike"],"picked":"Dagger Spray","floor":1.0},{"not_picked":["Acrobatics","Bane"],"picked":"Flying Knee","floor":2.0},{"not_picked":["Skewer","Deadly Poison"],"picked":"Cloak And Dagger","floor":4.0},{"not_picked":["Masterful Stab","Terror"],"picked":"Blur","floor":5.0},{"not_picked":["Outmaneuver","Dagger Throw"],"picked":"Blur","floor":7.0},{"not_picked":["Choke","Sucker Punch"],"picked":"Envenom","floor":8.0},{"not_picked":["Acrobatics","Deflect"],"picked":"Well Laid Plans","floor":11.0},{"not_picked":["PiercingWail","Quick Slash"],"picked":"Night Terror","floor":13.0},{"not_picked":["Sucker Punch","Masterful Stab"],"picked":"Crippling Poison","floor":14.0},{"not_picked":["Phantasmal Killer","Storm of Steel"],"picked":"Grand Finale","floor":16},{"not_picked":["Bane+1","Flying Knee"],"picked":"Dodge and Roll","floor":18},{"not_picked":["Deadly Poison","Dagger Spray","Blade Dance"],"picked":"SKIP","floor":20},{"not_picked":["Well Laid Plans","Escape Plan"],"picked":"Footwork","floor":22},{"not_picked":["Dagger Spray","Bane+1","Concentrate"],"picked":"Singing Bowl","floor":28},{"not_picked":["Underhanded Strike+1","Dodge and Roll"],"picked":"Poisoned Stab+1","floor":31},{"not_picked":["Wraith Form v2","Grand Finale"],"picked":"Burst","floor":33},{"not_picked":["Prepared","Blade Dance","Outmaneuver"],"picked":"Singing Bowl","floor":35},{"not_picked":["Blade Dance","Flying Knee"],"picked":"PiercingWail","floor":37}],"player_experience":566883,"relics_obtained":[{"floor":7.0,"key":"Letter Opener"},{"floor":9.0,"key":"Bottled Tornado"},{"floor":13.0,"key":"Vajra"},{"floor":26,"key":"Singing Bowl"}],"event_choices":[{"damage_healed":0.0,"max_hp_gain":0.0,"max_hp_loss":0.0,"gold_gain":0.0,"event_name":"Match and Keep!","player_choice":"1 cards matched","floor":3.0,"gold_loss":0.0,"damage_taken":0.0,"cards_obtained":["Neutralize"]},{"damage_healed":13,"gold_gain":0,"player_choice":"Heal","damage_taken":0,"max_hp_gain":0,"max_hp_loss":0,"event_name":"The Library","floor":19,"gold_loss":0},{"damage_healed":0,"gold_gain":0,"player_choice":"Joined the Cult","damage_taken":6,"max_hp_gain":0,"max_hp_loss":0,"event_name":"Nest","floor":21,"gold_loss":0,"cards_obtained":["RitualDagger"]},{"damage_healed":14,"gold_gain":0,"player_choice":"Writhe","damage_taken":0,"max_hp_gain":0,"max_hp_loss":0,"event_name":"Winding Halls","floor":36,"gold_loss":0,"cards_obtained":["Writhe"]}],"is_beta":false,"boss_relics":[{"not_picked":["Fusion Hammer","Calling Bell"],"picked":"Sozu"},{"not_picked":["Runic Dome","Cursed Key"],"picked":"Snecko Eye"}],"items_purged_floors":[],"is_endless":false,"potions_floor_spawned":[1,7,8,14,18,20,29,31,35],"killed_by":"Writhing Mass","ascension_level":18}