{"gold_per_floor":[115,131,131,131,143,143,163,163,187,215,180,198,2,18,18,116,116,136,155,190,206,224,224,257,98,148,247,279,279,17,30,30,130,130,149,149,42,53,68,68,95,95,149,163,163,163,163,181,181,181],"floor_reached":50,"playtime":4585,"items_purged":["Strike_G"],"score":696,"play_id":"d74e9932-7947-4e60-9260-b0dd550c7663","local_time":"20190306092927","is_ascension_mode":true,"campfire_choices":[{"data":"Neutralize","floor":6,"key":"SMITH"},{"data":"Dodge and Roll","floor":8,"key":"SMITH"},{"data":"Blade Dance","floor":15,"key":"SMITH"},{"data":"Dagger Throw","floor":23,"key":"SMITH"},{"floor":29,"key":"REST"},{"floor":32,"key":"REST"},{"data":"Footwork","floor":40,"key":"SMITH"},{"floor":45,"key":"DIG"},{"floor":47,"key":"DIG"},{"floor":49,"key":"DIG"}],"neow_cost":"NONE","seed_source_timestamp":22401341106496,"circlet_count":0,"master_deck":["Defend_G","Defend_G","Defend_G","Defend_G","Defend_G","Survivor+1","Neutralize+1","Dodge and Roll+1","Blade Dance+1","Dagger Throw+1","Die Die Die","Distraction+1","PiercingWail+1","Corpse Explosion+1","Blur+1","Blur+1","Infinite Blades+1","Finesse+1","Acrobatics+1","Dodge and Roll+1","Heel Hook+1","Deflect+1","Dodge and Roll+1","Backflip+1","Footwork+1","Backflip+1","Catalyst+1","Doubt"],"relics":["Ring of the Snake","Bag of Preparation","Lantern","Toxic Egg 2","Oddly Smooth Stone","Black Star","Red Mask","MawBank","Letter Opener","Snake Skull","Shovel","Happy Flower","Pear","Astrolabe","Sundial","Juzu Bracelet","Art of War","Orichalcum","Dream Catcher","Mummified Hand"],"potions_floor_usage":[10,16,19,20,22,24,28,41,50,50],"damage_taken":[{"damage":0,"enemies":"Jaw Worm","floor":1,"turns":4},{"damage":0,"enemies":"2 Louse","floor":2,"turns":3},{"damage":1,"enemies":"Cultist","floor":5,"turns":4},{"damage":3,"enemies":"Looter","floor":7,"turns":3},{"damage":30,"enemies":"Lagavulin","floor":10,"turns":10},{"damage":0,"enemies":"3 Louse","floor":12,"turns":1},{"damage":0,"enemies":"Exordium Wildlife","floor":14,"turns":3},{"damage":3,"enemies":"The Guardian","floor":16,"turns":13},{"damage":0,"enemies":"3 Byrds","floor":18,"turns":2},{"damage":5,"enemies":"2 Thieves","floor":19,"turns":4},{"damage":0,"enemies":"Masked Bandits","floor":20,"turns":1},{"damage":5,"enemies":"Sentry and Sphere","floor":21,"turns":4},{"damage":0,"enemies":"Snake Plant","floor":22,"turns":5},{"damage":37,"enemies":"Slavers","floor":24,"turns":4},{"damage":16,"enemies":"Gremlin Leader","floor":28,"turns":10},{"damage":13,"enemies":"Shelled Parasite and Fungi","floor":31,"turns":6},{"damage":57,"enemies":"Collector","floor":33,"turns":13},{"damage":0,"enemies":"3 Darklings","floor":35,"turns":2},{"damage":0,"enemies":"Orb Walker","floor":38,"turns":5},{"damage":3,"enemies":"Spire Growth","floor":39,"turns":8},{"damage":33,"enemies":"Giant Head","floor":41,"turns":11},{"damage":0,"enemies":"4 Shapes","floor":44,"turns":3},{"damage":1,"enemies":"Sphere and 2 Shapes","floor":48,"turns":8},{"damage":103,"enemies":"Time Eater","floor":50,"turns":21}],"seed_played":"-5823063170902414326","potions_obtained":[{"floor":2,"key":"Strength Potion"},{"floor":7,"key":"PowerPotion"},{"floor":12,"key":"SteroidPotion"},{"floor":14,"key":"GamblersBrew"},{"floor":19,"key":"Poison Potion"},{"floor":21,"key":"Poison Potion"},{"floor":22,"key":"PowerPotion"},{"floor":33,"key":"EssenceOfSteel"},{"floor":35,"key":"Block Potion"},{"floor":39,"key":"PowerPotion"}],"is_trial":false,"path_per_floor":["M","M","?","?","M","R","M","R","T","E","?","M","$","M","R","B",null,"M","M","?","M","M","R","E","$","T","?","E","R","$","M","R","B",null,"M","?","$","M","M","R","E","?","T","M","R","?","R","M","R","B"],"character_chosen":"THE_SILENT","items_purchased":["Oddly Smooth Stone","Fire Potion","Finesse+1","Pear","Footwork","Backflip+1"],"campfire_rested":2,"item_purchase_floors":[13,13,25,30,37,37],"current_hp_per_floor":[77,77,82,82,81,81,78,78,78,48,68,68,68,68,68,65,78,78,73,73,68,68,68,31,31,31,31,15,39,49,36,63,6,71,71,71,71,71,68,68,35,92,92,92,92,92,92,91,91,0],"gold":181,"neow_bonus":"TEN_PERCENT_HP_BONUS","is_prod":false,"is_daily":false,"chose_seed":false,"campfire_upgraded":5,"win_rate":0,"timestamp":1551886167,"path_taken":["M","M","?","?","M","R","?","R","T","E","?","M","$","M","R","BOSS","M","M","?","M","M","R","E","$","T","?","E","R","?","M","R","BOSS","M","?","$","?","M","R","E","?","T","M","R","?","R","M","R","BOSS"],"build_version":"2019-01-23","purchased_purges":1,"victory":false,"max_hp_per_floor":[77,77,82,82,82,82,82,82,82,82,82,82,82,82,82,82,82,82,82,82,82,82,82,82,82,82,82,82,82,92,92,92,92,92,92,92,92,92,92,92,92,92,92,92,92,92,92,92,92,92],"card_choices":[{"not_picked":["Riddle With Holes","Catalyst"],"picked":"Dodge and Roll","floor":1},{"not_picked":["Deadly Poison","Distraction"],"picked":"Blade Dance","floor":2},{"not_picked":["Poisoned Stab","Blade Dance"],"picked":"Dagger Throw","floor":5},{"not_picked":["Quick Slash","Dagger Throw"],"picked":"Die Die Die","floor":7},{"not_picked":["Deflect","Dagger Throw"],"picked":"Distraction","floor":10},{"not_picked":["Poisoned Stab","Riddle With Holes"],"picked":"PiercingWail+1","floor":12},{"not_picked":["Grand Finale","Bane","Dagger Throw"],"picked":"SKIP","floor":14},{"not_picked":["Venomology+1","Malaise+1"],"picked":"Corpse Explosion+1","floor":16},{"not_picked":["Flying Knee","Underhanded Strike+1","PiercingWail+1"],"picked":"SKIP","floor":18},{"not_picked":["Blade Dance+1","Slice"],"picked":"Blur+1","floor":19},{"not_picked":["PiercingWail+1","Masterful Stab"],"picked":"Blur+1","floor":21},{"not_picked":["Dagger Spray","Riddle With Holes","Flechettes"],"picked":"SKIP","floor":22},{"not_picked":["Dodge and Roll+1","Tactician+1"],"picked":"Infinite Blades+1","floor":24},{"not_picked":["Calculated Gamble+1","Quick Slash+1"],"picked":"Acrobatics+1","floor":28},{"not_picked":["Sucker Punch","Endless Agony+1"],"picked":"Dodge and Roll+1","floor":31},{"not_picked":["PiercingWail+1","Predator+1"],"picked":"Backflip+1","floor":35},{"not_picked":["Outmaneuver+1","Bouncing Flask+1","Flying Knee"],"picked":"SKIP","floor":38},{"not_picked":["Dagger Spray","Dagger Throw","Slice+1"],"picked":"SKIP","floor":39},{"not_picked":["Blade Dance+1","Concentrate+1"],"picked":"Catalyst+1","floor":41},{"not_picked":["Infinite Blades+1","Bane","Deflect+1"],"picked":"SKIP","floor":44},{"not_picked":["Dagger Spray","Infinite Blades+1","Finisher"],"picked":"SKIP","floor":48}],"player_experience":216481,"relics_obtained":[{"floor":9,"key":"Lantern"},{"floor":10,"key":"Toxic Egg 2"},{"floor":20,"key":"Red Mask"},{"floor":24,"key":"MawBank"},{"floor":24,"key":"Letter Opener"},{"floor":26,"key":"Snake Skull"},{"floor":28,"key":"Shovel"},{"floor":28,"key":"Happy Flower"},{"floor":41,"key":"Sundial"},{"floor":41,"key":"Juzu Bracelet"},{"floor":43,"key":"Art of War"},{"floor":45,"key":"Orichalcum"},{"floor":47,"key":"Dream Catcher"},{"floor":49,"key":"Mummified Hand"}],"event_choices":[{"damage_healed":0,"gold_gain":0,"player_choice":"Donut","damage_taken":0,"max_hp_gain":5,"max_hp_loss":0,"event_name":"Big Fish","floor":3,"gold_loss":0},{"damage_healed":0,"gold_gain":0,"player_choice":"Gave Potion","damage_taken":0,"relics_obtained":["Bag of Preparation"],"max_hp_gain":0,"max_hp_loss":0,"event_name":"WeMeetAgain","floor":4,"gold_loss":0},{"damage_healed":20,"gold_gain":0,"player_choice":"Healed","damage_taken":0,"max_hp_gain":0,"max_hp_loss":0,"event_name":"The Cleric","floor":11,"gold_loss":35},{"damage_healed":0,"gold_gain":0,"player_choice":"Fought Bandits","damage_taken":0,"max_hp_gain":0,"max_hp_loss":0,"event_name":"Masked Bandits","floor":20,"gold_loss":0},{"damage_healed":0,"gold_gain":99,"player_choice":"Stole From Cult","damage_taken":0,"max_hp_gain":0,"max_hp_loss":0,"event_name":"Nest","floor":27,"gold_loss":0},{"damage_healed":0,"gold_gain":0,"player_choice":"Upgraded","damage_taken":0,"max_hp_gain":0,"max_hp_loss":0,"event_name":"Upgrade Shrine","floor":36,"gold_loss":0,"cards_upgraded":["Survivor"]},{"damage_healed":57,"gold_gain":0,"player_choice":"Heal","damage_taken":0,"max_hp_gain":0,"max_hp_loss":0,"event_name":"MindBloom","floor":42,"gold_loss":0,"cards_obtained":["Doubt"]},{"cards_removed":["Strike_G"],"damage_healed":0,"gold_gain":0,"player_choice":"Removed Attack","damage_taken":0,"max_hp_gain":0,"max_hp_loss":0,"event_name":"Falling","floor":46,"gold_loss":0}],"is_beta":false,"boss_relics":[{"not_picked":["HoveringKite","Tiny House"],"picked":"Black Star"},{"not_picked":["White Beast Statue","Velvet Choker"],"picked":"Astrolabe"}],"items_purged_floors":[25],"is_endless":false,"potions_floor_spawned":[2,7,12,14,19,21,22,33,35,39],"killed_by":"Time Eater","ascension_level":5}