{"gold_per_floor":[117,117,117,42,52,52,85,112,112,112,138,150,150,162,162,240,240,216,216,52,102,114,114,145,159,185,185,205,205,222,242,242,313,313,326,337,337,353,353],"floor_reached":39,"playtime":1928,"items_purged":["Pain"],"score":822,"play_id":"7a64b8e9-583d-45d3-aedb-2a74d5849578","local_time":"20181103010845","is_ascension_mode":true,"campfire_choices":[{"data":"Envenom","floor":6.0,"key":"SMITH"},{"floor":10.0,"key":"REST"},{"floor":13.0,"key":"REST"},{"floor":15.0,"key":"REST"},{"floor":23.0,"key":"REST"},{"floor":27.0,"key":"REST"},{"data":"Envenom","floor":29.0,"key":"SMITH"},{"floor":32.0,"key":"REST"}],"neow_cost":"NONE","seed_source_timestamp":102094284201725,"circlet_count":0,"master_deck":["AscendersBane","Defend_G","Defend_G","Defend_G","Defend_G","Defend_G","Strike_G","Strike_G","Strike_G","Strike_G","Survivor","Neutralize","Envenom+1","Backflip","Cloak And Dagger","Backstab","Envenom+1","Skewer","Storm of Steel","Phantasmal Killer","Riddle With Holes"],"special_seed":0,"relics":["Ring of the Snake","WarpedTongs","Centennial Puzzle","Odd Mushroom","StoneCalendar","Letter Opener","Snecko Eye","Nilry\u0027s Codex","Regal Pillow","Ninja Scroll","Vajra","HoveringKite"],"potions_floor_usage":[],"damage_taken":[{"damage":4.0,"enemies":"Small Slimes","floor":1.0,"turns":5.0},{"damage":0.0,"enemies":"Jaw Worm","floor":5.0,"turns":5.0},{"damage":25.0,"enemies":"Lagavulin","floor":7.0,"turns":9.0},{"damage":10.0,"enemies":"The Mushroom Lair","floor":8.0,"turns":5.0},{"damage":19.0,"enemies":"3 Sentries","floor":11.0,"turns":8.0},{"damage":0.0,"enemies":"Cultist","floor":12.0,"turns":4.0},{"damage":2.0,"enemies":"Blue Slaver","floor":14.0,"turns":4.0},{"damage":22.0,"enemies":"The Guardian","floor":16.0,"turns":12.0},{"damage":7.0,"enemies":"2 Thieves","floor":18.0,"turns":4.0},{"damage":0.0,"enemies":"Chosen","floor":22.0,"turns":5.0},{"damage":13.0,"enemies":"Book of Stabbing","floor":24.0,"turns":7.0},{"damage":11.0,"enemies":"Snake Plant","floor":25.0,"turns":5.0},{"damage":21.0,"enemies":"Cultist and Chosen","floor":28.0,"turns":6.0},{"damage":22.0,"enemies":"Sentry and Sphere","floor":30.0,"turns":6.0},{"damage":18.0,"enemies":"Chosen and Byrds","floor":31.0,"turns":4.0},{"damage":30.0,"enemies":"Collector","floor":33.0,"turns":8.0},{"damage":5.0,"enemies":"Orb Walker","floor":35.0,"turns":4.0},{"damage":30.0,"enemies":"3 Darklings","floor":36.0,"turns":5.0},{"damage":11.0,"enemies":"Sphere and 2 Shapes","floor":38.0,"turns":7.0},{"damage":14,"enemies":"4 Shapes","floor":39,"turns":1}],"seed_played":"4404235612807534247","potions_obtained":[{"floor":5.0,"key":"Swift Potion"},{"floor":7.0,"key":"FearPotion"},{"floor":12.0,"key":"SneckoOil"},{"floor":16.0,"key":"GhostInAJar"},{"floor":18.0,"key":"Ancient Potion"},{"floor":28.0,"key":"GamblersBrew"},{"floor":31.0,"key":"GhostInAJar"},{"floor":33.0,"key":"Ancient Potion"}],"is_trial":false,"path_per_floor":["M","?","?","$","M","R","E","?","T","R","E","M","R","M","R","B",null,"M","?","$","?","M","R","E","M","T","R","M","R","M","M","R","B",null,"M","M","?","M","M"],"character_chosen":"THE_SILENT","items_purchased":["Regal Pillow"],"campfire_rested":6,"item_purchase_floors":[20],"current_hp_per_floor":[55,48,48,48,48,48,23,13,13,32,13,13,32,30,49,27,56,49,28,28,28,28,62,49,38,38,66,45,45,23,5,39,9,52,47,17,17,6,0],"gold":353,"neow_bonus":"ONE_RANDOM_RARE_CARD","is_prod":false,"is_daily":false,"chose_seed":false,"campfire_upgraded":2,"win_rate":0,"timestamp":1541232525,"path_taken":["M","?","?","$","?","R","E","?","T","R","E","M","R","M","R","BOSS","M","?","$","?","M","R","E","M","T","R","?","R","M","M","R","BOSS","M","?","?","M","M"],"build_version":"2018-11-01","purchased_purges":1,"victory":false,"max_hp_per_floor":[66,66,66,66,66,66,66,66,66,66,66,66,66,66,66,66,66,66,66,66,66,66,66,66,66,66,66,66,66,66,66,66,66,66,66,66,66,66,66],"card_choices":[{"not_picked":["Dagger Throw","Slice"],"picked":"Backflip","floor":1.0},{"not_picked":["Dagger Spray","PiercingWail","Bane"],"picked":"SKIP","floor":5.0},{"not_picked":["Calculated Gamble","Deflect","Caltrops"],"picked":"SKIP","floor":7.0},{"not_picked":["Choke","Slice","Poisoned Stab"],"picked":"SKIP","floor":11.0},{"not_picked":["Backflip","Sucker Punch"],"picked":"Cloak And Dagger","floor":12.0},{"not_picked":["Deadly Poison","Deflect"],"picked":"Backstab","floor":14.0},{"not_picked":["Glass Knife","Corpse Explosion"],"picked":"Envenom","floor":16.0},{"not_picked":["Sucker Punch","Blade Dance"],"picked":"Skewer","floor":18.0},{"not_picked":["Caltrops","Dagger Spray","Prepared"],"picked":"SKIP","floor":22.0},{"not_picked":["Masterful Stab","Underhanded Strike","Flying Knee"],"picked":"SKIP","floor":24.0},{"not_picked":["Deflect","Bouncing Flask"],"picked":"Storm of Steel","floor":25.0},{"not_picked":["Poisoned Stab","All Out Attack","Calculated Gamble"],"picked":"SKIP","floor":28.0},{"not_picked":["Deadly Poison","Bane","Sucker Punch"],"picked":"SKIP","floor":30.0},{"not_picked":["Expertise","Tactician","Backstab"],"picked":"SKIP","floor":31.0},{"not_picked":["Tools of the Trade","Grand Finale"],"picked":"Phantasmal Killer","floor":33.0},{"not_picked":["Acrobatics","Expertise"],"picked":"Riddle With Holes","floor":35.0},{"not_picked":["Prepared","Blade Dance","Underhanded Strike"],"picked":"SKIP","floor":36.0},{"not_picked":["Dagger Throw","Outmaneuver","Choke"],"picked":"SKIP","floor":38.0}],"player_experience":593518,"relics_obtained":[{"floor":7.0,"key":"Centennial Puzzle"},{"floor":8.0,"key":"Odd Mushroom"},{"floor":9.0,"key":"StoneCalendar"},{"floor":11.0,"key":"Letter Opener"},{"floor":19.0,"key":"Nilry\u0027s Codex"},{"floor":24.0,"key":"Ninja Scroll"},{"floor":26.0,"key":"Vajra"}],"event_choices":[{"cards_removed":["Strike_G"],"damage_healed":0.0,"max_hp_gain":0.0,"max_hp_loss":0.0,"gold_gain":0.0,"event_name":"Golden Wing","player_choice":"Card Removal","floor":2.0,"gold_loss":0.0,"damage_taken":7.0},{"damage_healed":0.0,"max_hp_gain":0.0,"max_hp_loss":0.0,"gold_gain":0.0,"event_name":"Accursed Blacksmith","player_choice":"Rummage","floor":3.0,"gold_loss":0.0,"damage_taken":0.0,"relics_obtained":["WarpedTongs"],"cards_obtained":["Pain"]},{"damage_healed":0.0,"max_hp_gain":0.0,"max_hp_loss":0.0,"gold_gain":0.0,"event_name":"Mushrooms","player_choice":"Fought Mushrooms","floor":8.0,"gold_loss":0.0,"damage_taken":0.0},{"damage_healed":0.0,"max_hp_gain":0.0,"max_hp_loss":0.0,"gold_gain":0.0,"event_name":"Cursed Tome","player_choice":"Obtained Book","floor":19.0,"gold_loss":0.0,"damage_taken":21.0},{"damage_healed":0.0,"max_hp_gain":0.0,"max_hp_loss":0.0,"gold_gain":100.0,"event_name":"The Joust","player_choice":"Bet on Murderer","floor":21.0,"gold_loss":50.0,"damage_taken":0.0},{"damage_healed":0.0,"max_hp_gain":0.0,"max_hp_loss":0.0,"gold_gain":0.0,"event_name":"Mysterious Sphere","player_choice":"Ignored","floor":37.0,"gold_loss":0.0,"damage_taken":0.0}],"is_beta":false,"boss_relics":[{"not_picked":["WristBlade","Eternal Feather"],"picked":"Snecko Eye"},{"not_picked":["Empty Cage","Tiny House"],"picked":"HoveringKite"}],"items_purged_floors":[4],"is_endless":false,"potions_floor_spawned":[5,7,12,16,18,28,31,33],"killed_by":"4 Shapes","ascension_level":20}