{"gold_per_floor":[118,118,43,67,67,67,95,106,106,138,154,187,187,187,187,187],"floor_reached":16,"playtime":510,"items_purged":["Defend_R"],"score":139,"play_id":"4be70896-3b2c-4644-adb1-a5afc585b502","local_time":"20181108192324","is_ascension_mode":true,"campfire_choices":[{"data":"Strike_R","floor":6,"key":"SMITH"},{"data":"Inflame","floor":15,"key":"SMITH"}],"neow_cost":"TEN_PERCENT_HP_LOSS","seed_source_timestamp":379183839547142,"circlet_count":0,"master_deck":["Strike_R","Strike_R+1","Defend_R","Defend_R","Bash+1","Inflame+1"],"relics":["Burning Blood","Orichalcum","Charon\u0027s Ashes","Juzu Bracelet","PreservedInsect","Darkstone Periapt","Blood Vial"],"potions_floor_usage":[7,12,16,16,16],"damage_taken":[{"damage":7,"enemies":"2 Louse","floor":1,"turns":3},{"damage":14,"enemies":"Lagavulin","floor":7,"turns":3},{"damage":0,"enemies":"Cultist","floor":8,"turns":2},{"damage":18,"enemies":"3 Sentries","floor":10,"turns":6},{"damage":7,"enemies":"Small Slimes","floor":11,"turns":3},{"damage":14,"enemies":"Lagavulin","floor":12,"turns":3},{"damage":50,"enemies":"The Guardian","floor":16,"turns":13}],"seed_played":"7847502844501348506","potions_obtained":[{"floor":1,"key":"AttackPotion"},{"floor":8,"key":"SteroidPotion"},{"floor":11,"key":"EntropicBrew"},{"floor":12,"key":"SteroidPotion"}],"is_trial":false,"path_per_floor":["M","?","$","T","?","R","E","M","T","E","M","E","?","?","R","B"],"character_chosen":"IRONCLAD","items_purchased":[],"campfire_rested":0,"item_purchase_floors":[],"current_hp_per_floor":[71,71,71,71,71,71,63,69,69,57,56,48,48,48,48,0],"gold":187,"neow_bonus":"REMOVE_TWO","is_prod":false,"is_daily":false,"chose_seed":false,"campfire_upgraded":2,"win_rate":0,"timestamp":1541723004,"path_taken":["M","?","$","?","?","R","E","?","T","E","M","E","?","?","R","BOSS"],"build_version":"2018-11-07","purchased_purges":1,"victory":false,"max_hp_per_floor":[72,72,72,72,72,72,72,72,72,72,72,72,72,72,72,72],"card_choices":[{"not_picked":["Flame Barrier","Sentinel","Havoc"],"picked":"SKIP","floor":1},{"not_picked":["Blood for Blood","Shrug It Off","Fire Breathing"],"picked":"SKIP","floor":7},{"not_picked":["Second Wind","Reckless Charge","Shrug It Off"],"picked":"SKIP","floor":8},{"not_picked":["Pummel","Seeing Red","Hemokinesis"],"picked":"SKIP","floor":10},{"not_picked":["Uppercut","Heavy Blade","Sword Boomerang"],"picked":"SKIP","floor":11},{"not_picked":["Hemokinesis","Anger"],"picked":"Inflame","floor":12}],"player_experience":336014,"relics_obtained":[{"floor":4,"key":"Orichalcum"},{"floor":7,"key":"Charon\u0027s Ashes"},{"floor":9,"key":"Juzu Bracelet"},{"floor":10,"key":"PreservedInsect"},{"floor":12,"key":"Darkstone Periapt"}],"event_choices":[{"damage_healed":0,"gold_gain":0,"player_choice":"Upgraded","damage_taken":0,"max_hp_gain":0,"max_hp_loss":0,"event_name":"Upgrade Shrine","floor":2,"gold_loss":0,"cards_upgraded":["Bash"]},{"cards_removed":["Defend_R"],"damage_healed":0,"gold_gain":0,"player_choice":"Purged","damage_taken":0,"max_hp_gain":0,"max_hp_loss":0,"event_name":"Purifier","floor":5,"gold_loss":0},{"cards_removed":["Strike_R"],"damage_healed":0,"gold_gain":0,"player_choice":"Offered Basic","damage_taken":0,"max_hp_gain":0,"max_hp_loss":0,"event_name":"Bonfire Elementals","floor":13,"gold_loss":0},{"damage_healed":0,"gold_gain":0,"player_choice":"Gave Potion","damage_taken":0,"relics_obtained":["Blood Vial"],"max_hp_gain":0,"max_hp_loss":0,"event_name":"WeMeetAgain","floor":14,"gold_loss":0}],"is_beta":true,"boss_relics":[],"items_purged_floors":[3],"is_endless":false,"potions_floor_spawned":[1,8,11,12],"killed_by":"The Guardian","ascension_level":4}