{"gold_per_floor":[111,61,61,71,71,96,24,37,64,64,76,93,93],"floor_reached":13,"playtime":362,"items_purged":[],"score":85,"play_id":"02bc9117-a36d-452f-bd6d-cdae940c995e","local_time":"20181222214612","is_ascension_mode":false,"campfire_choices":[{"floor":10,"key":"REST"}],"neow_cost":"NONE","seed_source_timestamp":43480476289725,"circlet_count":0,"master_deck":["Strike_B","Strike_B","Strike_B","Defend_B","Defend_B","Defend_B","Zap","Dualcast","Conserve Battery","Cold Snap+1","Static Discharge","Chill"],"relics":["Cracked Core","DataDisk"],"potions_floor_usage":[12],"damage_taken":[{"damage":6,"enemies":"Jaw Worm","floor":1,"turns":3},{"damage":2,"enemies":"Small Slimes","floor":4,"turns":4},{"damage":25,"enemies":"Lagavulin","floor":6,"turns":7},{"damage":1,"enemies":"Cultist","floor":8,"turns":3},{"damage":1,"enemies":"Exordium Wildlife","floor":11,"turns":6},{"damage":4,"enemies":"Blue Slaver","floor":12,"turns":3},{"damage":0,"enemies":"2 Fungi Beasts","floor":13,"turns":1}],"seed_played":"-8861288661366329383","potions_obtained":[{"floor":8,"key":"Poison Potion"}],"is_trial":false,"path_per_floor":["M","?","?","M","?","E","$","M","T","R","M","M","M"],"character_chosen":"DEFECT","items_purchased":["Static Discharge"],"campfire_rested":1,"item_purchase_floors":[7],"current_hp_per_floor":[76,76,69,67,67,42,42,41,41,65,64,60,60],"gold":93,"neow_bonus":"TEN_PERCENT_HP_BONUS","is_prod":false,"is_daily":false,"chose_seed":false,"campfire_upgraded":0,"win_rate":0,"timestamp":1545533172,"path_taken":["M","?","?","M","?","E","$","M","T","R","M","?","M"],"build_version":"2018-12-20","purchased_purges":0,"victory":false,"max_hp_per_floor":[82,82,82,82,82,82,82,82,82,82,82,82,82],"card_choices":[{"not_picked":["Compile Driver","Lockon"],"picked":"Conserve Battery","floor":1},{"not_picked":["Leap","Barrage"],"picked":"Cold Snap","floor":4},{"not_picked":["Storm","Consume","Stack"],"picked":"SKIP","floor":6},{"not_picked":["Heatsinks","Go for the Eyes","Redo"],"picked":"SKIP","floor":8},{"not_picked":["Stack","Go for the Eyes","Reprogram"],"picked":"SKIP","floor":11},{"not_picked":["Undo","Beam Cell"],"picked":"Chill","floor":12}],"player_experience":337071,"relics_obtained":[{"floor":6,"key":"DataDisk"}],"event_choices":[{"cards_removed":["Strike_B"],"damage_healed":0,"gold_gain":0,"player_choice":"Card Removal","damage_taken":0,"max_hp_gain":0,"max_hp_loss":0,"event_name":"The Cleric","floor":2,"gold_loss":50},{"cards_removed":["Defend_B"],"damage_healed":0,"gold_gain":0,"player_choice":"Card Removal","damage_taken":7,"max_hp_gain":0,"max_hp_loss":0,"event_name":"Golden Wing","floor":3,"gold_loss":0},{"damage_healed":0,"gold_gain":0,"player_choice":"Forge","damage_taken":0,"max_hp_gain":0,"max_hp_loss":0,"event_name":"Accursed Blacksmith","floor":5,"gold_loss":0,"cards_upgraded":["Cold Snap"]}],"is_beta":false,"boss_relics":[],"items_purged_floors":[],"is_endless":false,"potions_floor_spawned":[8],"killed_by":"2 Fungi Beasts","ascension_level":0}