{"gold_per_floor":[117,117,117,132,145,170,170,170,170,188,188,214,214,231,231,334,334,346,346,356,356],"floor_reached":21,"playtime":962,"items_purged":[],"score":189,"play_id":"b5743f62-ca34-470c-b038-54ae1f26f1b9","local_time":"20190308145034","is_ascension_mode":false,"campfire_choices":[{"floor":8,"key":"REST"},{"floor":11,"key":"REST"},{"floor":13,"key":"REST"},{"data":"Streamline","floor":15,"key":"SMITH"}],"neow_cost":"NONE","seed_source_timestamp":183196419780169,"circlet_count":0,"master_deck":["Strike_B","Strike_B","Strike_B","Strike_B","Defend_B","Defend_B+1","Defend_B+1","Defend_B","Zap","Dualcast","Redo","Hologram","Ball Lightning","Go for the Eyes","Streamline+1","Barrage","Echo Form","BootSequence","Writhe","Go for the Eyes"],"relics":["Cracked Core","War Paint","Kunai","Sundial","Juzu Bracelet","Inserter","Meat on the Bone"],"potions_floor_usage":[12,16,16,21,21],"damage_taken":[{"damage":1,"enemies":"Cultist","floor":1,"turns":3},{"damage":10,"enemies":"2 Louse","floor":4,"turns":3},{"damage":6,"enemies":"Small Slimes","floor":5,"turns":3},{"damage":26,"enemies":"3 Sentries","floor":6,"turns":7},{"damage":12,"enemies":"3 Louse","floor":10,"turns":2},{"damage":18,"enemies":"Lagavulin","floor":12,"turns":5},{"damage":13,"enemies":"2 Fungi Beasts","floor":14,"turns":3},{"damage":28,"enemies":"The Guardian","floor":16,"turns":10},{"damage":10,"enemies":"Shell Parasite","floor":18,"turns":5},{"damage":28,"enemies":"2 Thieves","floor":20,"turns":4},{"damage":43,"enemies":"Shelled Parasite and Fungi","floor":21,"turns":7}],"seed_played":"7239515040199235949","potions_obtained":[{"floor":6,"key":"SkillPotion"},{"floor":10,"key":"Swift Potion"},{"floor":14,"key":"Block Potion"},{"floor":16,"key":"Swift Potion"},{"floor":20,"key":"Fire Potion"}],"is_trial":false,"path_per_floor":["?","?","?","?"],"character_chosen":"DEFECT","items_purchased":[],"campfire_rested":3,"item_purchase_floors":[],"current_hp_per_floor":[74,79,79,69,63,37,37,61,61,49,73,55,79,66,66,38,80,70,70,42,0],"gold":356,"neow_bonus":"RANDOM_COMMON_RELIC","is_prod":false,"is_daily":false,"chose_seed":false,"campfire_upgraded":1,"win_rate":0.0,"timestamp":1552053034,"path_taken":["M","?","?","M","M","E","?","R","T","M","R","E","R","M","R","BOSS","M","?","M","M"],"build_version":"2019-01-23","purchased_purges":0,"victory":false,"max_hp_per_floor":[75,80,80,80,80,80,80,80,80,80,80,80,80,80,80,80,80,80,80,80,80],"card_choices":[{"not_picked":["Rebound","Fusion"],"picked":"Redo","floor":1},{"not_picked":["Darkness","BootSequence"],"picked":"Hologram","floor":4},{"not_picked":["Hologram","Glacier"],"picked":"Ball Lightning","floor":5},{"not_picked":["Steam Power","Fusion"],"picked":"Go for the Eyes","floor":6},{"not_picked":["Storm","Force Field"],"picked":"Streamline","floor":10},{"not_picked":["Darkness","Redo","Go for the Eyes"],"picked":"SKIP","floor":12},{"not_picked":["Creative AI","Rebound"],"picked":"Barrage","floor":14},{"not_picked":["Meteor Strike","Amplify"],"picked":"Echo Form","floor":16},{"not_picked":["Chaos+1","Cold Snap"],"picked":"BootSequence","floor":18},{"not_picked":["Steam Power","Redo+1"],"picked":"Go for the Eyes","floor":20}],"player_experience":70573,"relics_obtained":[{"floor":6,"key":"Kunai"},{"floor":9,"key":"Sundial"},{"floor":12,"key":"Juzu Bracelet"}],"event_choices":[{"damage_healed":0,"gold_gain":0,"player_choice":"Donut","damage_taken":0,"max_hp_gain":5,"max_hp_loss":0,"event_name":"Big Fish","floor":2,"gold_loss":0},{"damage_healed":0,"gold_gain":0,"player_choice":"Ignored","damage_taken":0,"max_hp_gain":0,"max_hp_loss":0,"event_name":"Shining Light","floor":3,"gold_loss":0},{"damage_healed":0,"gold_gain":0,"player_choice":"Ignored","damage_taken":0,"max_hp_gain":0,"max_hp_loss":0,"event_name":"Golden Idol","floor":7,"gold_loss":0},{"damage_healed":0,"gold_gain":0,"player_choice":"Opened","damage_taken":0,"relics_obtained":["Meat on the Bone"],"max_hp_gain":0,"max_hp_loss":0,"event_name":"The Mausoleum","floor":19,"gold_loss":0,"cards_obtained":["Writhe"]}],"is_beta":false,"boss_relics":[{"not_picked":["Empty Cage","Runic Dome"],"picked":"Inserter"}],"items_purged_floors":[],"is_endless":false,"potions_floor_spawned":[6,10,14,16,20],"killed_by":"Shelled Parasite and Fungi","ascension_level":0}