{"gold_per_floor":[111,124,124,49,67,122,122,132,159,171,182,182,217,217,217,315,315,326,343,343,343,291,322,322,322],"floor_reached":25,"playtime":1215,"items_purged":["Strike_B"],"score":230,"play_id":"60e956f3-a7a9-479c-8d97-e26afe2b50f8","local_time":"20181214004237","is_ascension_mode":false,"campfire_choices":[{"data":"Hello World","floor":7.0,"key":"SMITH"},{"floor":15.0,"key":"REST"},{"floor":24,"key":"REST"}],"neow_cost":"NONE","seed_source_timestamp":0,"circlet_count":0,"master_deck":["Strike_B","Strike_B","Strike_B","Defend_B","Defend_B","Defend_B","Defend_B","Zap","Dualcast","Static Discharge+1","Capacitor","Hello World+1","Turbo","Electrodynamics","Glacier","Multi-Cast","Tempest+1","Tempest+1","Hello World+1"],"special_seed":0,"relics":["Cracked Core","Tiny Chest","Boot","Dream Catcher","Black Star","Spirit Poop","Ancient Tea Set","Bronze Scales"],"potions_floor_usage":[23],"damage_taken":[{"damage":6.0,"enemies":"Jaw Worm","floor":1.0,"turns":3.0},{"damage":10.0,"enemies":"Cultist","floor":2.0,"turns":4.0},{"damage":0.0,"enemies":"Small Slimes","floor":5.0,"turns":4.0},{"damage":21.0,"enemies":"Lagavulin","floor":6.0,"turns":4.0},{"damage":6.0,"enemies":"2 Fungi Beasts","floor":8.0,"turns":3.0},{"damage":12.0,"enemies":"Blue Slaver","floor":10.0,"turns":2.0},{"damage":7.0,"enemies":"Large Slime","floor":11.0,"turns":4.0},{"damage":27.0,"enemies":"3 Sentries","floor":13.0,"turns":4.0},{"damage":40.0,"enemies":"Hexaghost","floor":16.0,"turns":5.0},{"damage":35.0,"enemies":"2 Thieves","floor":18.0,"turns":4.0},{"damage":3.0,"enemies":"Spheric Guardian","floor":19.0,"turns":3.0},{"damage":39,"enemies":"Gremlin Leader","floor":23,"turns":4},{"damage":35,"enemies":"Shelled Parasite and Fungi","floor":25,"turns":3}],"seed_played":"6525210501332564336","potions_obtained":[{"floor":1.0,"key":"EntropicBrew"},{"floor":5.0,"key":"Energy Potion"},{"floor":6.0,"key":"Dexterity Potion"},{"floor":8.0,"key":"Energy Potion"},{"floor":19.0,"key":"Strength Potion"},{"floor":23,"key":"Dexterity Potion"}],"is_trial":false,"path_per_floor":["M","M","?","$","M","E","R","M","T","M","M","?","E","?","R","B",null,"M","M","?","?","$","E","R","M"],"character_chosen":"DEFECT","items_purchased":["Energy Potion"],"campfire_rested":2,"item_purchase_floors":[22],"current_hp_per_floor":[76,66,66,66,66,45,45,39,39,27,20,47,20,20,44,4,82,47,44,44,44,44,5,29,0],"gold":322,"neow_bonus":"TEN_PERCENT_HP_BONUS","is_prod":false,"is_daily":false,"chose_seed":false,"campfire_upgraded":1,"win_rate":0.0,"timestamp":1544766157,"path_taken":["M","M","?","$","?","E","R","M","T","M","M","?","E","?","R","BOSS","M","M","?","?","$","E","R","?"],"build_version":"2018-12-13","purchased_purges":1,"victory":false,"max_hp_per_floor":[82,82,82,82,82,82,82,82,82,82,82,82,82,82,82,82,82,82,82,82,82,82,82,82,82],"card_choices":[{"not_picked":["Coolheaded","Turbo"],"picked":"Static Discharge","floor":1.0},{"not_picked":["Cold Snap","Gash"],"picked":"Capacitor","floor":2.0},{"not_picked":["Steam","Stack"],"picked":"Hello World","floor":5.0},{"not_picked":["Hologram","Go for the Eyes"],"picked":"Turbo","floor":6.0},{"not_picked":["Compile Driver","Barrage"],"picked":"Electrodynamics","floor":8.0},{"not_picked":["Streamline","Go for the Eyes","Hologram"],"picked":"SKIP","floor":10.0},{"not_picked":["Leap","Sunder"],"picked":"Glacier","floor":11.0},{"not_picked":["Stack","Gash","Go for the Eyes"],"picked":"SKIP","floor":13.0},{"not_picked":["Creative AI","Echo Form"],"picked":"Multi-Cast","floor":16.0},{"not_picked":["Gash","Go for the Eyes"],"picked":"Tempest+1","floor":18.0},{"not_picked":["Beam Cell","Reinforced Body","Barrage"],"picked":"SKIP","floor":19.0},{"not_picked":["Steam Power+1","Melter"],"picked":"Tempest+1","floor":23},{"not_picked":["Sunder","Streamline"],"picked":"Hello World+1","floor":24}],"player_experience":280869,"relics_obtained":[{"floor":6.0,"key":"Tiny Chest"},{"floor":9.0,"key":"Boot"},{"floor":13.0,"key":"Dream Catcher"},{"floor":23,"key":"Ancient Tea Set"},{"floor":23,"key":"Bronze Scales"}],"event_choices":[{"damage_healed":0.0,"max_hp_gain":0.0,"max_hp_loss":0.0,"gold_gain":0.0,"event_name":"Accursed Blacksmith","player_choice":"Forge","floor":3.0,"gold_loss":0.0,"damage_taken":0.0,"cards_upgraded":["Static Discharge"]},{"damage_healed":27.0,"max_hp_gain":0.0,"max_hp_loss":0.0,"gold_gain":0.0,"event_name":"Big Fish","player_choice":"Banana","floor":12.0,"gold_loss":0.0,"damage_taken":0.0},{"damage_healed":0.0,"max_hp_gain":0.0,"max_hp_loss":0.0,"gold_gain":0.0,"event_name":"Dead Adventurer","player_choice":"Searched \u00271\u0027 times","floor":14.0,"gold_loss":0.0,"damage_taken":0.0},{"damage_healed":0.0,"max_hp_gain":0.0,"max_hp_loss":0.0,"gold_gain":0.0,"event_name":"Forgotten Altar","player_choice":"Smashed Altar","floor":20.0,"gold_loss":0.0,"damage_taken":0.0,"cards_obtained":["Decay"]},{"cards_removed":["Decay"],"damage_healed":0,"gold_gain":0,"player_choice":"Offered Curse","damage_taken":0,"relics_obtained":["Spirit Poop"],"max_hp_gain":0,"max_hp_loss":0,"event_name":"Bonfire Elementals","floor":21,"gold_loss":0}],"is_beta":false,"boss_relics":[{"not_picked":["Astrolabe","Sozu"],"picked":"Black Star"}],"items_purged_floors":[4],"is_endless":false,"potions_floor_spawned":[1,5,6,8,19,23],"killed_by":"Shelled Parasite and Fungi","ascension_level":0}