{"gold_per_floor":[114,114,134,151,163,163,180,180,203,214,104,137,137,37,37,136,136,156,175,191,191,66,66,85,96,96,96,111,111,123,139,139,139],"floor_reached":33,"playtime":2410,"items_purged":["Strike_B","Strike_B","Writhe"],"score":278,"play_id":"f9ef7f64-0097-4f3a-8015-d077886beb91","local_time":"20190204001149","is_ascension_mode":false,"campfire_choices":[{"floor":6,"key":"REST"},{"data":"Echo Form","floor":8,"key":"SMITH"},{"floor":13,"key":"REST"},{"floor":15,"key":"REST"},{"data":"Buffer","floor":23,"key":"SMITH"},{"floor":27,"key":"REST"},{"floor":32,"key":"REST"}],"neow_cost":"NONE","seed_source_timestamp":4270334164790502,"circlet_count":0,"master_deck":["Strike_B","Defend_B","Defend_B","Defend_B","Defend_B","Zap","Dualcast","Core Surge","Redo","Echo Form+1","Gash","Chill","Gash","Chaos","Loop","Buffer+1","Leap+1","Gash+1","Gash","Seek"],"relics":["Cracked Core","Strawberry","Inserter","Happy Flower","Gremlin Horn"],"potions_floor_usage":[12,12,16,28,28,33],"damage_taken":[{"damage":3,"enemies":"Small Slimes","floor":1,"turns":3},{"damage":1,"enemies":"Cultist","floor":3,"turns":3},{"damage":2,"enemies":"2 Louse","floor":4,"turns":2},{"damage":24,"enemies":"Exordium Thugs","floor":5,"turns":4},{"damage":15,"enemies":"Blue Slaver","floor":7,"turns":4},{"damage":7,"enemies":"Red Slaver","floor":10,"turns":3},{"damage":31,"enemies":"Gremlin Nob","floor":12,"turns":5},{"damage":52,"enemies":"Hexaghost","floor":16,"turns":10},{"damage":8,"enemies":"Spheric Guardian","floor":18,"turns":4},{"damage":5,"enemies":"Chosen","floor":19,"turns":6},{"damage":11,"enemies":"Centurion and Healer","floor":20,"turns":8},{"damage":29,"enemies":"3 Cultists","floor":24,"turns":9},{"damage":1,"enemies":"Cultist and Chosen","floor":25,"turns":7},{"damage":4,"enemies":"Snecko","floor":28,"turns":5},{"damage":25,"enemies":"Shelled Parasite and Fungi","floor":30,"turns":8},{"damage":6,"enemies":"Cultist and Chosen","floor":31,"turns":6},{"damage":72,"enemies":"Collector","floor":33,"turns":7}],"seed_played":"8619298180816079368","potions_obtained":[{"floor":1,"key":"SkillPotion"},{"floor":3,"key":"EssenceOfSteel"},{"floor":10,"key":"LiquidBronze"},{"floor":18,"key":"FairyPotion"},{"floor":19,"key":"EssenceOfSteel"},{"floor":25,"key":"Fire Potion"},{"floor":29,"key":"SmokeBomb"},{"floor":29,"key":"SneckoOil"},{"floor":29,"key":"PowerPotion"}],"is_trial":false,"path_per_floor":["M","?","M","M","M","R","M","R","T","M","$","E","R","$","R","B",null,"M","M","M","?","$","R","M","M","T","R","M","?","M","M","R","B"],"character_chosen":"DEFECT","items_purchased":["Loop"],"campfire_rested":5,"item_purchase_floors":[11],"current_hp_per_floor":[72,72,71,69,45,67,52,52,52,45,45,21,45,45,69,17,82,74,69,58,58,58,58,29,28,28,52,48,48,23,17,41,0],"gold":139,"neow_bonus":"ONE_RANDOM_RARE_CARD","is_prod":false,"is_daily":false,"chose_seed":false,"campfire_upgraded":2,"win_rate":0,"timestamp":1549257109,"path_taken":["M","?","?","M","M","R","M","R","T","M","$","E","R","$","R","BOSS","M","M","?","?","?","R","M","M","T","R","?","?","M","M","R","BOSS"],"build_version":"2019-01-23","purchased_purges":3,"victory":false,"max_hp_per_floor":[75,75,75,75,75,75,75,75,75,75,75,82,82,82,82,82,82,82,82,82,82,82,82,82,82,82,82,82,82,82,82,82,82],"card_choices":[{"not_picked":["Beam Cell","Coolheaded"],"picked":"Redo","floor":1},{"not_picked":["Streamline","Compile Driver"],"picked":"Echo Form","floor":3},{"not_picked":["Fusion","White Noise"],"picked":"Gash","floor":4},{"not_picked":["Go for the Eyes","Compile Driver"],"picked":"Chill","floor":5},{"not_picked":["Barrage","Doom and Gloom"],"picked":"Gash","floor":7},{"not_picked":["Cold Snap","Stack"],"picked":"Chaos","floor":10},{"not_picked":["Go for the Eyes","Redo","Consume"],"picked":"SKIP","floor":12},{"not_picked":["Echo Form","Meteor Strike"],"picked":"Buffer","floor":16},{"not_picked":["Stack","Glacier+1"],"picked":"Leap+1","floor":18},{"not_picked":["Steam","Self Repair"],"picked":"Gash+1","floor":19},{"not_picked":["Reboot","Go for the Eyes","Fusion"],"picked":"SKIP","floor":20},{"not_picked":["Coolheaded+1","Undo","Recycle"],"picked":"SKIP","floor":24},{"not_picked":["Tempest","Rip and Tear"],"picked":"Gash","floor":25},{"not_picked":["Cold Snap+1","Stack","Turbo+1"],"picked":"SKIP","floor":28},{"not_picked":["Beam Cell+1","Go for the Eyes"],"picked":"Seek","floor":30},{"not_picked":["Leap","Reinforced Body","Rebound"],"picked":"SKIP","floor":31}],"player_experience":58935,"relics_obtained":[{"floor":12,"key":"Strawberry"},{"floor":26,"key":"Gremlin Horn"}],"event_choices":[{"cards_removed":["Strike_B"],"damage_healed":0,"gold_gain":0,"player_choice":"Purged","damage_taken":0,"max_hp_gain":0,"max_hp_loss":0,"event_name":"Purifier","floor":2,"gold_loss":0},{"damage_healed":0,"gold_gain":0,"player_choice":"Opened","damage_taken":0,"relics_obtained":["Happy Flower"],"max_hp_gain":0,"max_hp_loss":0,"event_name":"The Mausoleum","floor":21,"gold_loss":0,"cards_obtained":["Writhe"]},{"damage_healed":0,"gold_gain":0,"player_choice":"Got Potions","damage_taken":0,"max_hp_gain":0,"max_hp_loss":0,"event_name":"Lab","floor":29,"gold_loss":0}],"is_beta":false,"boss_relics":[{"not_picked":["Sozu","Velvet Choker"],"picked":"Inserter"}],"items_purged_floors":[11,14,22],"is_endless":false,"potions_floor_spawned":[1,3,10,18,19,25,30],"killed_by":"Collector","ascension_level":0}