{"gold_per_floor":[116,116,116,129,144,144,175,175,175,175,175,198,216,259,259,259],"floor_reached":16,"playtime":501,"items_purged":[],"score":110,"play_id":"944df13b-a54e-4fbf-a645-2ff87eeb9abe","local_time":"20181218052708","is_ascension_mode":false,"campfire_choices":[{"data":"Shrug It Off","floor":6,"key":"SMITH"},{"data":"Clash","floor":8,"key":"SMITH"},{"data":"Flex","floor":11,"key":"SMITH"},{"floor":15,"key":"REST"}],"neow_cost":"NONE","seed_source_timestamp":435888204666933,"circlet_count":0,"master_deck":["Strike_R","Strike_R","Strike_R","Strike_R","Strike_R","Defend_R","Defend_R","Defend_R","Defend_R","Bash","Clash+1","Shrug It Off+1","Flex+1"],"relics":["Burning Blood","Golden Idol","Pantograph","Centennial Puzzle","Art of War"],"potions_floor_usage":[13,14,16],"damage_taken":[{"damage":2,"enemies":"2 Louse","floor":1,"turns":3},{"damage":6,"enemies":"Cultist","floor":4,"turns":3},{"damage":6,"enemies":"Small Slimes","floor":5,"turns":3},{"damage":28,"enemies":"Lagavulin","floor":7,"turns":9},{"damage":30,"enemies":"Exordium Thugs","floor":12,"turns":6},{"damage":1,"enemies":"3 Louse","floor":13,"turns":3},{"damage":21,"enemies":"3 Sentries","floor":14,"turns":9},{"damage":106,"enemies":"Hexaghost","floor":16,"turns":9}],"seed_played":"-2780209452407063221","potions_obtained":[{"floor":12,"key":"Regen Potion"},{"floor":13,"key":"SteroidPotion"},{"floor":14,"key":"Regen Potion"}],"is_trial":false,"path_per_floor":["M","?","?","M","M","R","E","R","T","$","R","M","M","E","R","B"],"character_chosen":"IRONCLAD","items_purchased":[],"campfire_rested":1,"item_purchase_floors":[],"current_hp_per_floor":[88,88,88,88,88,88,66,66,66,66,66,42,56,41,67,0],"gold":259,"neow_bonus":"TEN_PERCENT_HP_BONUS","is_prod":false,"is_daily":false,"chose_seed":false,"campfire_upgraded":3,"win_rate":0,"timestamp":1545128828,"path_taken":["M","?","?","M","?","R","E","R","T","$","R","M","M","E","R","BOSS"],"build_version":"2018-12-13","purchased_purges":0,"victory":false,"max_hp_per_floor":[88,88,88,88,88,88,88,88,88,88,88,88,88,88,88,88],"card_choices":[{"not_picked":["Clothesline","Twin Strike","Uppercut"],"picked":"SKIP","floor":1},{"not_picked":["Flame Barrier","Armaments"],"picked":"Clash","floor":4},{"not_picked":["Armaments","Twin Strike"],"picked":"Shrug It Off","floor":5},{"not_picked":["Bludgeon","Dropkick"],"picked":"Flex","floor":7},{"not_picked":["Metallicize","Armaments","Reckless Charge"],"picked":"SKIP","floor":12},{"not_picked":["Uppercut","Shrug It Off","Dropkick"],"picked":"SKIP","floor":13},{"not_picked":["Combust","Sword Boomerang","Iron Wave"],"picked":"SKIP","floor":14}],"player_experience":321699,"relics_obtained":[{"floor":7,"key":"Pantograph"},{"floor":9,"key":"Centennial Puzzle"},{"floor":14,"key":"Art of War"}],"event_choices":[{"damage_healed":0,"gold_gain":0,"player_choice":"Take Wound","damage_taken":0,"relics_obtained":["Golden Idol"],"max_hp_gain":0,"max_hp_loss":0,"event_name":"Golden Idol","floor":2,"gold_loss":0,"cards_obtained":["Injury"]},{"cards_removed":["Injury"],"damage_healed":0,"gold_gain":0,"player_choice":"Removed Curses","damage_taken":0,"max_hp_gain":0,"max_hp_loss":0,"event_name":"Fountain of Cleansing","floor":3,"gold_loss":0}],"is_beta":false,"boss_relics":[],"items_purged_floors":[],"is_endless":false,"potions_floor_spawned":[12,13,14],"killed_by":"Hexaghost","ascension_level":0}