{"gold_per_floor":[117,135,152,170,170,170,182,182,207,226,226,237,249,92,92,191,191,161,161,161,61,61,61,61,61,61,61,61],"floor_reached":28,"playtime":1118,"items_purged":["Defend_R","Strike_R"],"score":286,"play_id":"c0ba37c4-6064-491e-98ed-1eb68f2a7207","local_time":"20180915140517","is_ascension_mode":false,"campfire_choices":[{"data":"Whirlwind","floor":6,"key":"SMITH"},{"data":"Limit Break","floor":15,"key":"SMITH"}],"neow_cost":"NONE","seed_source_timestamp":207361238316986,"circlet_count":0,"master_deck":["Strike_R","Strike_R","Strike_R","Strike_R","Defend_R","Spot Weakness","Whirlwind+1","Heavy Blade","Sword Boomerang","Twin Strike","Limit Break+1"],"relics":["Burning Blood","Centennial Puzzle","Ectoplasm","Oddly Smooth Stone","Letter Opener"],"potions_floor_usage":[10,16,16,22,23,23,25],"damage_taken":[{"damage":4,"enemies":"2 Louse","floor":1,"turns":3},{"damage":4,"enemies":"Small Slimes","floor":2,"turns":3},{"damage":5,"enemies":"Cultist","floor":3,"turns":4},{"damage":11,"enemies":"2 Fungi Beasts","floor":4,"turns":4},{"damage":19,"enemies":"Exordium Wildlife","floor":7,"turns":3},{"damage":5,"enemies":"Looter","floor":10,"turns":3},{"damage":16,"enemies":"Exordium Thugs","floor":12,"turns":3},{"damage":6,"enemies":"3 Louse","floor":13,"turns":2},{"damage":0,"enemies":"Slime Boss","floor":16,"turns":4},{"damage":20,"enemies":"2 Thieves","floor":18,"turns":2},{"damage":22,"enemies":"Shell Parasite","floor":20,"turns":4},{"damage":42,"enemies":"Snake Plant","floor":22,"turns":3},{"damage":8,"enemies":"Gremlin Leader","floor":23,"turns":5},{"damage":10,"enemies":"Cultist and Chosen","floor":25,"turns":3},{"damage":6,"enemies":"3 Cultists","floor":27,"turns":3},{"damage":45,"enemies":"Shelled Parasite and Fungi","floor":28,"turns":2}],"seed_played":"3065441217908831382","potions_obtained":[{"floor":1,"key":"Strength Potion"},{"floor":4,"key":"Block Potion"},{"floor":10,"key":"SpeedPotion"},{"floor":13,"key":"PowerPotion"},{"floor":16,"key":"Poison Potion"},{"floor":20,"key":"GamblersBrew"},{"floor":22,"key":"FairyPotion"},{"floor":23,"key":"AttackPotion"}],"is_trial":false,"path_per_floor":["M","M","M","M","?","R","M","?","T","M","?","M","M","$","R","B",null,"M","$","M","$","M","E","?","M","T","M"],"character_chosen":"IRONCLAD","items_purchased":["Limit Break"],"campfire_rested":0,"item_purchase_floors":[14],"current_hp_per_floor":[88,88,88,83,76,76,63,63,63,64,64,54,54,54,54,60,88,74,74,58,58,22,20,20,16,16,16,0],"gold":61,"neow_bonus":"TEN_PERCENT_HP_BONUS","is_prod":false,"is_daily":false,"chose_seed":false,"campfire_upgraded":2,"win_rate":0,"timestamp":1537034717,"path_taken":["M","M","M","M","?","R","M","?","T","M","?","M","M","$","R","BOSS","M","$","M","$","M","E","?","?","T","M","M"],"build_version":"2018-09-06","purchased_purges":2,"victory":false,"max_hp_per_floor":[88,88,88,88,88,88,88,88,88,88,88,88,88,88,88,88,88,88,88,88,88,88,88,88,88,88,88,88],"card_choices":[{"not_picked":["Hemokinesis","Rage","Sever Soul"],"picked":"SKIP","floor":1},{"not_picked":["Entrench","Havoc"],"picked":"Spot Weakness","floor":2},{"not_picked":["Seeing Red","Wild Strike"],"picked":"Whirlwind","floor":3},{"not_picked":["Thunderclap","Reckless Charge","Wild Strike"],"picked":"SKIP","floor":4},{"not_picked":["Shrug It Off","Infernal Blade","Feel No Pain"],"picked":"SKIP","floor":7},{"not_picked":["Shockwave","Armaments"],"picked":"Heavy Blade","floor":10},{"not_picked":["Flex","Hemokinesis"],"picked":"Sword Boomerang","floor":12},{"not_picked":["Dropkick","Entrench"],"picked":"Twin Strike","floor":13},{"not_picked":["Perfected Strike","Anger","Ghostly Armor+1"],"picked":"SKIP","floor":18},{"not_picked":["Havoc+1","Pummel","Iron Wave"],"picked":"SKIP","floor":20},{"not_picked":["Pommel Strike","Barricade","Clothesline"],"picked":"SKIP","floor":22},{"not_picked":["Sentinel","Second Wind+1","Power Through"],"picked":"SKIP","floor":23},{"not_picked":["Pommel Strike","Dual Wield+1","Headbutt"],"picked":"SKIP","floor":25},{"not_picked":["Perfected Strike","Fire Breathing","Body Slam"],"picked":"SKIP","floor":27}],"player_experience":147912,"relics_obtained":[{"floor":9,"key":"Centennial Puzzle"},{"floor":23,"key":"Oddly Smooth Stone"},{"floor":26,"key":"Letter Opener"}],"event_choices":[{"event_name":"Golden Wing","player_choice":"Card Removal","floor":5,"damage_taken":0},{"event_name":"Living Wall","player_choice":"Forget","floor":8,"damage_taken":0},{"event_name":"Bonfire Elementals","player_choice":"BASIC","floor":11,"damage_taken":0},{"event_name":"Ghosts","player_choice":"Ignored","floor":24,"damage_taken":0}],"is_beta":false,"boss_relics":[{"not_picked":["Fusion Hammer","Velvet Choker"],"picked":"Ectoplasm"}],"items_purged_floors":[14,21],"is_endless":false,"potions_floor_spawned":[1,4,10,13,16,20,22,23],"killed_by":"Shelled Parasite and Fungi","ascension_level":0}