{"path_per_floor":["M","M","?","?","M","E","R","E","T","?","M","R","$","M","R","B",null,"M","M","$","M","?","E","?","R","T","?","M","E","?","E","R","B",null,"M","M","$","?","?","E","R","E","T","R","T","?","E","M","R","B"],"character_chosen":"DEFECT","items_purchased":["Defragment","Happy Flower","Defragment"],"gold_per_floor":[112,125,200,200,212,242,242,270,318,342,354,354,93,107,107,204,204,214,225,125,143,143,176,176,176,176,176,187,212,212,244,244,349,349,365,379,183,183,0,29,29,60,60,60,60,114,149,159,159,159],"floor_reached":51,"campfire_rested":0,"playtime":2543,"item_purchase_floors":[13,13,37],"current_hp_per_floor":[68,68,57,57,57,51,51,51,51,25,19,19,19,19,19,19,75,66,59,59,59,59,56,56,56,56,56,46,35,35,42,42,42,82,82,82,82,82,82,78,78,76,76,76,76,76,78,78,78,78],"items_purged":["Strike_B","White Noise","Dualcast"],"gold":159,"score":1174,"play_id":"7647f2b7-7f8d-41ca-b2e9-991dc8ac8d35","local_time":"20180603161943","is_prod":false,"is_daily":false,"chose_seed":false,"is_ascension_mode":true,"campfire_upgraded":8,"win_rate":0,"timestamp":1528010383,"campfire_choices":[{"data":"Barrage","floor":7,"key":"SMITH"},{"data":"Defragment","floor":12,"key":"SMITH"},{"data":"Defragment","floor":15,"key":"SMITH"},{"data":"Chill","floor":25,"key":"SMITH"},{"data":"Blizzard","floor":32,"key":"SMITH"},{"data":"Defragment","floor":41,"key":"SMITH"},{"data":"Glacier","floor":44,"key":"SMITH"},{"data":"Capacitor","floor":49,"key":"SMITH"}],"path_taken":["M","M","?","?","M","E","R","E","T","?","M","R","$","M","R","BOSS","M","M","$","M","?","E","?","R","T","?","M","E","?","E","R","BOSS","M","M","$","?","?","E","R","E","T","R","?","?","E","M","R","BOSS"],"build_version":"2018-05-31","seed_source_timestamp":868483962106501,"purchased_purges":3,"victory":true,"master_deck":["Defend_B","Defend_B","Defend_B","Zap","Glacier","Ball Lightning","Barrage+1","Glacier+1","Blizzard+1","Defragment+1","Go for the Eyes","Defragment+1","Capacitor+1","Capacitor","Chill+1","Amplify","Defragment+1","Coolheaded+1"],"max_hp_per_floor":[75,75,75,75,75,75,75,75,75,75,75,75,75,75,75,75,75,75,75,75,75,75,75,75,75,75,75,75,75,75,82,82,82,82,82,82,82,82,82,82,82,82,82,82,82,82,92,92,92,92],"relics":["Cracked Core","Shuriken","Juzu Bracelet","Bag of Preparation","Odd Mushroom","Happy Flower","Cursed Key","Lantern","Pen Nib","Strawberry","Nuclear Battery","Red Mask","Bottled Lightning","Pear"],"card_choices":[{"not_picked":["Hologram","Streamline"],"picked":"Glacier","floor":1},{"not_picked":["Redo","Reboot"],"picked":"Ball Lightning","floor":2},{"not_picked":["Leap","Gash"],"picked":"Barrage","floor":5},{"not_picked":["Stack","Rip and Tear"],"picked":"Glacier","floor":6},{"not_picked":["Streamline","Machine Learning"],"picked":"Blizzard","floor":8},{"not_picked":["Ball Lightning","Skim"],"picked":"Defragment","floor":10},{"not_picked":["Hello World","Blizzard"],"picked":"Go for the Eyes","floor":11},{"not_picked":["Rebound","Leap"],"picked":"Capacitor","floor":14},{"not_picked":["Conserve Battery","Static Discharge","Ball Lightning"],"picked":"SKIP","floor":18},{"not_picked":["Reprogram","Cold Snap+1"],"picked":"Capacitor","floor":19},{"not_picked":["Redo+1","Conserve Battery","Double Energy"],"picked":"SKIP","floor":21},{"not_picked":["Auto Shields","Storm","Hello World"],"picked":"SKIP","floor":23},{"not_picked":["Fusion","Cold Snap","Go for the Eyes"],"picked":"SKIP","floor":28},{"not_picked":["Redo+1","Cold Snap","Coolheaded"],"picked":"SKIP","floor":29},{"not_picked":["Leap+1","Chaos","Steam+1"],"picked":"SKIP","floor":31},{"not_picked":["Rainbow","All For One"],"picked":"Amplify","floor":33},{"not_picked":["Consume+1","Hello World+1","Melter"],"picked":"SKIP","floor":35},{"not_picked":["Genetic Algorithm","Steam+1","Cold Snap+1"],"picked":"SKIP","floor":36},{"not_picked":["Chaos","Capacitor+1"],"picked":"Coolheaded+1","floor":40},{"not_picked":["Rebound","Conserve Battery+1","Scrape"],"picked":"SKIP","floor":42},{"not_picked":["Compile Driver+1","Reboot","Reinforced Body+1"],"picked":"SKIP","floor":47},{"not_picked":["Gash","Genetic Algorithm+1","Rebound"],"picked":"SKIP","floor":48}],"player_experience":478976,"potions_floor_usage":[6,16,23,28,29,50,50],"damage_taken":[{"damage":7,"enemies":"Jaw Worm","floor":1,"turns":3},{"damage":0,"enemies":"2 Louse","floor":2,"turns":1},{"damage":0,"enemies":"Cultist","floor":5,"turns":4},{"damage":6,"enemies":"3 Sentries","floor":6,"turns":7},{"damage":0,"enemies":"Lagavulin","floor":8,"turns":7},{"damage":26,"enemies":"The Mushroom Lair","floor":10,"turns":4},{"damage":6,"enemies":"Looter","floor":11,"turns":4},{"damage":0,"enemies":"Large Slime","floor":14,"turns":4},{"damage":0,"enemies":"Slime Boss","floor":16,"turns":7},{"damage":9,"enemies":"Shell Parasite","floor":18,"turns":5},{"damage":7,"enemies":"3 Byrds","floor":19,"turns":2},{"damage":0,"enemies":"Centurion and Healer","floor":21,"turns":8},{"damage":3,"enemies":"Book of Stabbing","floor":23,"turns":5},{"damage":10,"enemies":"Snake Plant","floor":28,"turns":4},{"damage":11,"enemies":"Slavers","floor":29,"turns":4},{"damage":0,"enemies":"Book of Stabbing","floor":31,"turns":5},{"damage":0,"enemies":"Champ","floor":33,"turns":10},{"damage":0,"enemies":"3 Darklings","floor":35,"turns":5},{"damage":0,"enemies":"3 Shapes","floor":36,"turns":6},{"damage":4,"enemies":"2 Orb Walkers","floor":40,"turns":6},{"damage":2,"enemies":"Nemesis","floor":42,"turns":6},{"damage":0,"enemies":"신비한 구체","floor":46,"turns":5},{"damage":8,"enemies":"Giant Head","floor":47,"turns":9},{"damage":0,"enemies":"3 Darklings","floor":48,"turns":4},{"damage":0,"enemies":"Time Eater","floor":50,"turns":11}],"relics_obtained":[{"floor":6,"key":"Shuriken"},{"floor":8,"key":"Juzu Bracelet"},{"floor":9,"key":"Bag of Preparation"},{"floor":10,"key":"Odd Mushroom"},{"floor":23,"key":"Lantern"},{"floor":29,"key":"Pen Nib"},{"floor":31,"key":"Strawberry"},{"floor":40,"key":"Bottled Lightning"},{"floor":47,"key":"Pear"}],"event_choices":[{"event_name":"World of Goop","player_choice":"Gather Gold","floor":3,"damage_taken":0},{"event_name":"Living Wall","player_choice":"Forget","floor":4,"damage_taken":0},{"event_name":"Mushrooms","player_choice":"Fought Mushrooms","floor":10,"damage_taken":0},{"event_name":"Cursed Tome","player_choice":"Ignored","floor":22,"damage_taken":0},{"event_name":"Transmorgrifier","player_choice":"Transform","floor":24,"damage_taken":0},{"event_name":"Drug Dealer","player_choice":"Ignored","floor":27,"damage_taken":0},{"event_name":"The Mausoleum","player_choice":"No","floor":30,"damage_taken":0},{"event_name":"Tomb of Lord Red Mask","player_choice":"Paid","floor":39,"damage_taken":0},{"event_name":"Mysterious Sphere","player_choice":"Fight","floor":46,"damage_taken":0}],"boss_relics":[{"not_picked":["Orrery","Lizard Tail"],"picked":"Cursed Key"},{"not_picked":["Philosopher\u0027s Stone","Runic Pyramid"],"picked":"Nuclear Battery"}],"items_purged_floors":[13,20,37],"potions_floor_spawned":[5,8,10,19,21,35,42],"seed_played":"4023612763656331856","ascension_level":2,"potions_obtained":[{"floor":5,"key":"SkillPotion"},{"floor":8,"key":"FearPotion"},{"floor":10,"key":"Explosive Potion"},{"floor":19,"key":"Block Potion"},{"floor":21,"key":"Block Potion"},{"floor":35,"key":"LiquidBronze"},{"floor":42,"key":"LiquidBronze"}],"is_trial":false}