{"gold_per_floor":[118,43,318,61,81,113,113,188,188,204,1,1,26,39,39,118,118,136,136,23,42,42,74,74,99,124,124,174,192,205,21,21,95,95,107,107,53,53,68,103,103,138,138,0,17,27,27,37,37,37],"floor_reached":51,"playtime":4769,"items_purged":["Regret","Defend_B"],"score":1382,"play_id":"03bd9ca0-4551-4493-b823-de4082e280b6","local_time":"20190130035122","is_ascension_mode":true,"campfire_choices":[{"data":"Defragment","floor":7,"key":"SMITH"},{"floor":15,"key":"REST"},{"data":"Defragment","floor":27,"key":"SMITH"},{"data":"Defragment","floor":32,"key":"SMITH"},{"data":"Dualcast","floor":41,"key":"SMITH"},{"data":"Seek","floor":49,"key":"SMITH"}],"neow_cost":"NONE","seed_source_timestamp":1007777789365675,"circlet_count":0,"master_deck":["AscendersBane","Zap+1","Dualcast+1","Defragment+1","FTL","BootSequence","Coolheaded","Capacitor","Ball Lightning","Creative AI","Self Repair","Electrodynamics","Defragment+1","Bite","Bite","Bite","Bite","Capacitor","Go for the Eyes","Leap+1","Chill","Defragment+1","Seek+1","White Noise+1","Storm+1","Stack+1","Defragment+1","Conserve Battery","Capacitor+1","Turbo+1"],"relics":["FrozenCore","Ancient Tea Set","Singing Bowl","Oddly Smooth Stone","Art of War","Centennial Puzzle","Dream Catcher","Astrolabe","Juzu Bracelet","DataDisk","Question Card","Red Mask"],"potions_floor_usage":[6,13,23,23,25,42,50,50],"damage_taken":[{"damage":4,"enemies":"Small Slimes","floor":1,"turns":4},{"damage":0,"enemies":"2 Louse","floor":5,"turns":2},{"damage":20,"enemies":"3 Sentries","floor":6,"turns":7},{"damage":1,"enemies":"Cultist","floor":10,"turns":3},{"damage":11,"enemies":"Gremlin Nob","floor":13,"turns":3},{"damage":2,"enemies":"Blue Slaver","floor":14,"turns":4},{"damage":19,"enemies":"Hexaghost","floor":16,"turns":9},{"damage":16,"enemies":"3 Byrds","floor":18,"turns":4},{"damage":25,"enemies":"Chosen","floor":21,"turns":6},{"damage":26,"enemies":"Slavers","floor":23,"turns":5},{"damage":13,"enemies":"Book of Stabbing","floor":25,"turns":6},{"damage":9,"enemies":"Snake Plant","floor":29,"turns":5},{"damage":12,"enemies":"Shelled Parasite and Fungi","floor":30,"turns":11},{"damage":16,"enemies":"Automaton","floor":33,"turns":8},{"damage":27,"enemies":"3 Darklings","floor":35,"turns":4},{"damage":12,"enemies":"Orb Walker","floor":39,"turns":3},{"damage":6,"enemies":"Giant Head","floor":40,"turns":8},{"damage":27,"enemies":"Reptomancer","floor":42,"turns":5},{"damage":5,"enemies":"Transient","floor":45,"turns":6},{"damage":3,"enemies":"Writhing Mass","floor":46,"turns":5},{"damage":0,"enemies":"Sphere and 2 Shapes","floor":48,"turns":4},{"damage":19,"enemies":"Time Eater","floor":50,"turns":9}],"seed_played":"4664817636346550178","potions_obtained":[{"floor":6,"key":"GamblersBrew"},{"floor":13,"key":"Ancient Potion"},{"floor":21,"key":"PowerPotion"},{"floor":23,"key":"Poison Potion"},{"floor":30,"key":"SteroidPotion"},{"floor":35,"key":"Poison Potion"},{"floor":39,"key":"Fire Potion"},{"floor":45,"key":"Regen Potion"},{"floor":48,"key":"Block Potion"}],"is_trial":false,"path_per_floor":["M","?","?","$","M","E","R","?","T","M","$","?","E","M","R","B",null,"M","?","$","M","?","E","?","E","T","R","?","M","M","$","R","B",null,"M","?","$","?","M","E","R","E","T","?","M","M","?","M","R","B",null],"character_chosen":"DEFECT","items_purchased":["Defragment","FTL","PowerPotion","Capacitor","Ball Lightning","PowerPotion","Capacitor","Go for the Eyes","Defragment","Conserve Battery"],"campfire_rested":1,"item_purchase_floors":[4,4,4,11,11,11,20,20,31,37],"current_hp_per_floor":[60,60,60,60,60,40,40,29,29,30,30,30,19,17,38,19,60,51,51,51,30,30,28,39,38,38,38,38,37,57,57,57,57,57,37,37,37,37,36,49,49,30,30,30,44,50,50,58,58,62],"gold":37,"neow_bonus":"UPGRADE_CARD","is_prod":false,"is_daily":false,"chose_seed":false,"campfire_upgraded":5,"win_rate":0,"timestamp":1548816682,"path_taken":["M","?","?","$","?","E","R","?","T","M","$","?","E","M","R","BOSS","M","?","$","M","?","E","?","E","T","R","?","?","M","$","R","BOSS","M","?","$","?","M","E","R","E","T","?","M","M","?","M","R","BOSS"],"build_version":"2019-01-23","purchased_purges":2,"victory":true,"max_hp_per_floor":[71,71,71,71,71,71,71,71,71,73,73,73,73,73,73,73,73,73,51,51,53,53,55,55,57,57,57,57,57,57,57,57,57,57,57,54,54,54,56,58,58,58,58,58,60,60,60,62,62,62],"card_choices":[{"not_picked":["Coolheaded","Turbo"],"picked":"Rebound","floor":1},{"not_picked":["Fusion","Ball Lightning"],"picked":"BootSequence","floor":5},{"not_picked":["Aggregate","Consume"],"picked":"Coolheaded","floor":6},{"not_picked":["Compile Driver","Steam","Lockon"],"picked":"Singing Bowl","floor":10},{"not_picked":["Beam Cell","Cold Snap"],"picked":"Creative AI","floor":13},{"not_picked":["Steam","Compile Driver"],"picked":"Self Repair","floor":14},{"not_picked":["Creative AI","Thunder Strike"],"picked":"Electrodynamics","floor":16},{"not_picked":["Chaos","Blizzard"],"picked":"Defragment","floor":18},{"not_picked":["Barrage","Turbo","Steam"],"picked":"Singing Bowl","floor":21},{"not_picked":["Streamline","Redo","BootSequence"],"picked":"Singing Bowl","floor":23},{"not_picked":["Beam Cell","Coolheaded","Hologram"],"picked":"Singing Bowl","floor":25},{"not_picked":["Streamline","Rip and Tear"],"picked":"Leap+1","floor":29},{"not_picked":["Gash","Steam"],"picked":"Chill","floor":30},{"not_picked":["Amplify","Thunder Strike"],"picked":"Seek","floor":33},{"not_picked":["BootSequence","Coolheaded"],"picked":"Defragment+1","floor":35},{"not_picked":["Hologram","BootSequence","Go for the Eyes+1"],"picked":"Singing Bowl","floor":39},{"not_picked":["Coolheaded+1","Force Field","Sweeping Beam"],"picked":"Singing Bowl","floor":40},{"not_picked":["Rebound","Defragment+1"],"picked":"Capacitor+1","floor":42},{"not_picked":["FTL","Genetic Algorithm+1","Cold Snap","Sunder"],"picked":"Singing Bowl","floor":45},{"not_picked":["Compile Driver","Leap","Loop"],"picked":"Turbo+1","floor":46},{"not_picked":["Sweeping Beam","Ball Lightning+1","Stack+1","Turbo"],"picked":"Singing Bowl","floor":48}],"player_experience":944261,"relics_obtained":[{"floor":6,"key":"Ancient Tea Set"},{"floor":9,"key":"Singing Bowl"},{"floor":13,"key":"Oddly Smooth Stone"},{"floor":23,"key":"Art of War"},{"floor":25,"key":"Centennial Puzzle"},{"floor":26,"key":"Dream Catcher"},{"floor":40,"key":"Juzu Bracelet"},{"floor":42,"key":"DataDisk"},{"floor":43,"key":"Question Card"}],"event_choices":[{"cards_removed":["Strike_B"],"damage_healed":0,"gold_gain":0,"player_choice":"Card Removal","damage_taken":0,"max_hp_gain":0,"max_hp_loss":0,"event_name":"The Cleric","floor":2,"gold_loss":75},{"damage_healed":0,"gold_gain":275,"player_choice":"Desecrate","damage_taken":0,"max_hp_gain":0,"max_hp_loss":0,"event_name":"Golden Shrine","floor":3,"gold_loss":0,"cards_obtained":["Regret"]},{"damage_healed":0,"gold_gain":75,"player_choice":"Gather Gold","damage_taken":11,"max_hp_gain":0,"max_hp_loss":0,"event_name":"World of Goop","floor":8,"gold_loss":0},{"damage_healed":0,"gold_gain":0,"player_choice":"Ignored","damage_taken":0,"max_hp_gain":0,"max_hp_loss":0,"event_name":"Liars Game","floor":12,"gold_loss":0},{"damage_healed":0,"gold_gain":0,"player_choice":"Became a vampire","damage_taken":0,"max_hp_gain":0,"max_hp_loss":22,"event_name":"Vampires","floor":19,"gold_loss":0,"cards_obtained":["Bite","Bite","Bite","Bite","Bite"]},{"damage_healed":0,"gold_gain":0,"player_choice":"Ignored","damage_taken":0,"max_hp_gain":0,"max_hp_loss":0,"event_name":"Ghosts","floor":22,"gold_loss":0},{"damage_healed":11,"gold_gain":0,"player_choice":"Heal","damage_taken":0,"max_hp_gain":0,"max_hp_loss":0,"event_name":"The Library","floor":24,"gold_loss":0},{"damage_healed":0,"gold_gain":50,"player_choice":"Stole From Cult","damage_taken":0,"max_hp_gain":0,"max_hp_loss":0,"event_name":"Nest","floor":28,"gold_loss":0},{"damage_healed":0,"gold_gain":0,"player_choice":"Max HP","damage_taken":0,"max_hp_gain":0,"max_hp_loss":3,"event_name":"Winding Halls","floor":36,"gold_loss":0},{"cards_removed":["Bite"],"damage_healed":0,"gold_gain":0,"player_choice":"Purged","damage_taken":0,"max_hp_gain":0,"max_hp_loss":0,"event_name":"Purifier","floor":38,"gold_loss":0},{"damage_healed":0,"gold_gain":0,"player_choice":"Paid","damage_taken":0,"relics_obtained":["Red Mask"],"max_hp_gain":0,"max_hp_loss":0,"event_name":"Tomb of Lord Red Mask","floor":44,"gold_loss":138},{"cards_removed":["Rebound"],"damage_healed":0,"gold_gain":0,"player_choice":"Removed Attack","damage_taken":0,"max_hp_gain":0,"max_hp_loss":0,"event_name":"Falling","floor":47,"gold_loss":0}],"is_beta":true,"boss_relics":[{"not_picked":["Orrery","Philosopher\u0027s Stone"],"picked":"FrozenCore"},{"not_picked":["Empty Cage","Calling Bell"],"picked":"Astrolabe"}],"items_purged_floors":[4,31],"is_endless":false,"potions_floor_spawned":[6,13,14,21,23,30,35,39,45,48],"ascension_level":18}