{"path_per_floor":["M","M","M","M","M","E","R","M","T","E","M","M","M","E","R","B",null,"M","$","?","M","M","E","R","$","T","M","$","?","M","?","R","B",null,"M","M","?","M","$","R","E","M","T","E","?","R","M","?","R","B"],"character_chosen":"IRONCLAD","items_purchased":["Fire Breathing","War Paint","Bag of Marbles","Battle Trance","Oddly Smooth Stone"],"gold_per_floor":[111,123,133,150,170,204,204,217,269,596,611,629,647,675,675,778,778,792,481,481,496,514,543,543,211,211,222,77,77,91,91,91,192,192,206,218,218,233,108,108,135,150,177,202,251,251,271,271,271,271],"floor_reached":51,"campfire_rested":3,"playtime":5589,"current_hp_per_floor":[80,80,80,80,79,78,78,80,80,75,80,80,80,70,70,45,80,70,70,70,78,76,49,49,49,49,54,54,38,31,13,41,30,95,83,91,79,69,69,69,77,85,85,39,20,63,57,57,95,84],"items_purged":["Strike_R","Body Slam","Iron Wave"],"gold":271,"score":803,"play_id":"9c02f4a5-0093-4809-9ab8-115b856abc30","local_time":"20180407173032","is_prod":false,"is_daily":false,"is_ascension_mode":false,"campfire_upgraded":4,"timestamp":1523115032,"path_taken":["M","M","?","M","M","E","R","M","T","E","M","?","M","E","R","BOSS","M","$","?","M","M","E","R","$","T","M","$","?","M","?","R","BOSS","M","M","?","M","$","R","E","M","T","E","?","R","M","?","R","BOSS"],"build_version":"2018-04-05v2","purchased_purges":3,"victory":true,"master_deck":["Strike_R+1","Strike_R+1","Strike_R+1","Defend_R+1","Defend_R+1","Defend_R+1","Defend_R+1","Bash","Rampage","Armaments+1","Pommel Strike+1","Ghostly Armor","Rampage","Body Slam+1","Armaments+1","Rage","Warcry+1","Demon Form","Fire Breathing","Heavy Blade","Body Slam+1","Battle Trance","Entrench+1","Necronomicurse","Shrug It Off","Barricade+1","Flame Barrier+1","Madness","Madness","True Grit+1","Flex+1","Disarm+1","Body Slam+1","Shrug It Off+1"],"max_hp_per_floor":[80,80,80,80,80,80,80,80,80,80,80,80,80,80,80,80,80,80,80,80,80,80,90,90,90,90,90,90,90,90,95,95,95,95,95,95,95,95,95,95,95,95,95,95,95,95,95,95,95,95],"relics":["Burning Blood","Anchor","Happy Flower","Old Coin","Blood Vial","Velvet Choker","War Paint","Pear","Bag of Marbles","Peace Pipe","Oddly Smooth Stone","Necronomicon","Black Star","Charon\u0027s Ashes","Champion Belt","Regal Pillow","Pen Nib","Bag of Preparation","Torii"],"card_choices":[{"not_picked":["Twin Strike","Flex"],"picked":"Armaments","floor":1},{"not_picked":["Headbutt","Limit Break"],"picked":"Pommel Strike","floor":2},{"not_picked":["Pummel","Rupture"],"picked":"Ghostly Armor","floor":3},{"not_picked":["Corruption","Clothesline"],"picked":"Rampage","floor":4},{"not_picked":["Flex","Headbutt"],"picked":"Body Slam","floor":5},{"not_picked":["Wild Strike","Rampage"],"picked":"Body Slam","floor":8},{"not_picked":["Sword Boomerang","Flex"],"picked":"Armaments","floor":10},{"not_picked":["Entrench","True Grit"],"picked":"Rage","floor":11},{"not_picked":["Entrench","Headbutt"],"picked":"Warcry","floor":12},{"not_picked":["Thunderclap","Feel No Pain"],"picked":"Iron Wave","floor":14},{"not_picked":["Double Tap","Dark Embrace"],"picked":"Demon Form","floor":16},{"not_picked":["Anger","Second Wind"],"picked":"Heavy Blade","floor":21},{"not_picked":["Shrug It Off","Double Tap"],"picked":"Body Slam","floor":22},{"not_picked":["Body Slam","True Grit"],"picked":"Entrench","floor":27},{"not_picked":["Carnage","Cleave"],"picked":"Shrug It Off","floor":30},{"not_picked":["Brutality","Reaper"],"picked":"Barricade","floor":33},{"not_picked":["Clothesline","Pommel Strike"],"picked":"Flame Barrier","floor":36},{"not_picked":["Body Slam","Fire Breathing"],"picked":"True Grit","floor":38},{"not_picked":["Armaments","Berserk"],"picked":"Flex","floor":41},{"not_picked":["Hemokinesis","Searing Blow"],"picked":"Disarm","floor":44},{"not_picked":["Sword Boomerang","Clothesline"],"picked":"Body Slam","floor":45},{"not_picked":["Twin Strike","Flex"],"picked":"Shrug It Off","floor":47}],"player_experience":65922,"potions_floor_usage":[6,14,16,16,16,22,23,33,41,45,50],"damage_taken":[{"damage":1,"enemies":"Cultist","floor":1,"turns":3},{"damage":0,"enemies":"Small Slimes","floor":2,"turns":3},{"damage":1,"enemies":"Jaw Worm","floor":3,"turns":3},{"damage":5,"enemies":"3 Louse","floor":4,"turns":5},{"damage":7,"enemies":"Large Slime","floor":5,"turns":7},{"damage":21,"enemies":"3 Sentries","floor":6,"turns":9},{"damage":2,"enemies":"Exordium Wildlife","floor":8,"turns":4},{"damage":11,"enemies":"Gremlin Nob","floor":10,"turns":5},{"damage":0,"enemies":"Lots of Slimes","floor":11,"turns":4},{"damage":0,"enemies":"Looter","floor":12,"turns":3},{"damage":0,"enemies":"2 Fungi Beasts","floor":13,"turns":4},{"damage":16,"enemies":"Lagavulin","floor":14,"turns":7},{"damage":33,"enemies":"Slime Boss","floor":16,"turns":16},{"damage":16,"enemies":"Chosen","floor":18,"turns":6},{"damage":0,"enemies":"2 Thieves","floor":21,"turns":4},{"damage":10,"enemies":"Cultist and Chosen","floor":22,"turns":6},{"damage":48,"enemies":"Gremlin Leader","floor":23,"turns":5},{"damage":3,"enemies":"Snake Plant","floor":27,"turns":5},{"damage":15,"enemies":"Centurion and Healer","floor":30,"turns":4},{"damage":19,"enemies":"Champ","floor":33,"turns":9},{"damage":18,"enemies":"3 Darklings","floor":35,"turns":8},{"damage":0,"enemies":"3 Shapes","floor":36,"turns":3},{"damage":18,"enemies":"Maw","floor":38,"turns":8},{"damage":0,"enemies":"Giant Head","floor":41,"turns":7},{"damage":0,"enemies":"4 Shapes","floor":42,"turns":7},{"damage":54,"enemies":"2 Orb Walkers","floor":44,"turns":5},{"damage":27,"enemies":"Mysterious Sphere","floor":45,"turns":6},{"damage":14,"enemies":"3 Darklings","floor":47,"turns":6},{"damage":17,"enemies":"Donu and Deca","floor":50,"turns":10}],"event_choices":[{"event_name":"Back to Basics","player_choice":"Simplicity","floor":20,"damage_taken":0},{"event_name":"Cursed Tome","player_choice":"Obtained Book","floor":29,"damage_taken":0},{"event_name":"Forgotten Altar","player_choice":"Shed Blood","floor":31,"damage_taken":0},{"event_name":"Winding Halls","player_choice":"Embrace Madness","floor":37,"damage_taken":0},{"event_name":"Mysterious Sphere","player_choice":"Fight","floor":45,"damage_taken":0},{"event_name":"Upgrade Shrine","player_choice":"Upgraded","floor":48,"damage_taken":0}],"boss_relics":[{"not_picked":["Eternal Feather","Runic Dome"],"picked":"Velvet Choker"},{"not_picked":["Lizard Tail","Tiny House"],"picked":"Black Star"}],"potions_floor_spawned":[2,4,6,10,12,13,14,16,18,21,33,35,38,41,42],"seed_played":"-3232064675805507774","ascension_level":0,"is_trial":false}