{"gold_per_floor":[109,127,142,156,156,186,174,186,186,186],"floor_reached":10,"playtime":634,"items_purged":[],"score":129,"play_id":"f46de089-af09-48ee-a934-2d7b61f5ddda","local_time":"20190216224419","is_ascension_mode":true,"campfire_choices":[],"neow_cost":"TEN_PERCENT_HP_LOSS","seed_source_timestamp":909989095006900,"circlet_count":0,"master_deck":["Strike_R","Strike_R","Strike_R","Strike_R","Strike_R","Defend_R","Defend_R","Defend_R","Defend_R","Bash","Feed+1","Feel No Pain","True Grit","Dual Wield","Iron Wave","Cleave","Impervious","True Grit"],"relics":["Burning Blood","Oddly Smooth Stone","Paper Frog"],"potions_floor_usage":[6,10],"damage_taken":[{"damage":1,"enemies":"Small Slimes","floor":1,"turns":5},{"damage":6,"enemies":"Cultist","floor":2,"turns":4},{"damage":17,"enemies":"Jaw Worm","floor":3,"turns":6},{"damage":1,"enemies":"Exordium Wildlife","floor":4,"turns":6},{"damage":24,"enemies":"3 Sentries","floor":6,"turns":14},{"damage":11,"enemies":"Exordium Thugs","floor":7,"turns":4},{"damage":38,"enemies":"Large Slime","floor":8,"turns":10},{"damage":38,"enemies":"Lagavulin","floor":10,"turns":7}],"seed_played":"5482550654780085224","potions_obtained":[{"floor":1,"key":"AttackPotion"},{"floor":2,"key":"LiquidBronze"},{"floor":6,"key":"Strength Potion"},{"floor":8,"key":"Dexterity Potion"}],"is_trial":false,"path_per_floor":["M","M","M","M","?","E","M","M","T","E"],"character_chosen":"IRONCLAD","items_purchased":[],"campfire_rested":0,"item_purchase_floors":[],"current_hp_per_floor":[75,78,70,81,81,67,62,38,38,0],"gold":186,"neow_bonus":"THREE_RARE_CARDS","is_prod":false,"is_daily":false,"chose_seed":false,"campfire_upgraded":0,"win_rate":0,"timestamp":1550385859,"path_taken":["M","M","M","M","?","E","M","M","T","E"],"build_version":"2019-01-23","purchased_purges":0,"victory":false,"max_hp_per_floor":[75,78,81,87,87,91,91,99,99,99],"card_choices":[{"not_picked":["Dark Embrace","Impervious"],"picked":"Feed","floor":0},{"not_picked":["Dropkick","Havoc"],"picked":"Feel No Pain","floor":1},{"not_picked":["Perfected Strike","Pommel Strike"],"picked":"True Grit","floor":2},{"not_picked":["Carnage","Anger"],"picked":"Dual Wield","floor":3},{"not_picked":["Pommel Strike","Perfected Strike"],"picked":"Iron Wave","floor":4},{"not_picked":["Burning Pact","Sword Boomerang"],"picked":"Cleave","floor":6},{"not_picked":["Wild Strike","Perfected Strike"],"picked":"Impervious","floor":7},{"not_picked":["Combust","Heavy Blade"],"picked":"True Grit","floor":8}],"player_experience":717163,"relics_obtained":[{"floor":6,"key":"Oddly Smooth Stone"},{"floor":9,"key":"Paper Frog"}],"event_choices":[{"damage_healed":0,"gold_gain":0,"player_choice":"Upgraded","damage_taken":0,"max_hp_gain":0,"max_hp_loss":0,"event_name":"Upgrade Shrine","floor":5,"gold_loss":0,"cards_upgraded":["Feed"]}],"is_beta":false,"boss_relics":[],"items_purged_floors":[],"is_endless":false,"potions_floor_spawned":[1,2,6,8],"killed_by":"Lagavulin","ascension_level":9}