{"gold_per_floor":[113,188,155,172,184,215,231,231,231,256,273,273,302,577,577,677,677,694,578,568,578,578,578,578,610,610,535,535,314,314,327,327,327],"floor_reached":33,"playtime":2236,"items_purged":["Regret"],"score":318,"play_id":"e389b8dc-955e-4641-80c9-ab3f36d0a1c2","local_time":"20190225131248","is_ascension_mode":true,"campfire_choices":[{"floor":8,"key":"RECALL"},{"data":"Rage","floor":12,"key":"SMITH"},{"data":"Armaments","floor":15,"key":"SMITH"},{"floor":24,"key":"REST"},{"data":"Perfected Strike","floor":30,"key":"SMITH"},{"data":"Perfected Strike","floor":32,"key":"SMITH"}],"neow_cost":"NONE","seed_source_timestamp":306507236379942,"circlet_count":0,"master_deck":["Strike_R","Strike_R","Strike_R","Strike_R","Strike_R","Defend_R","Defend_R","Defend_R","Defend_R","Bash","Thunderclap","Fire Breathing","Flex","Perfected Strike+1","Armaments+1","Fire Breathing","Rage+1","Perfected Strike+1","Reaper","Twin Strike","Metallicize","Wild Strike","Twin Strike","Pommel Strike","Flame Barrier","Ghostly Armor+1"],"relics":["Burning Blood","NeowsBlessing","FossilizedHelix","Pantograph","Bottled Tornado","Meat on the Bone","Lizard Tail","Lantern","Vajra","MutagenicStrength","Bag of Marbles"],"potions_floor_usage":[10,16,16,20,23,33],"damage_taken":[{"damage":0,"enemies":"2 Louse","floor":1,"turns":1},{"damage":0,"enemies":"Cultist","floor":4,"turns":1},{"damage":0,"enemies":"Jaw Worm","floor":5,"turns":1},{"damage":40,"enemies":"3 Sentries","floor":6,"turns":7},{"damage":7,"enemies":"3 Louse","floor":7,"turns":3},{"damage":13,"enemies":"Lagavulin","floor":10,"turns":4},{"damage":0,"enemies":"Looter","floor":11,"turns":2},{"damage":25,"enemies":"3 Sentries","floor":13,"turns":5},{"damage":46,"enemies":"The Guardian","floor":16,"turns":8},{"damage":49,"enemies":"Shell Parasite","floor":18,"turns":8},{"damage":31,"enemies":"2 Thieves","floor":20,"turns":4},{"damage":25,"enemies":"Snake Plant","floor":21,"turns":3},{"damage":20,"enemies":"Slavers","floor":23,"turns":2},{"damage":108,"enemies":"Gremlin Leader","floor":25,"turns":6},{"damage":18,"enemies":"Sentry and Sphere","floor":31,"turns":5},{"damage":77,"enemies":"Champ","floor":33,"turns":9}],"seed_played":"4971668299552039898","potions_obtained":[{"floor":4,"key":"AttackPotion"},{"floor":7,"key":"Swift Potion"},{"floor":10,"key":"Ancient Potion"},{"floor":13,"key":"FearPotion"},{"floor":18,"key":"SmokeBomb"},{"floor":31,"key":"Ancient Potion"}],"is_trial":false,"path_per_floor":["M","?","$","M","M","E","M","R","T","E","M","R","E","?","R","B",null,"M","$","M","M","?","E","R","E","T","?","?","$","R","M","R","B"],"character_chosen":"IRONCLAD","items_purchased":["Fire Breathing","Metallicize","Bag of Marbles","Flame Barrier"],"campfire_rested":1,"item_purchase_floors":[3,19,29,29],"current_hp_per_floor":[80,72,72,78,80,46,45,45,45,38,44,44,25,25,25,22,80,49,49,44,37,37,35,59,31,31,31,31,31,31,31,31,0],"gold":327,"neow_bonus":"THREE_ENEMY_KILL","is_prod":false,"is_daily":false,"chose_seed":false,"campfire_upgraded":4,"win_rate":0,"timestamp":1551111168,"path_taken":["M","?","$","M","?","E","?","R","T","E","M","R","E","?","R","BOSS","M","$","M","?","?","E","R","E","T","?","?","?","R","M","R","BOSS"],"build_version":"2019-01-23","purchased_purges":1,"victory":false,"max_hp_per_floor":[80,80,80,80,80,80,80,80,80,80,80,80,80,80,80,80,80,80,80,80,80,80,80,80,80,80,80,80,80,80,80,80,80],"card_choices":[{"not_picked":["Flex","Shrug It Off"],"picked":"Thunderclap","floor":1},{"not_picked":["Twin Strike","Bloodletting"],"picked":"Flex","floor":4},{"not_picked":["True Grit","Iron Wave"],"picked":"Perfected Strike","floor":5},{"not_picked":["Hemokinesis","Wild Strike"],"picked":"Combust","floor":6},{"not_picked":["Cleave","Rampage"],"picked":"Armaments","floor":7},{"not_picked":["Heavy Blade","Seeing Red"],"picked":"Fire Breathing","floor":10},{"not_picked":["Intimidate","Iron Wave"],"picked":"Rage","floor":11},{"not_picked":["Heavy Blade","Disarm"],"picked":"Perfected Strike","floor":13},{"not_picked":["Berserk","Offering"],"picked":"Reaper","floor":16},{"not_picked":["Iron Wave","Sword Boomerang"],"picked":"Twin Strike","floor":18},{"not_picked":["Warcry","Uppercut"],"picked":"Wild Strike","floor":20},{"not_picked":["Sword Boomerang+1","Warcry"],"picked":"Twin Strike","floor":21},{"not_picked":["Brutality","Spot Weakness"],"picked":"Pommel Strike","floor":25},{"not_picked":["Wild Strike","Spot Weakness+1"],"picked":"Ghostly Armor+1","floor":31}],"player_experience":125317,"relics_obtained":[{"floor":6,"key":"FossilizedHelix"},{"floor":9,"key":"Pantograph"},{"floor":10,"key":"Bottled Tornado"},{"floor":13,"key":"Meat on the Bone"},{"floor":25,"key":"Lantern"},{"floor":26,"key":"Vajra"}],"event_choices":[{"damage_healed":0,"gold_gain":75,"player_choice":"Touch","damage_taken":8,"max_hp_gain":0,"max_hp_loss":0,"event_name":"FaceTrader","floor":2,"gold_loss":0},{"damage_healed":0,"gold_gain":275,"player_choice":"Desecrate","damage_taken":0,"max_hp_gain":0,"max_hp_loss":0,"event_name":"Golden Shrine","floor":14,"gold_loss":0,"cards_obtained":["Regret"]},{"damage_healed":0,"gold_gain":0,"player_choice":"Ignored","damage_taken":0,"max_hp_gain":0,"max_hp_loss":0,"event_name":"Vampires","floor":22,"gold_loss":0},{"cards_removed":["Combust"],"damage_healed":0,"gold_gain":0,"player_choice":"Gave Gold","damage_taken":0,"max_hp_gain":0,"max_hp_loss":0,"event_name":"Beggar","floor":27,"gold_loss":75},{"damage_healed":0,"gold_gain":0,"player_choice":"Inject Mutagens","damage_taken":0,"relics_obtained":["MutagenicStrength"],"max_hp_gain":0,"max_hp_loss":0,"event_name":"Drug Dealer","floor":28,"gold_loss":0}],"is_beta":false,"boss_relics":[{"not_picked":["Cursed Key","Pandora\u0027s Box"],"picked":"Lizard Tail"}],"items_purged_floors":[19],"is_endless":false,"potions_floor_spawned":[4,7,10,13,18,23,31],"killed_by":"Champ","ascension_level":1}