{"gold_per_floor":[115,190,190,210,210,210,245,258,258,258,270,270,302,322,322,395,395,405,423,19,19,19,50,50,75,150,150,69,84,84,96,96,170,170,180,191,191,205,20,20,47,47,47,59,159,159,2,13,13,13,13],"floor_reached":52,"playtime":2545,"items_purged":["Strike_G"],"score":1956,"play_id":"081e5097-318b-4bf1-86d7-a92ee9a5d081","local_time":"20181107010602","is_ascension_mode":true,"campfire_choices":[{"floor":6.0,"key":"REST"},{"data":"Phantasmal Killer","floor":10.0,"key":"SMITH"},{"data":"Neutralize","floor":12.0,"key":"SMITH"},{"floor":15.0,"key":"REST"},{"floor":24,"key":"REST"},{"data":"Adrenaline","floor":27,"key":"SMITH"},{"floor":30,"key":"REST"},{"data":"Terror","floor":32,"key":"SMITH"},{"floor":40,"key":"REST"},{"data":"Tools of the Trade","floor":42,"key":"SMITH"},{"floor":49,"key":"REST"}],"neow_cost":"NONE","seed_source_timestamp":450819153457393,"circlet_count":0,"master_deck":["AscendersBane","Defend_G+1","Defend_G+1","Defend_G+1","Defend_G+1","Neutralize+1","Blur","Phantasmal Killer+1","Riddle With Holes","Well Laid Plans","Infinite Blades","Adrenaline+1","Backstab","Leg Sweep","Backflip","Malaise","Terror+1","Blur","Tools of the Trade+1","Choke+1","Doppelganger+1","Unload+1","Flash of Steel","Well Laid Plans","Blur","Dramatic Entrance","Leg Sweep"],"special_seed":0,"relics":["Ring of the Snake","NeowsBlessing","Pen Nib","Vajra","Ninja Scroll","Lantern","WristBlade","Oddly Smooth Stone","Anchor","Art of War","Peace Pipe","Gremlin Horn","Astrolabe","Omamori","Kunai","Pantograph","Girya"],"potions_floor_usage":[23,25,33,44,48,50,50],"damage_taken":[{"damage":0.0,"enemies":"Cultist","floor":1.0,"turns":1.0},{"damage":0.0,"enemies":"Small Slimes","floor":4.0,"turns":1.0},{"damage":0.0,"enemies":"Lagavulin","floor":7.0,"turns":1.0},{"damage":7.0,"enemies":"2 Louse","floor":8.0,"turns":3.0},{"damage":0.0,"enemies":"Gremlin Gang","floor":11.0,"turns":1.0},{"damage":6.0,"enemies":"Gremlin Nob","floor":13.0,"turns":3.0},{"damage":7.0,"enemies":"3 Louse","floor":14.0,"turns":3.0},{"damage":48.0,"enemies":"Slime Boss","floor":16.0,"turns":10.0},{"damage":17.0,"enemies":"2 Thieves","floor":18.0,"turns":3.0},{"damage":0.0,"enemies":"3 Byrds","floor":19.0,"turns":5.0},{"damage":0,"enemies":"Gremlin Leader","floor":23,"turns":2},{"damage":13,"enemies":"Book of Stabbing","floor":25,"turns":4},{"damage":0,"enemies":"Cultist and Chosen","floor":29,"turns":3},{"damage":0,"enemies":"Centurion and Healer","floor":31,"turns":4},{"damage":38,"enemies":"Collector","floor":33,"turns":8},{"damage":0,"enemies":"Orb Walker","floor":35,"turns":3},{"damage":0,"enemies":"3 Darklings","floor":36,"turns":6},{"damage":7,"enemies":"Jaw Worm Horde","floor":38,"turns":4},{"damage":0,"enemies":"Nemesis","floor":41,"turns":5},{"damage":43,"enemies":"Transient","floor":44,"turns":6},{"damage":0,"enemies":"Mind Bloom Boss Battle","floor":45,"turns":6},{"damage":30,"enemies":"Writhing Mass","floor":48,"turns":4},{"damage":3,"enemies":"Time Eater","floor":50,"turns":14},{"damage":51,"enemies":"Awakened One","floor":51,"turns":27}],"seed_played":"-7445490098739685057","potions_obtained":[{"floor":8.0,"key":"SteroidPotion"},{"floor":11.0,"key":"Poison Potion"},{"floor":14.0,"key":"Regen Potion"},{"floor":16.0,"key":"Strength Potion"},{"floor":18.0,"key":"EssenceOfSteel"},{"floor":25,"key":"Weak Potion"},{"floor":38,"key":"Weak Potion"},{"floor":45,"key":"SteroidPotion"},{"floor":48,"key":"LiquidBronze"}],"is_trial":false,"path_per_floor":["M","?","?","M","?","R","E","M","T","R","M","R","E","M","R","B",null,"M","M","$","?","?","E","R","E","T","R","$","M","R","M","R","B",null,"M","M","?","M","$","R","E","R","T","M","?","?","$","M","R","B","B",null],"character_chosen":"THE_SILENT","items_purchased":["Oddly Smooth Stone","Anchor","Terror","Flash of Steel","Well Laid Plans","Dramatic Entrance","PowerPotion"],"campfire_rested":6,"item_purchase_floors":[20,20,28,39,39,47,47],"current_hp_per_floor":[59,48,37,37,37,56,56,49,49,49,49,49,43,36,55,19,54,37,37,37,37,37,37,56,43,43,43,43,43,62,62,62,24,56,56,56,56,49,49,66,66,66,66,23,48,48,48,18,37,59,15],"gold":13,"neow_bonus":"THREE_ENEMY_KILL","is_prod":false,"is_daily":false,"chose_seed":false,"campfire_upgraded":5,"win_rate":0,"timestamp":1541581562,"path_taken":["M","?","?","M","?","R","E","M","T","R","M","R","E","M","R","BOSS","M","M","$","?","?","E","R","E","T","R","$","M","R","M","R","BOSS","M","?","?","?","$","R","E","R","T","M","?","?","$","M","R","BOSS","BOSS"],"build_version":"2018-11-01","purchased_purges":1,"victory":true,"max_hp_per_floor":[66,66,66,66,66,66,66,66,66,66,66,66,66,66,66,66,66,66,66,66,66,66,66,66,66,66,66,66,66,66,66,66,66,66,66,66,66,66,66,66,66,66,66,66,66,66,66,66,66,66,66],"card_choices":[{"not_picked":["Dagger Spray","Slice","Underhanded Strike"],"picked":"SKIP","floor":1.0},{"not_picked":["Sucker Punch","Eviscerate"],"picked":"Blur","floor":4.0},{"not_picked":["Flying Knee","Sucker Punch"],"picked":"Riddle With Holes","floor":7.0},{"not_picked":["Catalyst","Masterful Stab","Dodge and Roll"],"picked":"SKIP","floor":8.0},{"not_picked":["Dodge and Roll","Catalyst","Prepared"],"picked":"SKIP","floor":11.0},{"not_picked":["Skewer","Deflect"],"picked":"Well Laid Plans","floor":13.0},{"not_picked":["Dagger Throw","Finisher"],"picked":"Infinite Blades","floor":14.0},{"not_picked":["Burst","Grand Finale"],"picked":"Adrenaline","floor":16.0},{"not_picked":["Expertise","Quick Slash"],"picked":"Backstab","floor":18.0},{"not_picked":["Blade Dance","Masterful Stab"],"picked":"Leg Sweep","floor":19.0},{"not_picked":["Blade Dance","Bane"],"picked":"Backflip","floor":23},{"not_picked":["Cloak And Dagger","Slice"],"picked":"Malaise","floor":25},{"not_picked":["Slice","Dodge and Roll"],"picked":"Blur","floor":29},{"not_picked":["Calculated Gamble","Caltrops","Prepared"],"picked":"SKIP","floor":31},{"not_picked":["Night Terror","Phantasmal Killer"],"picked":"Tools of the Trade","floor":33},{"not_picked":["Concentrate","Blade Dance","Crippling Poison"],"picked":"SKIP","floor":35},{"not_picked":["Acrobatics","Tactician","Outmaneuver+1"],"picked":"SKIP","floor":36},{"not_picked":["Sucker Punch","Deadly Poison","Bouncing Flask+1"],"picked":"SKIP","floor":38},{"not_picked":["Caltrops+1","Dodge and Roll","Flying Knee"],"picked":"SKIP","floor":41},{"not_picked":["Setup","Dash"],"picked":"Blur","floor":44},{"not_picked":["Poisoned Stab+1","Quick Slash"],"picked":"Leg Sweep","floor":48}],"player_experience":622111,"relics_obtained":[{"floor":7.0,"key":"Vajra"},{"floor":9.0,"key":"Ninja Scroll"},{"floor":13.0,"key":"Lantern"},{"floor":23,"key":"Art of War"},{"floor":25,"key":"Peace Pipe"},{"floor":26,"key":"Gremlin Horn"},{"floor":37,"key":"Omamori"},{"floor":41,"key":"Kunai"},{"floor":43,"key":"Pantograph"},{"floor":45,"key":"Girya"}],"event_choices":[{"damage_healed":0.0,"max_hp_gain":0.0,"max_hp_loss":0.0,"gold_gain":75.0,"event_name":"World of Goop","player_choice":"Gather Gold","floor":2.0,"gold_loss":0.0,"damage_taken":11.0},{"damage_healed":0.0,"max_hp_gain":0.0,"max_hp_loss":0.0,"gold_gain":0.0,"event_name":"Scrap Ooze","player_choice":"Success","floor":3.0,"gold_loss":0.0,"damage_taken":11.0,"relics_obtained":["Pen Nib"]},{"damage_healed":0.0,"max_hp_gain":0.0,"max_hp_loss":0.0,"gold_gain":0.0,"cards_transformed":["Defend_G"],"event_name":"Living Wall","player_choice":"Change","floor":5.0,"gold_loss":0.0,"damage_taken":0.0,"cards_obtained":["Phantasmal Killer"]},{"damage_healed":0.0,"max_hp_gain":0.0,"max_hp_loss":0.0,"gold_gain":0.0,"event_name":"Back to Basics","player_choice":"Simplicity","floor":21.0,"gold_loss":0.0,"damage_taken":0.0,"cards_upgraded":["Defend_G","Defend_G","Defend_G","Defend_G","Strike_G","Strike_G","Strike_G","Strike_G"]},{"cards_removed":["Strike_G"],"damage_healed":0.0,"max_hp_gain":0.0,"max_hp_loss":0.0,"gold_gain":0.0,"event_name":"Purifier","player_choice":"Purged","floor":22.0,"gold_loss":0.0,"damage_taken":0.0},{"damage_healed":0,"gold_gain":0,"player_choice":"Relic","damage_taken":0,"max_hp_gain":0,"max_hp_loss":0,"event_name":"Wheel of Change","floor":37,"gold_loss":0},{"damage_healed":0,"gold_gain":0,"player_choice":"Fight","damage_taken":0,"max_hp_gain":0,"max_hp_loss":0,"event_name":"MindBloom","floor":45,"gold_loss":0},{"cards_removed":["Survivor"],"damage_healed":0,"gold_gain":0,"player_choice":"Purged","damage_taken":0,"max_hp_gain":0,"max_hp_loss":0,"event_name":"Purifier","floor":46,"gold_loss":0}],"is_beta":false,"boss_relics":[{"not_picked":["Coffee Dripper","Philosopher\u0027s Stone"],"picked":"WristBlade"},{"not_picked":["Pandora\u0027s Box","Lizard Tail"],"picked":"Astrolabe"}],"items_purged_floors":[20],"is_endless":false,"potions_floor_spawned":[8,11,14,16,18,19,25,38,45,48],"ascension_level":20}