{"gold_per_floor":[110,17,34,54,74,74,90,90,90,129,141,164,176,220,232,315,327,355,380,19,19,19,19,44,44,44,5,5,15,15,50,50,129,129,149,159,159,0,0,30,49,49,49,49,82,82,82,95,95,95],"floor_reached":50,"playtime":3219,"items_purged":["Strike_G"],"score":981,"play_id":"fa006134-308f-4583-8ab8-e780462cb717","local_time":"20180808192503","is_ascension_mode":true,"campfire_choices":[{"data":"Neutralize","floor":6,"key":"SMITH"},{"data":"Skewer","floor":8,"key":"SMITH"},{"floor":11,"key":"REST"},{"data":"Predator","floor":13,"key":"SMITH"},{"floor":15,"key":"REST"},{"floor":23,"key":"REST"},{"floor":25,"key":"REST"},{"data":"Footwork","floor":28,"key":"SMITH"},{"floor":32,"key":"REST"},{"floor":42,"key":"REST"},{"data":"After Image","floor":44,"key":"SMITH"},{"floor":46,"key":"REST"},{"floor":49,"key":"REST"}],"neow_cost":"NONE","seed_source_timestamp":2420703910190928,"circlet_count":0,"master_deck":["Defend_G","Defend_G","Defend_G","Defend_G","Defend_G","Strike_G","Strike_G","Strike_G","Strike_G","Survivor","Neutralize+1","AscendersBane","Dagger Spray","Quick Slash","Deadly Poison+1","Underhanded Strike","Skewer+1","PiercingWail+1","Predator+1","Infinite Blades","After Image+1","Backflip+1","Footwork+1","Backflip","Dodge and Roll","RitualDagger","Writhe","Crippling Poison+1","Backstab","Reflex+1","Decay","Noxious Fumes+1","Adrenaline+1","Expertise+1","Leg Sweep+1","Cloak And Dagger+1","Dodge and Roll+1"],"relics":["Ring of the Snake","MawBank","War Paint","Mercury Hourglass","HoveringKite","Bag of Marbles","Blood Vial","Toxic Egg 2","Bottled Flame","Ninja Scroll","Black Star","Red Mask","Smiling Mask","The Courier","Oddly Smooth Stone","Anchor","Snake Skull"],"potions_floor_usage":[5,10,24,41,45,50],"damage_taken":[{"damage":0,"enemies":"Cultist","floor":1,"turns":4},{"damage":3,"enemies":"Small Slimes","floor":3,"turns":2},{"damage":1,"enemies":"Jaw Worm","floor":4,"turns":3},{"damage":8,"enemies":"3 Louse","floor":5,"turns":2},{"damage":0,"enemies":"2 Fungi Beasts","floor":7,"turns":3},{"damage":17,"enemies":"Lagavulin","floor":10,"turns":5},{"damage":9,"enemies":"Looter","floor":12,"turns":3},{"damage":22,"enemies":"3 Sentries","floor":14,"turns":8},{"damage":32,"enemies":"Slime Boss","floor":16,"turns":11},{"damage":20,"enemies":"2 Thieves","floor":18,"turns":3},{"damage":0,"enemies":"Chosen","floor":19,"turns":4},{"damage":31,"enemies":"Book of Stabbing","floor":24,"turns":6},{"damage":5,"enemies":"Centurion and Healer","floor":29,"turns":4},{"damage":10,"enemies":"Gremlin Leader","floor":31,"turns":8},{"damage":34,"enemies":"Collector","floor":33,"turns":10},{"damage":0,"enemies":"3 Shapes","floor":35,"turns":4},{"damage":2,"enemies":"3 Darklings","floor":36,"turns":6},{"damage":30,"enemies":"2 Orb Walkers","floor":40,"turns":6},{"damage":0,"enemies":"Flame Bruiser 2 Orb","floor":41,"turns":5},{"damage":91,"enemies":"Giant Head","floor":45,"turns":11},{"damage":0,"enemies":"Maw","floor":48,"turns":9},{"damage":61,"enemies":"Donu and Deca","floor":50,"turns":9}],"seed_played":"7784921558294443002","potions_obtained":[{"floor":3,"key":"Strength Potion"},{"floor":4,"key":"Fire Potion"},{"floor":10,"key":"FairyPotion"},{"floor":12,"key":"FairyPotion"},{"floor":18,"key":"PowerPotion"},{"floor":36,"key":"Regen Potion"},{"floor":41,"key":"Weak Potion"},{"floor":45,"key":"GamblersBrew"}],"is_trial":false,"path_per_floor":["M","$","M","M","M","R","M","R","T","E","R","M","R","E","R","B",null,"M","M","$","?","?","R","E","R","T","$","R","M","?","E","R","B",null,"M","M","$","?","$","E","M","R","T","R","E","R","?","M","R"],"character_chosen":"THE_SILENT","items_purchased":["Quick Slash","Deadly Poison","Bag of Marbles","Predator","Backflip","Dodge and Roll","Backstab"],"campfire_rested":8,"item_purchase_floors":[2,2,20,20,20,20,27],"current_hp_per_floor":[65,65,62,61,53,53,53,53,53,36,57,48,48,26,47,15,58,38,38,38,32,32,53,24,45,45,45,45,42,42,34,55,23,60,62,62,62,62,62,34,50,71,71,71,7,28,28,30,51,0],"gold":95,"neow_bonus":"TEN_PERCENT_HP_BONUS","is_prod":false,"is_daily":false,"chose_seed":false,"campfire_upgraded":5,"win_rate":0,"timestamp":1533749103,"path_taken":["M","$","M","M","M","R","M","R","T","E","R","M","R","E","R","BOSS","M","?","$","?","?","R","E","R","T","$","R","?","?","E","R","BOSS","M","M","$","?","$","E","?","R","T","R","E","R","?","M","R","BOSS"],"build_version":"2018-08-02","purchased_purges":1,"victory":false,"max_hp_per_floor":[72,72,72,72,72,72,72,72,72,72,72,72,72,72,72,72,72,72,72,72,72,72,72,72,72,72,72,72,72,72,72,72,72,72,72,72,72,72,72,72,72,72,72,72,72,72,72,72,72,72],"card_choices":[{"not_picked":["Outmaneuver","Sucker Punch"],"picked":"Dagger Spray","floor":1},{"not_picked":["Tactician","Slice"],"picked":"Underhanded Strike","floor":3},{"not_picked":["Dagger Spray","Bullet Time","Deflect"],"picked":"SKIP","floor":4},{"not_picked":["Poisoned Stab","Underhanded Strike"],"picked":"Skewer","floor":5},{"not_picked":["Bane","Prepared"],"picked":"PiercingWail","floor":7},{"not_picked":["Setup","Blade Dance"],"picked":"Predator","floor":10},{"not_picked":["All Out Attack","Bane"],"picked":"Infinite Blades","floor":12},{"not_picked":["Underhanded Strike","Quick Slash","Caltrops"],"picked":"SKIP","floor":14},{"not_picked":["Glass Knife","Unload"],"picked":"After Image","floor":16},{"not_picked":["Cloak And Dagger","Blade Dance"],"picked":"Backflip+1","floor":18},{"not_picked":["Slice","Riddle With Holes"],"picked":"Footwork","floor":19},{"not_picked":["Riddle With Holes","Endless Agony"],"picked":"Crippling Poison+1","floor":24},{"not_picked":["All Out Attack","Dagger Throw"],"picked":"Reflex+1","floor":29},{"not_picked":["Bouncing Flask+1","Deadly Poison+1"],"picked":"Noxious Fumes+1","floor":31},{"not_picked":["Wraith Form v2","Die Die Die"],"picked":"Adrenaline+1","floor":33},{"not_picked":["Finisher","Deadly Poison+1","Flechettes"],"picked":"SKIP","floor":35},{"not_picked":["Acrobatics+1","Bane+1"],"picked":"Expertise+1","floor":36},{"not_picked":["Slice","Sucker Punch"],"picked":"Leg Sweep+1","floor":40},{"not_picked":["Dodge and Roll+1","Outmaneuver+1"],"picked":"Cloak And Dagger+1","floor":41},{"not_picked":["Dagger Throw","Calculated Gamble+1"],"picked":"Dodge and Roll+1","floor":45},{"not_picked":["Deadly Poison+1","Accuracy+1","Dagger Throw+1"],"picked":"SKIP","floor":48}],"player_experience":929288,"relics_obtained":[{"floor":9,"key":"MawBank"},{"floor":10,"key":"War Paint"},{"floor":14,"key":"Mercury Hourglass"},{"floor":24,"key":"Toxic Egg 2"},{"floor":26,"key":"Bottled Flame"},{"floor":31,"key":"Ninja Scroll"},{"floor":40,"key":"Smiling Mask"},{"floor":40,"key":"The Courier"},{"floor":43,"key":"Oddly Smooth Stone"},{"floor":45,"key":"Anchor"},{"floor":45,"key":"Snake Skull"}],"event_choices":[{"event_name":"Nest","player_choice":"Joined the Cult","floor":21,"damage_taken":0},{"event_name":"The Mausoleum","player_choice":"Yes","floor":22,"damage_taken":0},{"event_name":"Forgotten Altar","player_choice":"Smashed Altar","floor":30,"damage_taken":0},{"event_name":"Tomb of Lord Red Mask","player_choice":"Paid","floor":38,"damage_taken":0},{"event_name":"Falling","player_choice":"Removed Attack","floor":47,"damage_taken":0}],"is_beta":false,"boss_relics":[{"not_picked":["Velvet Choker","Pandora\u0027s Box"],"picked":"HoveringKite"},{"not_picked":["Sozu","White Beast Statue"],"picked":"Black Star"}],"items_purged_floors":[20],"is_endless":false,"potions_floor_spawned":[3,4,10,12,18,19,36,41,45],"killed_by":"Donu and Deca","ascension_level":15}