{"gold_per_floor":[117,130,55,55,55,87,87,104,182,207,207,217,242,270,270,270],"floor_reached":16,"playtime":786,"items_purged":[],"score":236,"play_id":"9a564870-9ddf-40fd-93bc-fe1c0ed95210","local_time":"20190301214846","is_ascension_mode":true,"campfire_choices":[{"data":"Hemokinesis","floor":7.0,"key":"SMITH"},{"floor":15.0,"key":"REST"}],"neow_cost":"TEN_PERCENT_HP_LOSS","seed_source_timestamp":48091041972109,"circlet_count":0,"master_deck":["AscendersBane","Strike_R","Strike_R","Strike_R","Strike_R","Defend_R","Defend_R+1","Defend_R","Defend_R","Bash","Shrug It Off+1","Clothesline","Hemokinesis+1","Thunderclap","Flame Barrier","Disarm","Fiend Fire"],"special_seed":0,"relics":["Burning Blood","Torii","Strawberry","Juzu Bracelet","Unceasing Top","Potion Belt","Art of War"],"potions_floor_usage":[],"damage_taken":[{"damage":2.0,"enemies":"Small Slimes","floor":1.0,"turns":4.0},{"damage":9.0,"enemies":"Jaw Worm","floor":2.0,"turns":5.0},{"damage":25.0,"enemies":"Lagavulin","floor":6.0,"turns":8.0},{"damage":0.0,"enemies":"2 Louse","floor":8.0,"turns":3.0},{"damage":15.0,"enemies":"3 Sentries","floor":10.0,"turns":9.0},{"damage":7.0,"enemies":"Looter","floor":12.0,"turns":4.0},{"damage":16.0,"enemies":"Lagavulin","floor":14.0,"turns":11.0},{"damage":23,"enemies":"Slime Boss","floor":16,"turns":7}],"seed_played":"4408748361492715541","potions_obtained":[{"floor":2.0,"key":"LiquidBronze"},{"floor":6.0,"key":"FearPotion"},{"floor":10.0,"key":"Energy Potion"},{"floor":14.0,"key":"EssenceOfSteel"}],"is_trial":false,"path_per_floor":["M","M","?","?","$","E","R","M","T","E","?","M","T","E","R","B"],"character_chosen":"IRONCLAD","items_purchased":[],"campfire_rested":1,"item_purchase_floors":[],"current_hp_per_floor":[68,65,65,45,45,33,33,39,39,30,19,18,18,8,30,7],"gold":270,"neow_bonus":"ONE_RARE_RELIC","is_prod":false,"is_daily":false,"chose_seed":false,"campfire_upgraded":1,"win_rate":0,"timestamp":1551494926,"path_taken":["M","M","?","?","?","E","R","M","T","E","?","M","?","E","R","BOSS"],"build_version":"2019-01-23","purchased_purges":0,"victory":false,"max_hp_per_floor":[68,68,68,68,68,75,75,75,75,75,75,75,75,75,75,75],"card_choices":[{"not_picked":["Twin Strike","True Grit"],"picked":"Shrug It Off","floor":1.0},{"not_picked":["Fire Breathing","Armaments"],"picked":"Clothesline","floor":2.0},{"not_picked":["Havoc","Perfected Strike"],"picked":"Hemokinesis","floor":6.0},{"not_picked":["Flame Barrier","Searing Blow"],"picked":"Thunderclap","floor":8.0},{"not_picked":["Exhume","Hemokinesis"],"picked":"Flame Barrier","floor":10.0},{"not_picked":["Sword Boomerang","Perfected Strike","Disarm"],"picked":"SKIP","floor":12.0},{"not_picked":["Sword Boomerang","Perfected Strike"],"picked":"Disarm","floor":12.0},{"not_picked":["Body Slam","Sword Boomerang"],"picked":"Fiend Fire","floor":14.0}],"player_experience":623267,"relics_obtained":[{"floor":6.0,"key":"Strawberry"},{"floor":10.0,"key":"Juzu Bracelet"},{"floor":13.0,"key":"Potion Belt"},{"floor":14.0,"key":"Art of War"}],"event_choices":[{"cards_removed":["Strike_R"],"damage_healed":0.0,"max_hp_gain":0.0,"max_hp_loss":0.0,"gold_gain":0.0,"event_name":"The Cleric","player_choice":"Card Removal","floor":3.0,"gold_loss":75.0,"damage_taken":0.0},{"damage_healed":0.0,"max_hp_gain":0.0,"max_hp_loss":0.0,"gold_gain":0.0,"event_name":"Shining Light","player_choice":"Entered Light","floor":4.0,"gold_loss":0.0,"damage_taken":20.0,"cards_upgraded":["Defend_R","Shrug It Off"]},{"damage_healed":0.0,"max_hp_gain":0.0,"max_hp_loss":0.0,"gold_gain":0.0,"event_name":"Scrap Ooze","player_choice":"Success","floor":11.0,"gold_loss":0.0,"damage_taken":11.0,"relics_obtained":["Unceasing Top"]}],"is_beta":false,"boss_relics":[],"items_purged_floors":[],"is_endless":false,"potions_floor_spawned":[2,6,10,14],"killed_by":"Slime Boss","ascension_level":20}