{"path_per_floor":["M","?","?","M","M","R","E","R","T","E","?","$","R","M","R","B",null,"M","?","?","M","$","R","E","$","T","R","?","M","M","M","R","B",null,"M","M","M","M","M","R","$","R","T","M","R","$","M","M","R","B"],"character_chosen":"THE_SILENT","items_purchased":["Meat on the Bone","Footwork","Toxic Egg 2"],"gold_per_floor":[114,289,289,309,327,327,358,358,383,417,417,80,80,92,92,188,188,206,206,131,148,79,79,108,108,178,178,178,191,203,213,213,317,317,337,347,364,380,400,400,300,300,376,388,388,16,30,47,47,47],"floor_reached":51,"campfire_rested":6,"playtime":2920,"current_hp_per_floor":[53,53,53,48,45,45,24,45,45,32,25,25,46,46,67,55,66,65,65,65,65,65,65,65,65,65,65,65,60,60,49,70,44,64,59,57,54,42,41,41,41,41,41,25,46,46,46,40,61,40],"items_purged":["Strike_G","Strike_G","Pain"],"gold":47,"score":705,"play_id":"60d54094-083b-44c7-945e-e0a988f3b1c3","local_time":"20180303210506","is_prod":false,"is_daily":false,"is_ascension_mode":true,"campfire_upgraded":5,"timestamp":1520078706,"path_taken":["M","?","?","M","?","R","E","R","T","E","?","$","R","M","R","BOSS","M","?","?","M","$","R","E","$","T","R","?","M","M","M","R","BOSS","M","M","M","?","M","R","?","R","T","?","R","$","M","M","R","BOSS"],"build_version":"2018-03-01-PROD1","purchased_purges":4,"victory":true,"master_deck":["Defend_G","Defend_G","Defend_G","Defend_G","Defend_G","Strike_G","Survivor","Neutralize","Dagger Spray","Acrobatics","Quick Slash+1","Escape Plan","Leg Sweep","Tactician+1","Prepared","A Thousand Cuts+1","Backflip+1","Quick Slash+1","Footwork+1","Adrenaline","Dash","A Thousand Cuts+1","Escape Plan+1","Well Laid Plans+1","Outmaneuver+1"],"max_hp_per_floor":[70,70,70,70,70,70,70,70,70,70,70,70,70,70,70,70,70,70,70,70,70,70,70,70,70,70,70,70,70,70,70,70,70,70,70,70,70,70,70,70,70,70,70,70,70,70,70,70,70,70],"relics":["Orrery","Oddly Smooth Stone","Vajra","Calipers","Meat on the Bone","Cursed Key","Toolbox","Bottled Tornado","Lizard Tail","Matryoshka","Toxic Egg 2"],"card_choices":[{"not_picked":["Masterful Stab","Backflip"],"picked":"Dagger Spray"},{"not_picked":["Prepared","Dagger Throw"],"picked":"Acrobatics"},{"not_picked":["Bane","Underhanded Strike"],"picked":"Quick Slash"},{"not_picked":["Bane","Cloak And Dagger"],"picked":"Escape Plan"},{"not_picked":["Choke","Terror"],"picked":"Leg Sweep"},{"not_picked":["Bane","Calculated Gamble"],"picked":"Tactician"},{"not_picked":["Acrobatics","Sucker Punch"],"picked":"Prepared"},{"not_picked":["Envenom","Corpse Explosion"],"picked":"A Thousand Cuts"},{"not_picked":["Outmaneuver","Dagger Throw"],"picked":"Backflip"},{"not_picked":["Malaise","Calculated Gamble"],"picked":"Quick Slash"},{"not_picked":["Bouncing Flask","Dodge and Roll"],"picked":"Adrenaline"},{"not_picked":["Well Laid Plans","Flying Knee"],"picked":"Dash"},{"not_picked":["Grand Finale","Tools of the Trade"],"picked":"A Thousand Cuts"},{"not_picked":["Cloak And Dagger","Bouncing Flask"],"picked":"Escape Plan"},{"not_picked":["Backflip","Dagger Throw"],"picked":"Well Laid Plans"},{"not_picked":["Quick Slash","Cloak And Dagger"],"picked":"Outmaneuver"}],"player_experience":254159,"potions_floor_usage":[24,24,24,33,35,37,37,50],"damage_taken":[{"damage":10,"enemies":"2 Louse","floor":1,"turns":2},{"damage":5,"enemies":"Jaw Worm","floor":4,"turns":4},{"damage":3,"enemies":"Small Slimes","floor":5,"turns":4},{"damage":21,"enemies":"Gremlin Nob","floor":7,"turns":5},{"damage":13,"enemies":"Lagavulin","floor":10,"turns":9},{"damage":12,"enemies":"Exordium Wildlife","floor":14,"turns":8},{"damage":12,"enemies":"The Guardian","floor":16,"turns":17},{"damage":1,"enemies":"3 Byrds","floor":18,"turns":5},{"damage":0,"enemies":"Shell Parasite","floor":21,"turns":7},{"damage":0,"enemies":"Gremlin Leader","floor":24,"turns":5},{"damage":5,"enemies":"Snake Plant","floor":29,"turns":4},{"damage":0,"enemies":"Cultist and Chosen","floor":30,"turns":6},{"damage":11,"enemies":"Slaver and Parasite","floor":31,"turns":6},{"damage":26,"enemies":"Champ","floor":33,"turns":17},{"damage":5,"enemies":"Orb Walker","floor":35,"turns":3},{"damage":2,"enemies":"3 Shapes","floor":36,"turns":3},{"damage":3,"enemies":"3 Darklings","floor":37,"turns":4},{"damage":12,"enemies":"Maw","floor":38,"turns":9},{"damage":1,"enemies":"4 Shapes","floor":39,"turns":4},{"damage":28,"enemies":"3 Darklings","floor":44,"turns":3},{"damage":0,"enemies":"Sphere and 2 Shapes","floor":47,"turns":4},{"damage":10,"enemies":"Maw","floor":48,"turns":6},{"damage":33,"enemies":"Donu and Deca","floor":50,"turns":11}],"event_choices":[{"event_name":"Liars Game","player_choice":"agreed","floor":2,"damage_taken":0},{"event_name":"Living Wall","player_choice":"Forget","floor":3,"damage_taken":0},{"event_name":"Golden Wing","player_choice":"Card Removal","floor":11,"damage_taken":0},{"event_name":"Drug Dealer","player_choice":"Ignored","floor":19,"damage_taken":0},{"event_name":"Beggar","player_choice":"Gave Gold","floor":20,"damage_taken":0},{"event_name":"Back to Basics","player_choice":"Elegance","floor":28,"damage_taken":0}],"boss_relics":[{"not_picked":["Runic Dome","The Specimen"],"picked":"Cursed Key"},{"not_picked":["Philosopher\u0027s Stone","Velvet Choker"],"picked":"Lizard Tail"}],"potions_floor_spawned":[1,5,16,30,33,35,36,39,44],"seed_played":"-6952283330188991661","ascension_level":7,"is_trial":false}