{"gold_per_floor":[109,109,34,55,71,71,112,127,180,180,203,234,255,276,276,395,395,413,437,437],"floor_reached":20,"playtime":802,"items_purged":["Injury"],"score":188,"play_id":"64005468-2e1d-4c79-b53a-9e9097517ef3","local_time":"20181218205653","is_ascension_mode":false,"campfire_choices":[{"data":"Spot Weakness","floor":10,"key":"SMITH"},{"data":"Seeing Red","floor":15,"key":"SMITH"}],"neow_cost":"NONE","seed_source_timestamp":491372225081240,"circlet_count":0,"master_deck":["Strike_R","Strike_R","Strike_R","Strike_R","Defend_R","Defend_R","Defend_R","Defend_R","Bash","Thunderclap","Iron Wave","Spot Weakness+1","Bash","Anger","Shrug It Off","Seeing Red+1","Reaper"],"relics":["Burning Blood","NeowsBlessing","Golden Idol","Pantograph","Smiling Mask","PreservedInsect","Runic Dome"],"potions_floor_usage":[12,12,14,16],"damage_taken":[{"damage":0,"enemies":"2 Louse","floor":1,"turns":1},{"damage":0,"enemies":"Small Slimes","floor":4,"turns":1},{"damage":0,"enemies":"Cultist","floor":5,"turns":1},{"damage":30,"enemies":"Lagavulin","floor":7,"turns":5},{"damage":11,"enemies":"Blue Slaver","floor":8,"turns":4},{"damage":0,"enemies":"3 Louse","floor":11,"turns":2},{"damage":16,"enemies":"3 Sentries","floor":12,"turns":5},{"damage":10,"enemies":"Looter","floor":13,"turns":3},{"damage":0,"enemies":"Large Slime","floor":14,"turns":2},{"damage":25,"enemies":"The Guardian","floor":16,"turns":11},{"damage":16,"enemies":"Chosen","floor":18,"turns":6},{"damage":26,"enemies":"Spheric Guardian","floor":19,"turns":5},{"damage":55,"enemies":"Snake Plant","floor":20,"turns":5}],"seed_played":"8189541257406495663","potions_obtained":[{"floor":4,"key":"Swift Potion"},{"floor":5,"key":"GamblersBrew"},{"floor":8,"key":"Weak Potion"},{"floor":12,"key":"AttackPotion"},{"floor":13,"key":"Dexterity Potion"},{"floor":14,"key":"Poison Potion"}],"is_trial":false,"path_per_floor":["M","?","$","M","M","?","E","M","T","R","M","E","M","M","R","B",null,"M","M","M"],"character_chosen":"IRONCLAD","items_purchased":[],"campfire_rested":0,"item_purchase_floors":[],"current_hp_per_floor":[80,80,80,80,80,80,56,51,51,51,57,47,43,49,49,55,80,75,55,0],"gold":437,"neow_bonus":"THREE_ENEMY_KILL","is_prod":false,"is_daily":false,"chose_seed":false,"campfire_upgraded":2,"win_rate":0,"timestamp":1545184613,"path_taken":["M","?","$","M","M","?","E","M","T","R","M","E","M","M","R","BOSS","M","?","M"],"build_version":"2018-12-13","purchased_purges":1,"victory":false,"max_hp_per_floor":[80,80,80,80,80,80,80,80,80,80,80,80,80,80,80,80,80,80,80,80],"card_choices":[{"not_picked":["Sword Boomerang","Entrench"],"picked":"Thunderclap","floor":1},{"not_picked":["Wild Strike","Evolve"],"picked":"Iron Wave","floor":4},{"not_picked":["Perfected Strike","Sword Boomerang"],"picked":"Spot Weakness","floor":5},{"not_picked":["Sever Soul","Body Slam","True Grit"],"picked":"SKIP","floor":7},{"not_picked":["Wild Strike","Sentinel"],"picked":"Anger","floor":8},{"not_picked":["Bludgeon","Clothesline","True Grit"],"picked":"SKIP","floor":11},{"not_picked":["Pummel","Feel No Pain"],"picked":"Shrug It Off","floor":12},{"not_picked":["Headbutt","Hemokinesis"],"picked":"Seeing Red","floor":13},{"not_picked":["Burning Pact","True Grit","Twin Strike"],"picked":"SKIP","floor":14},{"not_picked":["Impervious","Immolate"],"picked":"Reaper","floor":16},{"not_picked":["Twin Strike","Wild Strike","Iron Wave+1"],"picked":"SKIP","floor":18},{"not_picked":["Twin Strike","Burning Pact","Havoc"],"picked":"SKIP","floor":19}],"player_experience":327541,"relics_obtained":[{"floor":7,"key":"Pantograph"},{"floor":9,"key":"Smiling Mask"},{"floor":12,"key":"PreservedInsect"}],"event_choices":[{"damage_healed":0,"gold_gain":0,"player_choice":"Take Wound","damage_taken":0,"relics_obtained":["Golden Idol"],"max_hp_gain":0,"max_hp_loss":0,"event_name":"Golden Idol","floor":2,"gold_loss":0,"cards_obtained":["Injury"]},{"cards_removed":["Strike_R"],"damage_healed":0,"gold_gain":0,"player_choice":"Took Card","damage_taken":0,"max_hp_gain":0,"max_hp_loss":0,"event_name":"NoteForYourself","floor":6,"gold_loss":0,"cards_obtained":["Bash"]}],"is_beta":false,"boss_relics":[{"not_picked":["Snecko Eye","Philosopher\u0027s Stone"],"picked":"Runic Dome"}],"items_purged_floors":[3],"is_endless":false,"potions_floor_spawned":[4,5,8,12,13,14],"killed_by":"Snake Plant","ascension_level":0}