{"gold_per_floor":[113,113,127,127,137,137,166,1,50,60,34,45,45,59,59,59],"floor_reached":16,"playtime":692,"items_purged":["Strike_G"],"score":189,"play_id":"cbf49b21-36c1-4816-b449-eba1bafdbd79","local_time":"20180927180153","is_ascension_mode":true,"campfire_choices":[{"data":"Neutralize","floor":6,"key":"SMITH"},{"floor":15,"key":"REST"}],"neow_cost":"","seed_source_timestamp":5208397468704,"circlet_count":0,"master_deck":["Defend_G","Defend_G","Defend_G","Defend_G","Defend_G","Strike_G","Strike_G","Strike_G","Survivor","Neutralize+1","AscendersBane","Well Laid Plans","Infinite Blades","Poisoned Stab","Choke","Calculated Gamble","Slice","Calculated Gamble","Blade Dance"],"relics":["Ring of the Snake","Omamori","Vajra"],"potions_floor_usage":[12,16],"damage_taken":[{"damage":11,"enemies":"Jaw Worm","floor":1,"turns":7},{"damage":0,"enemies":"2 Louse","floor":3,"turns":4},{"damage":3,"enemies":"Cultist","floor":5,"turns":5},{"damage":42,"enemies":"Gremlin Nob","floor":7,"turns":6},{"damage":0,"enemies":"2 Fungi Beasts","floor":10,"turns":4},{"damage":0,"enemies":"3 Louse","floor":12,"turns":3},{"damage":0,"enemies":"Blue Slaver","floor":14,"turns":4},{"damage":9,"enemies":"Hexaghost","floor":16,"turns":9}],"seed_played":"-3046701472760572895","potions_obtained":[{"floor":5,"key":"Weak Potion"},{"floor":7,"key":"SneckoOil"},{"floor":10,"key":"SteroidPotion"}],"is_trial":false,"path_per_floor":["M","?","M","?","M","R","E","$","T","M","$","M","?","M","R"],"character_chosen":"THE_SILENT","items_purchased":["Choke","Slice"],"campfire_rested":1,"item_purchase_floors":[8,11],"current_hp_per_floor":[48,48,48,48,45,45,3,3,3,3,3,3,3,3,22,13],"gold":59,"neow_bonus":"","is_prod":false,"is_daily":false,"chose_seed":false,"campfire_upgraded":1,"win_rate":0,"timestamp":1538038913,"path_taken":["M","?","M","?","M","R","E","?","T","?","$","M","?","?","R","BOSS"],"build_version":"2018-09-20","purchased_purges":1,"victory":false,"max_hp_per_floor":[66,66,66,66,66,66,66,66,66,66,66,66,66,66,66,66],"card_choices":[{"not_picked":["Outmaneuver","Underhanded Strike"],"picked":"Well Laid Plans","floor":1},{"not_picked":["Prepared","Bane","Outmaneuver"],"picked":"SKIP","floor":3},{"not_picked":["Well Laid Plans","Concentrate"],"picked":"Infinite Blades","floor":5},{"not_picked":["Caltrops","Tactician"],"picked":"Poisoned Stab","floor":7},{"not_picked":["Bane","Acrobatics"],"picked":"Calculated Gamble","floor":10},{"not_picked":["Deadly Poison","Caltrops"],"picked":"Calculated Gamble","floor":12},{"not_picked":["Predator","Well Laid Plans"],"picked":"Blade Dance","floor":14}],"player_experience":668796,"relics_obtained":[{"floor":7,"key":"Omamori"},{"floor":9,"key":"Vajra"}],"event_choices":[{"event_name":"Liars Game","player_choice":"disagreed","floor":2,"damage_taken":0},{"event_name":"Living Wall","player_choice":"Forget","floor":4,"damage_taken":0},{"event_name":"Scrap Ooze","player_choice":"unsuccessful","floor":13,"damage_taken":0}],"is_beta":false,"boss_relics":[],"items_purged_floors":[8],"is_endless":false,"potions_floor_spawned":[5,7,10],"killed_by":"Hexaghost","ascension_level":17}