{"gold_per_floor":[115,115,65,77,77,118,131,174,201,201,201],"floor_reached":11,"playtime":473,"items_purged":[],"score":93,"play_id":"7c384ef2-3b78-4f4c-9b5e-419d1125a4f3","local_time":"20181010234205","is_ascension_mode":true,"campfire_choices":[{"data":"Flame Barrier","floor":10,"key":"SMITH"}],"neow_cost":"","seed_source_timestamp":8290844701258,"circlet_count":0,"master_deck":["Strike_R","Strike_R","Strike_R+1","Defend_R","Defend_R","Defend_R","Defend_R","Bash+1","Rupture","Disarm","Flame Barrier+1","Metallicize","Uppercut"],"relics":["Burning Blood","Golden Idol","Oddly Smooth Stone","Whetstone","Regal Pillow"],"potions_floor_usage":[8,8,11],"damage_taken":[{"damage":0,"enemies":"Small Slimes","floor":1,"turns":3},{"damage":8,"enemies":"2 Louse","floor":4,"turns":2},{"damage":34,"enemies":"Gremlin Nob","floor":6,"turns":5},{"damage":0,"enemies":"Jaw Worm","floor":7,"turns":7},{"damage":26,"enemies":"Lagavulin","floor":8,"turns":14},{"damage":17,"enemies":"3 Sentries","floor":11,"turns":2}],"seed_played":"-7148543640255936905","potions_obtained":[{"floor":1,"key":"Strength Potion"},{"floor":4,"key":"Explosive Potion"},{"floor":6,"key":"LiquidBronze"}],"is_trial":false,"path_per_floor":["M","?","?","M","?","E","M","E","T","R"],"character_chosen":"IRONCLAD","items_purchased":[],"campfire_rested":0,"item_purchase_floors":[],"current_hp_per_floor":[80,73,73,71,51,23,29,9,9,9,0],"gold":201,"neow_bonus":"","is_prod":false,"is_daily":false,"chose_seed":false,"campfire_upgraded":1,"win_rate":0,"timestamp":1539240125,"path_taken":["M","?","?","M","?","E","M","E","T","R","E"],"build_version":"2018-10-04v2","purchased_purges":0,"victory":false,"max_hp_per_floor":[80,80,80,80,80,80,80,80,80,80,80],"card_choices":[{"not_picked":["Hemokinesis","Pommel Strike"],"picked":"Rupture","floor":1},{"not_picked":["Battle Trance","True Grit"],"picked":"Disarm","floor":4},{"not_picked":["Perfected Strike","True Grit"],"picked":"Flame Barrier","floor":6},{"not_picked":["True Grit","Clash"],"picked":"Metallicize","floor":7},{"not_picked":["Shrug It Off","Havoc"],"picked":"Uppercut","floor":8}],"player_experience":228395,"relics_obtained":[{"floor":6,"key":"Oddly Smooth Stone"},{"floor":8,"key":"Whetstone"},{"floor":9,"key":"Regal Pillow"}],"event_choices":[{"event_name":"Golden Wing","player_choice":"Card Removal","floor":2,"damage_taken":0},{"event_name":"The Cleric","player_choice":"Card Removal","floor":3,"damage_taken":0},{"event_name":"Golden Idol","player_choice":"Take Damage","floor":5,"damage_taken":0}],"is_beta":false,"boss_relics":[],"items_purged_floors":[],"is_endless":false,"potions_floor_spawned":[1,4,6],"killed_by":"3 Sentries","ascension_level":3}