{"path_per_floor":["M","?","$","?","M","R","$","M","T","R","?","M","T","M","R","B",null,"M","$","?","?","?","R","M"],"character_chosen":"DEFECT","items_purchased":["Bird Faced Urn","Apotheosis","Meat on the Bone"],"gold_per_floor":[109,109,109,409,424,424,116,139,166,166,341,361,386,405,405,525,525,545,84,84,84,334,334,347,347],"floor_reached":25,"campfire_rested":2,"playtime":903,"current_hp_per_floor":[72,69,69,69,53,53,53,52,52,52,52,35,35,28,48,17,69,58,58,42,42,42,62,48,0],"items_purged":[],"gold":347,"score":223,"play_id":"79fe6806-c6eb-4ad0-b876-607e2c51cc72","local_time":"20180511210407","is_prod":false,"is_daily":false,"chose_seed":false,"is_ascension_mode":true,"campfire_upgraded":2,"timestamp":1526036647,"path_taken":["M","?","$","?","M","R","?","M","T","R","?","M","?","M","R","BOSS","M","$","?","?","?","R","M","E"],"build_version":"2018-05-10","seed_source_timestamp":13793134568755,"purchased_purges":0,"victory":false,"master_deck":["Strike_B+1","Strike_B","Strike_B","Strike_B","Defend_B","Defend_B","Defend_B","Zap+1","Dualcast","Chaos","Loop+1","Ball Lightning+1","Capacitor","Static Discharge","Static Discharge","Fission","Coolheaded","Apotheosis","Regret","Ball Lightning+1"],"max_hp_per_floor":[75,69,69,69,69,69,69,69,69,69,69,69,69,69,69,69,69,69,69,69,69,69,69,69,69],"relics":["Cracked Core","Golden Idol","Old Coin","Bird Faced Urn","Blood Vial","Whetstone","Nuclear Battery","Meat on the Bone","Enchiridion"],"card_choices":[{"not_picked":["Undo","Hologram"],"picked":"Loop","floor":1},{"not_picked":["Aggregate","Darkness"],"picked":"Ball Lightning","floor":5},{"not_picked":["Tempest","Beam Cell"],"picked":"Capacitor","floor":8},{"not_picked":["Gash","Undo"],"picked":"Static Discharge","floor":12},{"not_picked":["Ball Lightning","Capacitor"],"picked":"Static Discharge","floor":14},{"not_picked":["Multi-Cast","Meteor Strike"],"picked":"Fission","floor":16},{"not_picked":["Force Field","Hologram"],"picked":"Coolheaded","floor":18},{"not_picked":["Sweeping Beam","Leap"],"picked":"Ball Lightning","floor":24}],"player_experience":212503,"potions_floor_usage":[12,12,16,25],"damage_taken":[{"damage":3,"enemies":"Jaw Worm","floor":1,"turns":4},{"damage":16,"enemies":"Small Slimes","floor":5,"turns":4},{"damage":3,"enemies":"Cultist","floor":8,"turns":4},{"damage":21,"enemies":"Exordium Thugs","floor":12,"turns":5},{"damage":13,"enemies":"3 Louse","floor":14,"turns":3},{"damage":41,"enemies":"Hexaghost","floor":16,"turns":7},{"damage":11,"enemies":"Spheric Guardian","floor":18,"turns":3},{"damage":22,"enemies":"3 Byrds","floor":24,"turns":4},{"damage":70,"enemies":"Slavers","floor":25,"turns":4}],"event_choices":[{"event_name":"Golden Idol","player_choice":"Lose Max HP","floor":2,"damage_taken":0},{"event_name":"Big Fish","player_choice":"Box","floor":4,"damage_taken":0},{"event_name":"Liars Game","player_choice":"agreed","floor":11,"damage_taken":0},{"event_name":"Cursed Tome","player_choice":"Obtained Book","floor":20,"damage_taken":0},{"event_name":"Fountain of Cleansing","player_choice":"Removed Curse","floor":21,"damage_taken":0},{"event_name":"Golden Shrine","player_choice":"Desecrate","floor":22,"damage_taken":0}],"boss_relics":[{"not_picked":["Black Star","Calling Bell"],"picked":"Nuclear Battery"}],"potions_floor_spawned":[1,8,12,18],"seed_played":"-6312142715640125106","killed_by":"Slavers","ascension_level":1,"is_trial":false}