{"gold_per_floor":[119,119,133,133,58,84,84,116,116,135,149,67,83,83,83,187,187,175,175,187,201,234,261,261,261,338,363,363,217,217,63,63,163,163,178,178,197,209,169,169,187,218,218,252,268,268],"floor_reached":46,"playtime":2035,"items_purged":["Decay"],"score":579,"play_id":"f5037823-dbe6-4912-a1d1-e6770a117a08","local_time":"20190223201223","is_ascension_mode":true,"campfire_choices":[{"data":"Static Discharge","floor":7,"key":"SMITH"},{"floor":15,"key":"REST"},{"data":"Defragment","floor":24,"key":"SMITH"},{"floor":32,"key":"REST"},{"floor":40,"key":"REST"}],"neow_cost":"NONE","seed_source_timestamp":780530818080718,"circlet_count":0,"master_deck":["Strike_B+1","Strike_B","Defend_B","Defend_B","Defend_B","Defend_B+1","Zap","Dualcast","Conserve Battery","Cold Snap+1","Static Discharge+1","Loop","Echo Form","Leap","Defragment+1","Defragment","Melter","Seek","Undo","Loop","Redo","Self Repair","Amplify","Core Surge","Ball Lightning+1","White Noise+1"],"relics":["Cracked Core","NeowsBlessing","Question Card","Bag of Preparation","Anchor","Darkstone Periapt","Velvet Choker","Enchiridion","Red Mask","Vajra","MutagenicStrength","Centennial Puzzle","DataDisk","Black Star","Unceasing Top","Ice Cream","Sundial","Du-Vu Doll","Thread and Needle"],"potions_floor_usage":[21],"damage_taken":[{"damage":0,"enemies":"Jaw Worm","floor":1,"turns":1},{"damage":0,"enemies":"2 Louse","floor":3,"turns":1},{"damage":0,"enemies":"Gremlin Nob","floor":6,"turns":1},{"damage":2,"enemies":"Lagavulin","floor":8,"turns":7},{"damage":0,"enemies":"Small Slimes","floor":10,"turns":4},{"damage":3,"enemies":"3 Louse","floor":11,"turns":3},{"damage":8,"enemies":"Large Slime","floor":13,"turns":6},{"damage":31,"enemies":"Hexaghost","floor":16,"turns":4},{"damage":8,"enemies":"2 Thieves","floor":18,"turns":4},{"damage":0,"enemies":"Chosen","floor":20,"turns":4},{"damage":11,"enemies":"Shelled Parasite and Fungi","floor":21,"turns":4},{"damage":0,"enemies":"Masked Bandits","floor":22,"turns":2},{"damage":8,"enemies":"Gremlin Leader","floor":23,"turns":4},{"damage":10,"enemies":"Slavers","floor":27,"turns":3},{"damage":10,"enemies":"Colosseum Slavers","floor":30,"turns":4},{"damage":11,"enemies":"Champ","floor":33,"turns":10},{"damage":18,"enemies":"3 Shapes","floor":35,"turns":3},{"damage":0,"enemies":"Orb Walker","floor":37,"turns":4},{"damage":8,"enemies":"Transient","floor":38,"turns":5},{"damage":5,"enemies":"Jaw Worm Horde","floor":41,"turns":4},{"damage":10,"enemies":"Giant Head","floor":42,"turns":9},{"damage":31,"enemies":"Reptomancer","floor":44,"turns":4},{"damage":13,"enemies":"Writhing Mass","floor":45,"turns":3},{"damage":65,"enemies":"Nemesis","floor":46,"turns":4}],"seed_played":"347012303713007903","potions_obtained":[{"floor":1,"key":"Swift Potion"},{"floor":10,"key":"SkillPotion"},{"floor":11,"key":"SpeedPotion"},{"floor":20,"key":"AttackPotion"},{"floor":21,"key":"FearPotion"},{"floor":37,"key":"Energy Potion"}],"is_trial":false,"path_per_floor":["M","?","M","?","$","E","R","E","T","M","M","$","M","?","R","B",null,"M","?","M","M","?","E","R","?","T","E","?","$","?","$","R","B",null,"M","?","M","M","?","R","M","E","T","E","M","E"],"character_chosen":"DEFECT","items_purchased":["Static Discharge","Defragment","Self Repair","DataDisk"],"campfire_rested":3,"item_purchase_floors":[5,12,29,31],"current_hp_per_floor":[75,60,60,53,53,53,53,51,51,51,48,48,40,33,55,24,75,67,51,51,40,40,32,32,32,32,22,28,28,25,25,49,45,81,63,63,63,62,62,81,81,81,81,57,44,0],"gold":268,"neow_bonus":"THREE_ENEMY_KILL","is_prod":false,"is_daily":false,"chose_seed":false,"campfire_upgraded":2,"win_rate":0,"timestamp":1550970743,"path_taken":["M","?","M","?","$","E","R","E","T","M","M","$","M","?","R","BOSS","M","?","M","M","?","E","R","?","T","E","?","$","?","?","R","BOSS","M","?","?","M","?","R","M","E","T","E","?","E"],"build_version":"2019-01-23","purchased_purges":1,"victory":false,"max_hp_per_floor":[75,75,75,75,75,75,75,75,75,75,75,75,75,75,75,75,75,75,75,75,75,75,75,75,75,75,75,81,81,81,81,81,81,81,81,81,81,81,81,81,81,81,81,81,81,81],"card_choices":[{"not_picked":["Hello World","Reprogram"],"picked":"Conserve Battery","floor":1},{"not_picked":["Conserve Battery","Hologram"],"picked":"Cold Snap","floor":3},{"not_picked":["Hologram","Undo"],"picked":"Loop","floor":6},{"not_picked":["Conserve Battery","Ball Lightning","Steam Power"],"picked":"Echo Form","floor":8},{"not_picked":["Stack","Hologram","Darkness"],"picked":"Leap","floor":10},{"not_picked":["Turbo","Sunder","Darkness"],"picked":"Defragment","floor":11},{"not_picked":["Beam Cell","Hologram","Darkness"],"picked":"Melter","floor":13},{"not_picked":["Creative AI","All For One","Fission"],"picked":"Seek","floor":16},{"not_picked":["Steam","Go for the Eyes","Beam Cell"],"picked":"Undo","floor":18},{"not_picked":["Gash","Compile Driver","Auto Shields+1"],"picked":"Loop","floor":20},{"not_picked":["Blizzard","Stack","Chill","Hologram"],"picked":"SKIP","floor":21},{"not_picked":["Double Energy+1","Gash","Capacitor"],"picked":"Redo","floor":23},{"not_picked":["Reprogram","Melter","Double Energy","Conserve Battery"],"picked":"SKIP","floor":27},{"not_picked":["Echo Form","Thunder Strike","Reboot"],"picked":"Amplify","floor":33},{"not_picked":["Compile Driver+1","Barrage","Sweeping Beam","Leap"],"picked":"SKIP","floor":35},{"not_picked":["Compile Driver","Coolheaded","Streamline"],"picked":"Core Surge","floor":37},{"not_picked":["Sunder","Double Energy","Heatsinks+1"],"picked":"Ball Lightning","floor":38},{"not_picked":["Leap","Sweeping Beam","Consume+1","Gash+1"],"picked":"SKIP","floor":41},{"not_picked":["Recycle","Leap+1","Genetic Algorithm+1"],"picked":"White Noise+1","floor":42},{"not_picked":["Double Energy+1","Rip and Tear","Hologram+1","Melter"],"picked":"SKIP","floor":44},{"not_picked":["Streamline","FTL","Redo","Leap"],"picked":"SKIP","floor":45}],"player_experience":226099,"relics_obtained":[{"floor":6,"key":"Question Card"},{"floor":8,"key":"Bag of Preparation"},{"floor":9,"key":"Anchor"},{"floor":19,"key":"Enchiridion"},{"floor":22,"key":"Red Mask"},{"floor":23,"key":"Vajra"},{"floor":27,"key":"Centennial Puzzle"},{"floor":42,"key":"Unceasing Top"},{"floor":42,"key":"Ice Cream"},{"floor":43,"key":"Sundial"},{"floor":44,"key":"Du-Vu Doll"},{"floor":44,"key":"Thread and Needle"}],"event_choices":[{"damage_healed":0,"gold_gain":0,"player_choice":"Entered Light","damage_taken":15,"max_hp_gain":0,"max_hp_loss":0,"event_name":"Shining Light","floor":2,"gold_loss":0,"cards_upgraded":["Defend_B","Strike_B"]},{"cards_removed":["Strike_B"],"damage_healed":0,"gold_gain":0,"player_choice":"Card Removal","damage_taken":7,"max_hp_gain":0,"max_hp_loss":0,"event_name":"Golden Wing","floor":4,"gold_loss":0},{"damage_healed":0,"gold_gain":0,"player_choice":"Success","damage_taken":7,"relics_obtained":["Darkstone Periapt"],"max_hp_gain":0,"max_hp_loss":0,"event_name":"Scrap Ooze","floor":14,"gold_loss":0},{"damage_healed":0,"gold_gain":0,"player_choice":"Obtained Book","damage_taken":16,"max_hp_gain":0,"max_hp_loss":0,"event_name":"Cursed Tome","floor":19,"gold_loss":0},{"damage_healed":0,"gold_gain":0,"player_choice":"Fought Bandits","damage_taken":0,"max_hp_gain":0,"max_hp_loss":0,"event_name":"Masked Bandits","floor":22,"gold_loss":0},{"damage_healed":0,"gold_gain":0,"player_choice":"Inject Mutagens","damage_taken":0,"relics_obtained":["MutagenicStrength"],"max_hp_gain":0,"max_hp_loss":0,"event_name":"Drug Dealer","floor":25,"gold_loss":0},{"damage_healed":0,"gold_gain":0,"player_choice":"Smashed Altar","damage_taken":0,"max_hp_gain":0,"max_hp_loss":0,"event_name":"Forgotten Altar","floor":28,"gold_loss":0,"cards_obtained":["Decay"]},{"damage_healed":0,"gold_gain":0,"player_choice":"Fight","damage_taken":0,"max_hp_gain":0,"max_hp_loss":0,"event_name":"Colosseum","floor":30,"gold_loss":0},{"damage_healed":0,"gold_gain":0,"player_choice":"Fled From Nobs","damage_taken":0,"max_hp_gain":0,"max_hp_loss":0,"event_name":"Colosseum","floor":30,"gold_loss":0},{"cards_removed":["Strike_B"],"damage_healed":0,"gold_gain":0,"player_choice":"Offered Basic","damage_taken":0,"max_hp_gain":0,"max_hp_loss":0,"event_name":"Bonfire Elementals","floor":36,"gold_loss":0},{"damage_healed":0,"gold_gain":0,"player_choice":"Upgraded Two","damage_taken":0,"max_hp_gain":0,"max_hp_loss":0,"event_name":"Designer","floor":39,"gold_loss":40,"cards_upgraded":["Ball Lightning","Cold Snap"]}],"is_beta":false,"boss_relics":[{"not_picked":["Inserter","Calling Bell"],"picked":"Velvet Choker"},{"not_picked":["Lizard Tail","Orrery"],"picked":"Black Star"}],"items_purged_floors":[29],"is_endless":false,"potions_floor_spawned":[1,10,11,20,21,22,33,35,37,42,44],"killed_by":"Nemesis","ascension_level":1}