{"gold_per_floor":[113,124,9,9,9,44,44,0,24,37,37,47,65,65],"floor_reached":14,"playtime":294,"items_purged":[],"score":219,"play_id":"28efd52a-07ea-4ec7-b029-bbd743570d88","local_time":"20190127164145","is_ascension_mode":true,"campfire_choices":[{"data":"Zap","floor":7,"key":"SMITH"},{"data":"Capacitor","floor":11,"key":"SMITH"}],"neow_cost":"NONE","seed_source_timestamp":1470337655999700,"circlet_count":0,"master_deck":["AscendersBane","Strike_B","Strike_B","Strike_B","Strike_B","Defend_B","Defend_B+1","Defend_B","Defend_B","Zap+1","Dualcast","Loop","Consume+1","Capacitor+1","Steam","Undo","Tempest","Ball Lightning","White Noise"],"relics":["Cracked Core","NeowsBlessing","Omamori","Pen Nib"],"potions_floor_usage":[14],"damage_taken":[{"damage":0,"enemies":"Small Slimes","floor":1,"turns":1},{"damage":0,"enemies":"Jaw Worm","floor":2,"turns":1},{"damage":0,"enemies":"Gremlin Nob","floor":6,"turns":1},{"damage":2,"enemies":"2 Louse","floor":10,"turns":3},{"damage":19,"enemies":"Exordium Thugs","floor":12,"turns":5},{"damage":11,"enemies":"Looter","floor":13,"turns":3},{"damage":20,"enemies":"3 Sentries","floor":14,"turns":2}],"seed_played":"-6852090147984055796","potions_obtained":[{"floor":2,"key":"Weak Potion"},{"floor":13,"key":"GamblersBrew"}],"is_trial":false,"path_per_floor":["M","M","$","?","?","E","R","?","T","M","R","M","M","E"],"character_chosen":"DEFECT","items_purchased":["Capacitor","Steam"],"campfire_rested":0,"item_purchase_floors":[3,3],"current_hp_per_floor":[64,64,64,43,43,43,43,43,43,41,41,22,11,0],"gold":65,"neow_bonus":"THREE_ENEMY_KILL","is_prod":false,"is_daily":false,"chose_seed":false,"campfire_upgraded":2,"win_rate":0,"timestamp":1548636105,"path_taken":["M","M","$","?","?","E","R","?","T","M","R","M","M","E"],"build_version":"2019-01-23","purchased_purges":0,"victory":false,"max_hp_per_floor":[71,71,71,71,71,71,71,71,71,71,71,71,71,71],"card_choices":[{"not_picked":["Barrage","Double Energy"],"picked":"Loop","floor":1},{"not_picked":["Hologram","Ball Lightning"],"picked":"Consume","floor":2},{"not_picked":["Force Field","Gash"],"picked":"Undo","floor":6},{"not_picked":["Consume","Beam Cell"],"picked":"Tempest","floor":10},{"not_picked":["Heatsinks","Compile Driver"],"picked":"Ball Lightning","floor":12},{"not_picked":["Rebound","BootSequence"],"picked":"White Noise","floor":13}],"player_experience":595354,"relics_obtained":[{"floor":6,"key":"Omamori"},{"floor":9,"key":"Pen Nib"}],"event_choices":[{"damage_healed":0,"gold_gain":0,"player_choice":"Entered Light","damage_taken":21,"max_hp_gain":0,"max_hp_loss":0,"event_name":"Shining Light","floor":4,"gold_loss":0,"cards_upgraded":["Defend_B","Consume"]},{"damage_healed":0,"gold_gain":0,"player_choice":"Ignored","damage_taken":0,"max_hp_gain":0,"max_hp_loss":0,"event_name":"Liars Game","floor":5,"gold_loss":0},{"damage_healed":0,"gold_gain":0,"player_choice":"Left Gold","damage_taken":0,"max_hp_gain":0,"max_hp_loss":0,"event_name":"World of Goop","floor":8,"gold_loss":44}],"is_beta":false,"boss_relics":[],"items_purged_floors":[],"is_endless":false,"potions_floor_spawned":[2,13],"killed_by":"3 Sentries","ascension_level":18}