{"gold_per_floor":[112,125,143,0,19,10,27,54,101,101,136,148,170,199,211,321,333,355,166,81,100,118,118,137,165,165,165,165,195,195,215,215,215],"floor_reached":33,"playtime":1624,"items_purged":[],"score":301,"play_id":"3c96effa-b5c6-46da-9e29-4d59f2524b39","local_time":"20190306014017","is_ascension_mode":false,"campfire_choices":[{"data":"Zap","floor":10,"key":"SMITH"},{"data":"Hologram","floor":15,"key":"SMITH"},{"data":"Stack","floor":23,"key":"SMITH"},{"floor":28,"key":"REST"},{"data":"Dualcast","floor":30,"key":"SMITH"},{"data":"Coolheaded","floor":32,"key":"SMITH"}],"neow_cost":"NONE","seed_source_timestamp":2388365463999500,"circlet_count":0,"master_deck":["Strike_B+1","Strike_B+1","Strike_B+1","Strike_B+1","Defend_B+1","Defend_B+1","Defend_B+1","Defend_B+1","Zap+1","Dualcast+1","Gash","Steam","Rebound+1","Conserve Battery","Cold Snap+1","Stack+1","Hologram+1","Sweeping Beam","Coolheaded+1","Ball Lightning","Steam","Beam Cell","Coolheaded","Sweeping Beam+1"],"relics":["Cracked Core","Art of War","Orichalcum","Oddly Smooth Stone","MawBank","Busted Crown","Whetstone","Sundial","Juzu Bracelet","StoneCalendar","Lantern"],"potions_floor_usage":[8,12,16,25,25],"damage_taken":[{"damage":0,"enemies":"Cultist","floor":1,"turns":3},{"damage":0,"enemies":"Jaw Worm","floor":2,"turns":3},{"damage":0,"enemies":"Small Slimes","floor":3,"turns":3},{"damage":5,"enemies":"Looter","floor":5,"turns":3},{"damage":14,"enemies":"Exordium Thugs","floor":6,"turns":5},{"damage":6,"enemies":"3 Louse","floor":7,"turns":3},{"damage":5,"enemies":"Lagavulin","floor":8,"turns":10},{"damage":37,"enemies":"Gremlin Nob","floor":11,"turns":6},{"damage":5,"enemies":"Gremlin Gang","floor":13,"turns":4},{"damage":2,"enemies":"Exordium Thugs","floor":14,"turns":4},{"damage":14,"enemies":"The Guardian","floor":16,"turns":16},{"damage":2,"enemies":"Spheric Guardian","floor":18,"turns":7},{"damage":4,"enemies":"3 Byrds","floor":21,"turns":4},{"damage":10,"enemies":"Cultist and Chosen","floor":22,"turns":6},{"damage":5,"enemies":"Snake Plant","floor":24,"turns":5},{"damage":47,"enemies":"Gremlin Leader","floor":25,"turns":7},{"damage":9,"enemies":"Book of Stabbing","floor":29,"turns":6},{"damage":3,"enemies":"3 Cultists","floor":31,"turns":5},{"damage":48,"enemies":"Champ","floor":33,"turns":12}],"seed_played":"3892583297859998591","potions_obtained":[{"floor":0,"key":"FairyPotion"},{"floor":0,"key":"SneckoOil"},{"floor":0,"key":"Weak Potion"},{"floor":1,"key":"FairyPotion"},{"floor":11,"key":"AttackPotion"},{"floor":12,"key":"Fruit Juice"},{"floor":12,"key":"SpeedPotion"},{"floor":21,"key":"Block Potion"},{"floor":22,"key":"Dexterity Potion"}],"is_trial":false,"path_per_floor":["M","M","M","$","M","M","M","E","T","R","E","?","M","M","R","B",null,"M","$","?","M","M","R","M","E","T","?","R","E","R","M","R","B"],"character_chosen":"DEFECT","items_purchased":["Art of War","Whetstone","Ball Lightning"],"campfire_rested":1,"item_purchase_floors":[4,19,19],"current_hp_per_floor":[75,75,75,75,70,56,50,45,45,45,8,13,8,6,6,3,80,78,78,78,74,64,64,59,12,12,12,36,27,27,24,24,0],"gold":215,"neow_bonus":"THREE_SMALL_POTIONS","is_prod":false,"is_daily":false,"chose_seed":false,"campfire_upgraded":5,"win_rate":0,"timestamp":1551865217,"path_taken":["M","M","M","$","M","M","M","E","T","R","E","?","M","M","R","BOSS","M","$","?","M","M","R","M","E","T","?","R","E","R","M","R","BOSS"],"build_version":"2019-01-23","purchased_purges":0,"victory":false,"max_hp_per_floor":[75,75,75,75,75,75,75,75,75,75,75,80,80,80,80,80,80,80,80,80,80,80,80,80,80,80,80,80,80,80,80,80,80],"card_choices":[{"not_picked":["Coolheaded","Heatsinks"],"picked":"Gash","floor":1},{"not_picked":["Steam Power","Glacier"],"picked":"Steam","floor":2},{"not_picked":["Undo","Redo"],"picked":"Rebound","floor":3},{"not_picked":["Beam Cell","Double Energy"],"picked":"Conserve Battery","floor":5},{"not_picked":["Barrage","Leap"],"picked":"Cold Snap","floor":6},{"not_picked":["Compile Driver","Electrodynamics"],"picked":"Stack","floor":7},{"not_picked":["Barrage","Steam"],"picked":"Hologram","floor":8},{"not_picked":["FTL","Loop"],"picked":"Sweeping Beam","floor":11},{"not_picked":["Barrage","Consume"],"picked":"Coolheaded","floor":13},{"not_picked":["Rebound","Recycle","Static Discharge"],"picked":"SKIP","floor":14},{"not_picked":["Skim"],"picked":"SKIP","floor":18},{"not_picked":["Loop+1"],"picked":"SKIP","floor":21},{"not_picked":[],"picked":"Steam","floor":22},{"not_picked":[],"picked":"Beam Cell","floor":24},{"not_picked":[],"picked":"Coolheaded","floor":25},{"not_picked":[],"picked":"Sweeping Beam+1","floor":29},{"not_picked":["Rip and Tear"],"picked":"SKIP","floor":31}],"player_experience":799586,"relics_obtained":[{"floor":8,"key":"Orichalcum"},{"floor":9,"key":"Oddly Smooth Stone"},{"floor":11,"key":"MawBank"},{"floor":25,"key":"Juzu Bracelet"},{"floor":26,"key":"StoneCalendar"},{"floor":29,"key":"Lantern"}],"event_choices":[{"damage_healed":0,"gold_gain":0,"player_choice":"Got Potions","damage_taken":0,"max_hp_gain":0,"max_hp_loss":0,"event_name":"Lab","floor":12,"gold_loss":0},{"damage_healed":0,"gold_gain":0,"player_choice":"Obtained Relic","damage_taken":0,"relics_obtained":["Sundial"],"max_hp_gain":0,"max_hp_loss":0,"event_name":"Addict","floor":20,"gold_loss":85},{"damage_healed":0,"gold_gain":0,"player_choice":"Simplicity","damage_taken":0,"max_hp_gain":0,"max_hp_loss":0,"event_name":"Back to Basics","floor":27,"gold_loss":0,"cards_upgraded":["Strike_B","Strike_B","Strike_B","Strike_B","Defend_B","Defend_B","Defend_B","Defend_B"]}],"is_beta":false,"boss_relics":[{"not_picked":["Runic Dome","Snecko Eye"],"picked":"Busted Crown"}],"items_purged_floors":[],"is_endless":false,"potions_floor_spawned":[1,2,7,11,14,21,22],"killed_by":"Champ","ascension_level":0}