{"gold_per_floor":[117,117,117,117,137,137,155,188,188,206,206,30,30,30],"floor_reached":14,"playtime":298,"items_purged":["Strike_B"],"score":176,"play_id":"e26ad873-0ace-4e6c-a3b3-3def7dc47b09","local_time":"20181103230052","is_ascension_mode":true,"campfire_choices":[{"floor":6,"key":"REST"},{"floor":11,"key":"REST"}],"neow_cost":"NONE","seed_source_timestamp":182782821941507,"circlet_count":0,"master_deck":["AscendersBane","Strike_B","Strike_B","Defend_B","Defend_B","Defend_B","Defend_B","Zap+1","Dualcast+1","All For One","Capacitor","Conserve Battery","Coolheaded+1","Bandage Up"],"relics":["Cracked Core","Letter Opener","Bottled Lightning"],"potions_floor_usage":[14],"damage_taken":[{"damage":7,"enemies":"Cultist","floor":1,"turns":4},{"damage":10,"enemies":"Small Slimes","floor":5,"turns":3},{"damage":5,"enemies":"2 Louse","floor":7,"turns":2},{"damage":55,"enemies":"3 Sentries","floor":8,"turns":9},{"damage":7,"enemies":"Red Slaver","floor":10,"turns":2},{"damage":20,"enemies":"Gremlin Nob","floor":14,"turns":3}],"seed_played":"-7314368561654726356","potions_obtained":[{"floor":8,"key":"Block Potion"}],"is_trial":false,"path_per_floor":["M","?","?","?","M","R","M","E","T","M","R","$","?","E"],"character_chosen":"DEFECT","items_purchased":["Bandage Up"],"campfire_rested":2,"item_purchase_floors":[12],"current_hp_per_floor":[64,69,69,69,59,83,78,23,23,16,40,40,15,0],"gold":30,"neow_bonus":"TEN_PERCENT_HP_BONUS","is_prod":false,"is_daily":false,"chose_seed":false,"campfire_upgraded":0,"win_rate":0,"timestamp":1541311252,"path_taken":["M","?","?","?","?","R","M","E","T","M","R","$","?","E"],"build_version":"2018-11-01","purchased_purges":1,"victory":false,"max_hp_per_floor":[78,83,83,83,83,83,83,83,83,83,83,83,83,83],"card_choices":[{"not_picked":["Compile Driver","Redo","Hologram"],"picked":"SKIP","floor":1},{"not_picked":["Streamline","Gash","Sweeping Beam"],"picked":"SKIP","floor":5},{"not_picked":["Cold Snap","Barrage"],"picked":"Capacitor","floor":7},{"not_picked":["Ball Lightning","Steam Power"],"picked":"Conserve Battery","floor":8},{"not_picked":["Rip and Tear","Ball Lightning"],"picked":"Coolheaded","floor":10}],"player_experience":607102,"relics_obtained":[{"floor":8,"key":"Letter Opener"},{"floor":9,"key":"Bottled Lightning"}],"event_choices":[{"damage_healed":0,"gold_gain":0,"player_choice":"Donut","damage_taken":0,"max_hp_gain":5,"max_hp_loss":0,"event_name":"Big Fish","floor":2,"gold_loss":0},{"damage_healed":0,"gold_gain":0,"cards_transformed":["Strike_B"],"player_choice":"Change","damage_taken":0,"max_hp_gain":0,"max_hp_loss":0,"event_name":"Living Wall","floor":3,"gold_loss":0,"cards_obtained":["All For One"]},{"damage_healed":0,"gold_gain":0,"player_choice":"Upgraded","damage_taken":0,"max_hp_gain":0,"max_hp_loss":0,"event_name":"Upgrade Shrine","floor":4,"gold_loss":0,"cards_upgraded":["Zap"]},{"damage_healed":0,"gold_gain":0,"player_choice":"Entered Light","damage_taken":25,"max_hp_gain":0,"max_hp_loss":0,"event_name":"Shining Light","floor":13,"gold_loss":0,"cards_upgraded":["Coolheaded","Dualcast"]}],"is_beta":false,"boss_relics":[],"items_purged_floors":[12],"is_endless":false,"potions_floor_spawned":[8],"killed_by":"Gremlin Nob","ascension_level":20}