{"gold_per_floor":[111,91,101,116,27,27,27,37,37,64,109,129,129,147,147,219,219,234,214,230,3,3,3,13,41,41,41,57,83,102,152,152,231,231,243,256,256,275,33,33,33,63,143,162,162,162,190,200,200,200,200],"floor_reached":52,"playtime":2290,"items_purged":["Strike_R"],"score":1908,"play_id":"2678ea72-3c6e-4244-abda-5b726a754499","local_time":"20181204230458","is_ascension_mode":true,"campfire_choices":[{"data":"Whirlwind","floor":6.0,"key":"SMITH"},{"floor":13.0,"key":"REST"},{"data":"Disarm","floor":15.0,"key":"SMITH"},{"floor":23.0,"key":"REST"},{"floor":27,"key":"REST"},{"floor":32,"key":"REST"},{"floor":40,"key":"REST"},{"floor":45,"key":"DIG"},{"floor":49,"key":"REST"}],"neow_cost":"NONE","seed_source_timestamp":528119396052975,"circlet_count":0,"master_deck":["AscendersBane","Defend_R","Defend_R","Defend_R","Defend_R","Bash","Feed","Shrug It Off","Whirlwind+1","Flame Barrier","Shrug It Off","Disarm+1","Metallicize","Barricade+1","Whirlwind","Shockwave","Shockwave","Whirlwind","Reaper","Inflame+1","Spot Weakness","Shrug It Off","Inflame+1"],"special_seed":0,"relics":["Burning Blood","Pear","Matryoshka","Frozen Egg 2","Orichalcum","Fusion Hammer","Chemical X","Meat on the Bone","Oddly Smooth Stone","Shovel","Singing Bowl","Empty Cage","Happy Flower","Gremlin Horn","Molten Egg 2","Centennial Puzzle"],"potions_floor_usage":[24,25,33,36,47,50,50],"damage_taken":[{"damage":15.0,"enemies":"Small Slimes","floor":1.0,"turns":4.0},{"damage":6.0,"enemies":"Cultist","floor":3.0,"turns":3.0},{"damage":9.0,"enemies":"Jaw Worm","floor":4.0,"turns":5.0},{"damage":7.0,"enemies":"Large Slime","floor":8.0,"turns":8.0},{"damage":73.0,"enemies":"Lagavulin","floor":10.0,"turns":11.0},{"damage":0.0,"enemies":"Red Slaver","floor":12.0,"turns":6.0},{"damage":0.0,"enemies":"3 Louse","floor":14.0,"turns":1.0},{"damage":45.0,"enemies":"The Guardian","floor":16.0,"turns":18.0},{"damage":8.0,"enemies":"Shell Parasite","floor":18.0,"turns":11.0},{"damage":16.0,"enemies":"2 Thieves","floor":19.0,"turns":4.0},{"damage":29.0,"enemies":"Shelled Parasite and Fungi","floor":20.0,"turns":8.0},{"damage":43,"enemies":"Sentry and Sphere","floor":24,"turns":10},{"damage":42,"enemies":"Gremlin Leader","floor":25,"turns":10},{"damage":0,"enemies":"3 Cultists","floor":28,"turns":3},{"damage":43,"enemies":"Book of Stabbing","floor":29,"turns":8},{"damage":22,"enemies":"Chosen and Byrds","floor":30,"turns":4},{"damage":38,"enemies":"Collector","floor":33,"turns":10},{"damage":2,"enemies":"Orb Walker","floor":35,"turns":4},{"damage":25,"enemies":"3 Shapes","floor":36,"turns":13},{"damage":83,"enemies":"Transient","floor":38,"turns":6},{"damage":30,"enemies":"Reptomancer","floor":42,"turns":6},{"damage":15,"enemies":"Maw","floor":44,"turns":7},{"damage":37,"enemies":"Nemesis","floor":47,"turns":7},{"damage":36,"enemies":"Spire Growth","floor":48,"turns":5},{"damage":78,"enemies":"Donu and Deca","floor":50,"turns":7},{"damage":53,"enemies":"Time Eater","floor":51,"turns":12}],"seed_played":"682534807949140179","potions_obtained":[{"floor":2.0,"key":"Block Potion"},{"floor":4.0,"key":"SneckoOil"},{"floor":10.0,"key":"SpeedPotion"},{"floor":14.0,"key":"Ancient Potion"},{"floor":20.0,"key":"SteroidPotion"},{"floor":24,"key":"BloodPotion"},{"floor":25,"key":"SpeedPotion"},{"floor":29,"key":"Ancient Potion"},{"floor":38,"key":"FearPotion"},{"floor":44,"key":"Fruit Juice"},{"floor":48,"key":"AttackPotion"}],"is_trial":false,"path_per_floor":["M","?","M","M","$","R","$","M","T","E","T","M","R","M","R","B",null,"M","M","M","$","?","R","M","E","T","R","M","E","M","?","R","B",null,"M","M","?","M","$","R","$","E","T","M","R","?","E","M","R","B","B",null],"character_chosen":"IRONCLAD","items_purchased":["Flame Barrier","Shrug It Off","Chemical X","Inflame+1","Spot Weakness"],"campfire_rested":6,"item_purchase_floors":[5,5,21,39,39],"current_hp_per_floor":[62,62,65,62,62,62,62,64,74,7,7,16,45,51,51,12,76,77,70,50,50,50,81,44,18,18,49,67,42,38,38,69,49,92,98,96,96,39,39,73,73,71,71,79,79,79,68,50,86,62,51],"gold":200,"neow_bonus":"ONE_RANDOM_RARE_CARD","is_prod":false,"is_daily":false,"chose_seed":false,"campfire_upgraded":2,"win_rate":0,"timestamp":1543993498,"path_taken":["M","?","?","M","$","R","$","?","T","E","?","M","R","M","R","BOSS","M","M","M","$","?","R","M","E","T","R","M","E","?","?","R","BOSS","M","M","?","M","$","R","?","E","T","?","R","?","E","M","R","BOSS","BOSS"],"build_version":"2018-11-15","purchased_purges":1,"victory":true,"max_hp_per_floor":[78,78,81,81,81,81,81,84,94,94,94,97,97,97,97,97,97,100,103,106,106,106,106,106,106,106,106,106,106,106,106,106,106,106,108,113,113,115,115,115,115,115,115,117,117,117,122,122,122,122,122],"card_choices":[{"not_picked":["Twin Strike","Warcry","Iron Wave"],"picked":"SKIP","floor":1.0},{"not_picked":["Clash","Seeing Red"],"picked":"Shrug It Off","floor":3.0},{"not_picked":["Twin Strike","Blood for Blood"],"picked":"Whirlwind","floor":4.0},{"not_picked":["Iron Wave","Heavy Blade"],"picked":"Disarm","floor":8.0},{"not_picked":["Warcry","Seeing Red"],"picked":"Metallicize","floor":10.0},{"not_picked":["True Grit","Pommel Strike","Wild Strike"],"picked":"SKIP","floor":12.0},{"not_picked":["Infernal Blade","Sentinel","Flex"],"picked":"SKIP","floor":14.0},{"not_picked":["Berserk+1","Feed"],"picked":"Barricade+1","floor":16.0},{"not_picked":["Perfected Strike","True Grit","Sword Boomerang"],"picked":"SKIP","floor":18.0},{"not_picked":["Burning Pact","Sword Boomerang","Twin Strike+1"],"picked":"SKIP","floor":19.0},{"not_picked":["Second Wind","Brutality+1","Headbutt+1"],"picked":"SKIP","floor":20.0},{"not_picked":["Cleave","Iron Wave","Sword Boomerang"],"picked":"SKIP","floor":24},{"not_picked":["Second Wind","Rupture+1"],"picked":"Whirlwind","floor":25},{"not_picked":["Body Slam","Fire Breathing+1"],"picked":"Shockwave","floor":28},{"not_picked":["Thunderclap","Rage"],"picked":"Shockwave","floor":29},{"not_picked":["Dropkick","Havoc"],"picked":"Whirlwind","floor":30},{"not_picked":["Berserk+1","Immolate"],"picked":"Reaper","floor":33},{"not_picked":["Thunderclap+1","Armaments","Perfected Strike+1"],"picked":"Singing Bowl","floor":35},{"not_picked":["Cleave+1","Heavy Blade+1","Intimidate+1"],"picked":"Singing Bowl","floor":36},{"not_picked":["Anger+1","Sentinel","Sword Boomerang"],"picked":"Singing Bowl","floor":38},{"not_picked":["Brutality+1","True Grit+1"],"picked":"Uppercut+1","floor":42},{"not_picked":["Havoc+1","Searing Blow","Bloodletting"],"picked":"Singing Bowl","floor":44},{"not_picked":["Body Slam+1","Warcry"],"picked":"Shrug It Off","floor":47},{"not_picked":["Feed+1","True Grit"],"picked":"Inflame+1","floor":48}],"player_experience":684346,"relics_obtained":[{"floor":9.0,"key":"Pear"},{"floor":10.0,"key":"Matryoshka"},{"floor":11.0,"key":"Frozen Egg 2"},{"floor":11.0,"key":"Orichalcum"},{"floor":25,"key":"Meat on the Bone"},{"floor":26,"key":"Oddly Smooth Stone"},{"floor":26,"key":"Shovel"},{"floor":29,"key":"Singing Bowl"},{"floor":42,"key":"Happy Flower"},{"floor":43,"key":"Gremlin Horn"},{"floor":45,"key":"Molten Egg 2"},{"floor":47,"key":"Centennial Puzzle"}],"event_choices":[{"damage_healed":0.0,"max_hp_gain":0.0,"max_hp_loss":0.0,"gold_gain":0.0,"event_name":"The Woman in Blue","player_choice":"Bought 1 Potion","floor":2.0,"gold_loss":0.0,"damage_taken":0.0},{"cards_removed":["Strike_R"],"damage_healed":0.0,"max_hp_gain":0.0,"max_hp_loss":0.0,"gold_gain":0.0,"event_name":"Bonfire Elementals","player_choice":"Offered Basic","floor":22.0,"gold_loss":0.0,"damage_taken":0.0},{"damage_healed":0,"gold_gain":50,"player_choice":"Stole From Cult","damage_taken":0,"max_hp_gain":0,"max_hp_loss":0,"event_name":"Nest","floor":31,"gold_loss":0},{"cards_removed":["Strike_R"],"damage_healed":0,"gold_gain":0,"player_choice":"Card Removal","damage_taken":0,"max_hp_gain":0,"max_hp_loss":0,"event_name":"Wheel of Change","floor":37,"gold_loss":0},{"cards_removed":["Uppercut"],"damage_healed":0,"gold_gain":0,"player_choice":"Removed Attack","damage_taken":0,"max_hp_gain":0,"max_hp_loss":0,"event_name":"Falling","floor":46,"gold_loss":0}],"is_beta":false,"boss_relics":[{"not_picked":["Busted Crown","Astrolabe"],"picked":"Fusion Hammer"},{"not_picked":["Calling Bell","White Beast Statue"],"picked":"Empty Cage"}],"items_purged_floors":[39],"is_endless":false,"potions_floor_spawned":[4,10,14,20,24,25,29,38,44,48],"ascension_level":20}