{"gold_per_floor":[113,125,138,157,157,157,189,189,215,240,240,274,274,300,300,402,402,417,428,113,113,133,133,150,170,170,185,220,220,238,252,252,354,354,374,24,70,70,0,0,100,116,142,158,158,172,172,185,185,185],"floor_reached":51,"playtime":3754,"items_purged":[],"score":804,"play_id":"b65eefbd-1655-4f21-9562-3f1dde71d763","local_time":"20181110042021","is_ascension_mode":true,"campfire_choices":[{"data":"Armaments","floor":6,"key":"SMITH"},{"data":"Metallicize","floor":8,"key":"SMITH"},{"data":"Burning Pact","floor":11,"key":"SMITH"},{"data":"True Grit","floor":13,"key":"SMITH"},{"data":"Bash","floor":15,"key":"SMITH"},{"data":"Spot Weakness","floor":23,"key":"SMITH"},{"data":"Feel No Pain","floor":32,"key":"SMITH"},{"data":"Madness","floor":40,"key":"SMITH"},{"data":"Body Slam","floor":47,"key":"SMITH"},{"data":"Sentinel","floor":49,"key":"SMITH"}],"neow_cost":"NONE","seed_source_timestamp":125695031910191,"circlet_count":0,"master_deck":["Strike_R","Strike_R","Strike_R","Strike_R","Defend_R+1","Defend_R+1","Defend_R","Bash+1","Twin Strike","Armaments+1","Sentinel+1","Shrug It Off","Metallicize+1","Burning Pact+1","True Grit+1","Shockwave","Reaper","Evolve","Body Slam+1","Spot Weakness+1","Blood for Blood","Disarm","Thunderclap+1","Feel No Pain+1","Flame Barrier","Pommel Strike+1","Battle Trance+1","Reaper","Armaments+1","Metallicize+1","Shrug It Off+1","Madness","Madness+1","Flex+1","Metallicize+1","Body Slam+1","Sentinel+1"],"relics":["Burning Blood","War Paint","Red Skull","Pen Nib","Smiling Mask","Omamori","Gambling Chip","Coffee Dripper","Shuriken","Mummified Hand","Incense Burner","Singing Bowl","Runic Pyramid","DollysMirror","Bag of Preparation","Peace Pipe","Red Mask","Calipers","Boot"],"potions_floor_usage":[14,14,16,24,27,33,33,50,50,50],"damage_taken":[{"damage":8,"enemies":"Jaw Worm","floor":1,"turns":5},{"damage":0,"enemies":"Cultist","floor":2,"turns":3},{"damage":1,"enemies":"2 Louse","floor":3,"turns":3},{"damage":7,"enemies":"Looter","floor":4,"turns":5},{"damage":22,"enemies":"3 Sentries","floor":7,"turns":12},{"damage":12,"enemies":"Lagavulin","floor":10,"turns":12},{"damage":20,"enemies":"Gremlin Nob","floor":12,"turns":5},{"damage":2,"enemies":"3 Sentries","floor":14,"turns":12},{"damage":27,"enemies":"The Guardian","floor":16,"turns":13},{"damage":15,"enemies":"3 Byrds","floor":18,"turns":7},{"damage":19,"enemies":"Spheric Guardian","floor":19,"turns":11},{"damage":25,"enemies":"Snecko","floor":22,"turns":6},{"damage":22,"enemies":"Chosen and Byrds","floor":24,"turns":5},{"damage":12,"enemies":"Centurion and Healer","floor":25,"turns":7},{"damage":15,"enemies":"Snecko","floor":27,"turns":6},{"damage":9,"enemies":"Gremlin Leader","floor":28,"turns":4},{"damage":0,"enemies":"Shelled Parasite and Fungi","floor":30,"turns":5},{"damage":15,"enemies":"Snake Plant","floor":31,"turns":4},{"damage":70,"enemies":"Collector","floor":33,"turns":8},{"damage":19,"enemies":"3 Darklings","floor":35,"turns":5},{"damage":33,"enemies":"2 Orb Walkers","floor":37,"turns":8},{"damage":0,"enemies":"Mind Bloom Boss Battle","floor":41,"turns":6},{"damage":0,"enemies":"Orb Walker","floor":42,"turns":5},{"damage":0,"enemies":"Maw","floor":44,"turns":10},{"damage":28,"enemies":"4 Shapes","floor":46,"turns":5},{"damage":9,"enemies":"Transient","floor":48,"turns":5},{"damage":10,"enemies":"Donu and Deca","floor":50,"turns":6}],"seed_played":"4215107923497175962","potions_obtained":[{"floor":3,"key":"Poison Potion"},{"floor":4,"key":"SkillPotion"},{"floor":14,"key":"Strength Potion"},{"floor":22,"key":"Energy Potion"},{"floor":24,"key":"EssenceOfSteel"},{"floor":28,"key":"SteroidPotion"},{"floor":30,"key":"SkillPotion"},{"floor":31,"key":"FearPotion"},{"floor":35,"key":"LiquidBronze"},{"floor":42,"key":"LiquidBronze"},{"floor":44,"key":"EssenceOfSteel"}],"is_trial":false,"path_per_floor":["M","M","M","M","?","R","E","R","T","E","R","E","R","E","R","B",null,"M","M","$","?","M","R","M","M","T","M","E","?","M","M","R","B",null,"M","$","?","?","?","R","?","M","T","M","?","M","R","M","R","B",null],"character_chosen":"IRONCLAD","items_purchased":["Shuriken","Spot Weakness","DollysMirror","Bag of Preparation"],"campfire_rested":0,"item_purchase_floors":[20,20,36,36],"current_hp_per_floor":[78,80,80,79,79,79,63,63,63,57,57,43,43,47,47,26,80,71,58,58,58,39,39,47,54,54,45,69,54,63,63,63,11,85,85,85,72,61,61,61,85,85,85,85,85,85,85,84,84,83],"gold":185,"neow_bonus":"RANDOM_COMMON_RELIC","is_prod":false,"is_daily":false,"chose_seed":false,"campfire_upgraded":10,"win_rate":0,"timestamp":1541852421,"path_taken":["M","M","M","M","?","R","E","R","T","E","R","E","R","E","R","BOSS","M","M","$","?","M","R","M","M","T","M","E","?","M","M","R","BOSS","M","$","?","?","?","R","?","M","T","M","?","M","R","?","R","BOSS"],"build_version":"2018-11-08","purchased_purges":0,"victory":true,"max_hp_per_floor":[80,80,80,80,80,80,80,80,80,80,80,80,80,80,80,80,80,80,80,80,80,80,80,80,80,80,80,80,85,85,85,85,85,85,85,85,85,85,85,85,85,85,85,85,85,85,85,87,87,87],"card_choices":[{"not_picked":["Clash","Havoc"],"picked":"Twin Strike","floor":1},{"not_picked":["Clash","Clothesline"],"picked":"Armaments","floor":2},{"not_picked":["Shrug It Off","Blood for Blood"],"picked":"Sentinel","floor":3},{"not_picked":["Ghostly Armor","Clash"],"picked":"Shrug It Off","floor":4},{"not_picked":["Bloodletting","Perfected Strike"],"picked":"Metallicize","floor":7},{"not_picked":["Clash","Armaments"],"picked":"Burning Pact","floor":10},{"not_picked":["Dual Wield","Second Wind"],"picked":"True Grit","floor":12},{"not_picked":["Burning Pact","Armaments"],"picked":"Shockwave","floor":14},{"not_picked":["Impervious","Exhume"],"picked":"Reaper","floor":16},{"not_picked":["Armaments","Sword Boomerang"],"picked":"Evolve","floor":18},{"not_picked":["Power Through+1","Spot Weakness"],"picked":"Body Slam+1","floor":19},{"not_picked":["Shrug It Off","Cleave"],"picked":"Blood for Blood","floor":22},{"not_picked":["Shockwave+1","Rage"],"picked":"Disarm","floor":24},{"not_picked":["Pommel Strike","Flame Barrier"],"picked":"Thunderclap+1","floor":25},{"not_picked":["Entrench","Wild Strike"],"picked":"Feel No Pain","floor":27},{"not_picked":["Cleave","Armaments+1"],"picked":"Flame Barrier","floor":28},{"not_picked":["Immolate","Blood for Blood"],"picked":"Pommel Strike+1","floor":30},{"not_picked":["Flex","Iron Wave"],"picked":"Battle Trance+1","floor":31},{"not_picked":["Dark Embrace","Impervious"],"picked":"Reaper","floor":33},{"not_picked":["Warcry","Uppercut"],"picked":"Armaments+1","floor":35},{"not_picked":["Clash+1","True Grit"],"picked":"Shrug It Off+1","floor":37},{"not_picked":["Wild Strike+1","Warcry"],"picked":"Flex+1","floor":41},{"not_picked":["Clothesline+1","Thunderclap+1"],"picked":"Metallicize+1","floor":42},{"not_picked":["Clothesline","Flex+1"],"picked":"Body Slam","floor":44},{"not_picked":["Clothesline","Blood for Blood"],"picked":"Sentinel+1","floor":46},{"not_picked":["Anger","Shrug It Off","Clothesline+1"],"picked":"Singing Bowl","floor":48}],"player_experience":390666,"relics_obtained":[{"floor":7,"key":"Red Skull"},{"floor":9,"key":"Pen Nib"},{"floor":10,"key":"Smiling Mask"},{"floor":12,"key":"Omamori"},{"floor":14,"key":"Gambling Chip"},{"floor":26,"key":"Incense Burner"},{"floor":28,"key":"Singing Bowl"},{"floor":37,"key":"Peace Pipe"},{"floor":41,"key":"Calipers"},{"floor":43,"key":"Boot"}],"event_choices":[{"cards_removed":["Strike_R"],"damage_healed":0,"gold_gain":0,"player_choice":"Offered Basic","damage_taken":0,"max_hp_gain":0,"max_hp_loss":0,"event_name":"Bonfire Elementals","floor":5,"gold_loss":0},{"damage_healed":0,"gold_gain":0,"player_choice":"Opened","damage_taken":0,"relics_obtained":["Mummified Hand"],"max_hp_gain":0,"max_hp_loss":0,"event_name":"The Mausoleum","floor":21,"gold_loss":0,"cards_obtained":["Writhe"]},{"damage_healed":0,"gold_gain":0,"player_choice":"Shed Blood","damage_taken":20,"max_hp_gain":5,"max_hp_loss":0,"event_name":"Forgotten Altar","floor":29,"gold_loss":0},{"damage_healed":0,"gold_gain":0,"player_choice":"Fight","damage_taken":0,"max_hp_gain":0,"max_hp_loss":0,"event_name":"Mysterious Sphere","floor":37,"gold_loss":0},{"damage_healed":0,"gold_gain":0,"player_choice":"Embrace Madness","damage_taken":11,"max_hp_gain":0,"max_hp_loss":0,"event_name":"Winding Halls","floor":38,"gold_loss":0,"cards_obtained":["Madness","Madness"]},{"damage_healed":0,"gold_gain":0,"player_choice":"Paid","damage_taken":0,"relics_obtained":["Red Mask"],"max_hp_gain":0,"max_hp_loss":0,"event_name":"Tomb of Lord Red Mask","floor":39,"gold_loss":70},{"damage_healed":0,"gold_gain":0,"player_choice":"Fight","damage_taken":0,"max_hp_gain":0,"max_hp_loss":0,"event_name":"MindBloom","floor":41,"gold_loss":0},{"cards_removed":["Defend_R"],"damage_healed":0,"gold_gain":0,"player_choice":"Removed Skill","damage_taken":0,"max_hp_gain":0,"max_hp_loss":0,"event_name":"Falling","floor":45,"gold_loss":0}],"is_beta":false,"boss_relics":[{"not_picked":["Busted Crown","Black Star"],"picked":"Coffee Dripper"},{"not_picked":["Fusion Hammer","Orrery"],"picked":"Runic Pyramid"}],"items_purged_floors":[],"is_endless":false,"potions_floor_spawned":[3,4,14,22,24,28,30,31,35,42,44,48],"ascension_level":4}