{"gold_per_floor":[215,290,35,210,210,210,210,241,266,279,299,299,22,32,32,135,135,150,150,150,163,163],"floor_reached":22,"playtime":1014,"items_purged":["Doubt"],"score":228,"play_id":"1cb528b9-ce73-4553-9110-7154944ad855","local_time":"20180930042102","is_ascension_mode":true,"campfire_choices":[{"data":"Zap","floor":6,"key":"SMITH"},{"data":"Defragment","floor":12,"key":"SMITH"},{"floor":15,"key":"REST"}],"neow_cost":"NONE","seed_source_timestamp":563121621303665,"circlet_count":0,"master_deck":["Strike_B+1","Strike_B","Defend_B","Defend_B","Defend_B+1","Defend_B","Zap+1","Dualcast","White Noise","Beam Cell","Defragment+1","Conserve Battery","Defragment+1","Hello World","Echo Form","Rebound","Fusion+1"],"relics":["Cracked Core","Gremlin Horn","Art of War","Potion Belt","DollysMirror","Inserter"],"potions_floor_usage":[18,22,22],"damage_taken":[{"damage":2,"enemies":"2 Louse","floor":1,"turns":2},{"damage":15,"enemies":"Lagavulin","floor":8,"turns":7},{"damage":0,"enemies":"Jaw Worm","floor":10,"turns":3},{"damage":3,"enemies":"Small Slimes","floor":11,"turns":3},{"damage":6,"enemies":"Looter","floor":14,"turns":3},{"damage":19,"enemies":"Hexaghost","floor":16,"turns":10},{"damage":5,"enemies":"Shell Parasite","floor":18,"turns":6},{"damage":22,"enemies":"Spheric Guardian","floor":21,"turns":4},{"damage":59,"enemies":"Masked Bandits","floor":22,"turns":3}],"seed_played":"-6563939422527163123","potions_obtained":[{"floor":10,"key":"Energy Potion"},{"floor":11,"key":"Swift Potion"},{"floor":16,"key":"Regen Potion"}],"is_trial":false,"path_per_floor":["M","?","$","?","?","R","?","E","T","M","M","R","$","M","R","B",null,"M","?","?","M"],"character_chosen":"DEFECT","items_purchased":["Gremlin Horn","DollysMirror"],"campfire_rested":1,"item_purchase_floors":[3,13],"current_hp_per_floor":[73,62,62,62,62,62,47,32,32,32,29,29,29,23,45,26,63,58,58,58,43,0],"gold":163,"neow_bonus":"HUNDRED_GOLD","is_prod":false,"is_daily":false,"chose_seed":false,"campfire_upgraded":2,"win_rate":0,"timestamp":1538306462,"path_taken":["M","?","$","?","?","R","?","E","T","M","M","R","?","M","R","BOSS","M","?","?","M","?"],"build_version":"2018-09-27","purchased_purges":1,"victory":false,"max_hp_per_floor":[75,75,75,75,75,75,75,75,75,75,75,75,75,75,75,75,75,75,75,75,75,75],"card_choices":[{"not_picked":["Barrage","Force Field"],"picked":"White Noise","floor":1},{"not_picked":["Steam Power","Stack"],"picked":"Beam Cell","floor":8},{"not_picked":["Coolheaded","Stack"],"picked":"Defragment","floor":10},{"not_picked":["Sunder","Ball Lightning"],"picked":"Conserve Battery","floor":11},{"not_picked":["Chaos","Sweeping Beam"],"picked":"Hello World","floor":14},{"not_picked":["Electrodynamics","Seek"],"picked":"Echo Form","floor":16},{"not_picked":["Compile Driver","Stack+1"],"picked":"Rebound","floor":18},{"not_picked":["Recycle","Turbo+1"],"picked":"Fusion+1","floor":21}],"player_experience":205574,"relics_obtained":[{"floor":8,"key":"Art of War"},{"floor":9,"key":"Potion Belt"}],"event_choices":[{"event_name":"World of Goop","player_choice":"Gather Gold","floor":2,"damage_taken":0},{"event_name":"Liars Game","player_choice":"agreed","floor":4,"damage_taken":0},{"event_name":"Living Wall","player_choice":"Forget","floor":5,"damage_taken":0},{"event_name":"Shining Light","player_choice":"Entered Light","floor":7,"damage_taken":0},{"event_name":"Ghosts","player_choice":"Ignored","floor":19,"damage_taken":0},{"event_name":"Purifier","player_choice":"One Purge","floor":20,"damage_taken":0},{"event_name":"Masked Bandits","player_choice":"Fought Bandits","floor":22,"damage_taken":0}],"is_beta":false,"boss_relics":[{"not_picked":["Black Star","Astrolabe"],"picked":"Inserter"}],"items_purged_floors":[13],"is_endless":false,"potions_floor_spawned":[10,11,16],"killed_by":"Masked Bandits","ascension_level":5}