{"gold_per_floor":[109,126,146,71,146,179,179,190,190,210,242,242,276,292,292,395,395,408,408,58,73,83,118,118,153,176,176,193,209,220,236,236,341,341,358,375,375,375,105,105,119,119,119,119,153,153,3,31,31,31],"floor_reached":51,"playtime":1818,"items_purged":["Shrug It Off","Writhe","Doubt","Regret"],"score":867,"play_id":"ba7e5401-ea1f-4d70-b45b-c9bb2a61551f","local_time":"20181002131932","daily_mods":["SealedDeck"],"is_ascension_mode":false,"campfire_choices":[{"data":"Inflame","floor":7,"key":"SMITH"},{"data":"Heavy Blade","floor":12,"key":"SMITH"},{"data":"Inflame","floor":15,"key":"SMITH"},{"floor":27,"key":"REST"},{"data":"Heavy Blade","floor":32,"key":"SMITH"},{"data":"Heavy Blade","floor":40,"key":"SMITH"},{"data":"Clash","floor":42,"key":"SMITH"},{"data":"Clash","floor":46,"key":"SMITH"},{"floor":49,"key":"REST"}],"neow_cost":"","seed_source_timestamp":0,"circlet_count":0,"master_deck":["Infernal Blade","Pommel Strike","Headbutt","Cleave","Clash+1","Heavy Blade+1","Sword Boomerang","Spot Weakness","Inflame+1","Flex","Clash+1","Cleave","Flex","Inflame+1","Heavy Blade+1","Heavy Blade+1","Rampage+1"],"relics":["Burning Blood","Happy Flower","Mercury Hourglass","Pantograph","PreservedInsect","Cursed Key","Blood Vial","Sundial","Regal Pillow","Pocketwatch","Bag of Preparation","Velvet Choker","Anchor","Du-Vu Doll","Lantern","Charon\u0027s Ashes"],"potions_floor_usage":[10,16,16,23,29,29,33,45,45],"damage_taken":[{"damage":0,"enemies":"Cultist","floor":1,"turns":2},{"damage":0,"enemies":"2 Louse","floor":2,"turns":2},{"damage":0,"enemies":"Small Slimes","floor":3,"turns":2},{"damage":0,"enemies":"Gremlin Nob","floor":6,"turns":2},{"damage":0,"enemies":"Exordium Thugs","floor":8,"turns":2},{"damage":14,"enemies":"Exordium Wildlife","floor":10,"turns":2},{"damage":9,"enemies":"3 Sentries","floor":11,"turns":2},{"damage":0,"enemies":"Gremlin Nob","floor":13,"turns":2},{"damage":0,"enemies":"3 Louse","floor":14,"turns":1},{"damage":37,"enemies":"The Guardian","floor":16,"turns":4},{"damage":10,"enemies":"2 Thieves","floor":18,"turns":2},{"damage":5,"enemies":"3 Byrds","floor":21,"turns":3},{"damage":21,"enemies":"Snake Plant","floor":22,"turns":3},{"damage":33,"enemies":"Book of Stabbing","floor":23,"turns":3},{"damage":19,"enemies":"Slavers","floor":25,"turns":2},{"damage":10,"enemies":"Cultist and Chosen","floor":28,"turns":2},{"damage":0,"enemies":"Snecko","floor":29,"turns":3},{"damage":0,"enemies":"Snake Plant","floor":30,"turns":2},{"damage":8,"enemies":"Centurion and Healer","floor":31,"turns":2},{"damage":25,"enemies":"Collector","floor":33,"turns":4},{"damage":10,"enemies":"Orb Walker","floor":35,"turns":2},{"damage":0,"enemies":"3 Darklings","floor":36,"turns":2},{"damage":3,"enemies":"Maw","floor":41,"turns":3},{"damage":17,"enemies":"Giant Head","floor":45,"turns":4},{"damage":10,"enemies":"2 Orb Walkers","floor":48,"turns":2},{"damage":67,"enemies":"Time Eater","floor":50,"turns":6}],"seed_played":"-4584033842702480996","potions_obtained":[{"floor":3,"key":"EssenceOfSteel"},{"floor":10,"key":"Dexterity Potion"},{"floor":11,"key":"Fire Potion"},{"floor":14,"key":"AttackPotion"},{"floor":16,"key":"LiquidBronze"},{"floor":22,"key":"SpeedPotion"},{"floor":23,"key":"LiquidBronze"},{"floor":25,"key":"Block Potion"},{"floor":29,"key":"Block Potion"},{"floor":30,"key":"Energy Potion"},{"floor":33,"key":"SmokeBomb"},{"floor":41,"key":"Fire Potion"}],"is_trial":true,"path_per_floor":["M","M","M","$","?","E","R","M","T","M","E","R","E","M","R","B",null,"M","?","$","M","M","E","?","E","T","R","M","M","M","M","R","B",null,"M","M","?","?","$","R","M","R","T","$","E","R","$","E","R","B"],"character_chosen":"IRONCLAD","items_purchased":["Sundial","Anchor"],"campfire_rested":2,"item_purchase_floors":[20,39],"current_hp_per_floor":[80,80,80,80,72,78,78,80,80,72,69,69,75,80,80,49,80,76,76,76,79,65,40,40,29,29,68,66,74,80,78,78,61,80,76,80,80,80,80,80,80,80,80,80,69,69,69,67,80,19],"gold":31,"neow_bonus":"","is_prod":false,"is_daily":false,"chose_seed":false,"campfire_upgraded":7,"win_rate":0,"timestamp":1538500772,"path_taken":["M","M","M","$","?","E","R","M","T","M","E","R","E","M","R","BOSS","M","?","$","M","M","E","?","E","T","R","M","M","M","M","R","BOSS","M","M","?","?","$","R","M","R","T","$","E","R","?","E","R","BOSS"],"build_version":"2018-09-27","purchased_purges":4,"victory":true,"max_hp_per_floor":[80,80,80,80,80,80,80,80,80,80,80,80,80,80,80,80,80,80,80,80,80,80,80,80,80,80,80,80,80,80,80,80,80,80,80,80,80,80,80,80,80,80,80,80,80,80,80,80,80,80],"card_choices":[{"not_picked":["Headbutt","Reckless Charge"],"picked":"Flex","floor":1},{"not_picked":["Intimidate","Perfected Strike","Inflame"],"picked":"SKIP","floor":2},{"not_picked":["Perfected Strike","Anger"],"picked":"Clash","floor":3},{"not_picked":["Juggernaut","Perfected Strike","Pommel Strike"],"picked":"SKIP","floor":6},{"not_picked":["Heavy Blade","Burning Pact","Shrug It Off"],"picked":"SKIP","floor":8},{"not_picked":["Shockwave","Perfected Strike"],"picked":"Cleave","floor":10},{"not_picked":["Impervious","Havoc"],"picked":"Flex","floor":11},{"not_picked":["Thunderclap","Cleave","Barricade"],"picked":"SKIP","floor":13},{"not_picked":["Ghostly Armor","Headbutt"],"picked":"Inflame","floor":14},{"not_picked":["Iron Wave","Entrench+1","Wild Strike"],"picked":"SKIP","floor":18},{"not_picked":["Rage","Cleave","Entrench"],"picked":"SKIP","floor":21},{"not_picked":["Power Through+1","Disarm","Anger+1"],"picked":"SKIP","floor":22},{"not_picked":["Anger","Pommel Strike"],"picked":"Heavy Blade","floor":23},{"not_picked":["Cleave","Carnage","Evolve"],"picked":"SKIP","floor":25},{"not_picked":["Dual Wield","Pommel Strike","Combust"],"picked":"SKIP","floor":28},{"not_picked":["Clash","Pommel Strike","Flex"],"picked":"SKIP","floor":29},{"not_picked":["Thunderclap+1","Headbutt+1","True Grit"],"picked":"SKIP","floor":30},{"not_picked":["Shrug It Off+1","Havoc","Disarm"],"picked":"SKIP","floor":31},{"not_picked":["True Grit+1","Anger+1","Metallicize+1"],"picked":"SKIP","floor":35},{"not_picked":["Fire Breathing","Second Wind"],"picked":"Heavy Blade","floor":36},{"not_picked":["Pummel","Shockwave","Rupture+1"],"picked":"SKIP","floor":41},{"not_picked":["Cleave","Dropkick","Shrug It Off+1"],"picked":"SKIP","floor":45},{"not_picked":["Armaments","Shockwave+1"],"picked":"Rampage+1","floor":48}],"player_experience":159199,"relics_obtained":[{"floor":6,"key":"Happy Flower"},{"floor":9,"key":"Mercury Hourglass"},{"floor":11,"key":"Pantograph"},{"floor":13,"key":"PreservedInsect"},{"floor":23,"key":"Regal Pillow"},{"floor":25,"key":"Pocketwatch"},{"floor":26,"key":"Bag of Preparation"},{"floor":43,"key":"Du-Vu Doll"},{"floor":45,"key":"Lantern"},{"floor":48,"key":"Charon\u0027s Ashes"}],"event_choices":[{"event_name":"FaceTrader","player_choice":"Touch","floor":5,"damage_taken":0},{"event_name":"The Mausoleum","player_choice":"Yes","floor":19,"damage_taken":0},{"event_name":"Transmorgrifier","player_choice":"Skipped","floor":24,"damage_taken":0},{"event_name":"Tomb of Lord Red Mask","player_choice":"Ignored","floor":37,"damage_taken":0},{"event_name":"The Woman in Blue","player_choice":"Bought 0 Potions","floor":38,"damage_taken":0}],"is_beta":false,"boss_relics":[{"not_picked":["Orrery","Philosopher\u0027s Stone"],"picked":"Cursed Key"},{"not_picked":["Mark of Pain","White Beast Statue"],"picked":"Velvet Choker"}],"items_purged_floors":[4,20,39,47],"is_endless":false,"potions_floor_spawned":[3,10,11,14,16,22,23,25,29,30,33,36,41],"ascension_level":0}