{"gold_per_floor":[109,120,138,138,152,182,32,42,97,116,116,131,131,131],"floor_reached":14,"playtime":615,"items_purged":["Strike_B"],"score":188,"play_id":"a6b986e5-de4c-4274-8026-608ecd55c785","local_time":"20190211131408","is_ascension_mode":true,"campfire_choices":[{"floor":11,"key":"REST"},{"data":"Defragment","floor":13,"key":"SMITH"}],"neow_cost":"NONE","seed_source_timestamp":2168948229923434,"circlet_count":0,"master_deck":["AscendersBane","Strike_B","Strike_B","Defend_B","Defend_B","Defend_B","Defend_B","Zap","Dualcast","Hologram","Streamline","Defragment+1","Sweeping Beam","Sunder","Chill","Defragment","Conserve Battery"],"relics":["Cracked Core","Singing Bowl","Tiny Chest"],"potions_floor_usage":[10],"damage_taken":[{"damage":1,"enemies":"Cultist","floor":1,"turns":4},{"damage":4,"enemies":"Jaw Worm","floor":2,"turns":3},{"damage":3,"enemies":"2 Louse","floor":3,"turns":2},{"damage":13,"enemies":"Blue Slaver","floor":5,"turns":4},{"damage":32,"enemies":"3 Sentries","floor":6,"turns":5},{"damage":8,"enemies":"Lots of Slimes","floor":8,"turns":5},{"damage":7,"enemies":"Red Slaver","floor":10,"turns":4},{"damage":9,"enemies":"Blue Slaver","floor":12,"turns":4},{"damage":39,"enemies":"Gremlin Nob","floor":14,"turns":3}],"seed_played":"-8399651652747096378","potions_obtained":[{"floor":3,"key":"Ancient Potion"},{"floor":6,"key":"Dexterity Potion"}],"is_trial":false,"path_per_floor":["M","M","M","?","M","E","$","M","T","M","R","M","R","E"],"character_chosen":"DEFECT","items_purchased":["Defragment"],"campfire_rested":1,"item_purchase_floors":[7],"current_hp_per_floor":[63,59,56,61,48,16,16,8,8,3,26,19,19,0],"gold":131,"neow_bonus":"TRANSFORM_CARD","is_prod":false,"is_daily":false,"chose_seed":false,"campfire_upgraded":1,"win_rate":0,"timestamp":1549919648,"path_taken":["M","M","M","?","M","E","$","M","T","M","R","M","R","E"],"build_version":"2019-01-23","purchased_purges":1,"victory":false,"max_hp_per_floor":[71,71,71,76,76,76,76,76,76,78,78,80,80,80],"card_choices":[{"not_picked":["Stack","Auto Shields"],"picked":"Streamline","floor":1},{"not_picked":["Melter","Conserve Battery"],"picked":"Defragment","floor":2},{"not_picked":["Melter","Meteor Strike"],"picked":"Sweeping Beam","floor":3},{"not_picked":["Gash","Go for the Eyes"],"picked":"Sunder","floor":5},{"not_picked":["Steam","Sunder"],"picked":"Chill","floor":6},{"not_picked":["Steam Power","Leap"],"picked":"Conserve Battery","floor":8},{"not_picked":["Genetic Algorithm","Melter","Consume"],"picked":"Singing Bowl","floor":10},{"not_picked":["Gash","Redo","Force Field"],"picked":"Singing Bowl","floor":12}],"player_experience":680984,"relics_obtained":[{"floor":6,"key":"Singing Bowl"},{"floor":9,"key":"Tiny Chest"}],"event_choices":[{"damage_healed":0,"gold_gain":0,"player_choice":"Donut","damage_taken":0,"max_hp_gain":5,"max_hp_loss":0,"event_name":"Big Fish","floor":4,"gold_loss":0}],"is_beta":false,"boss_relics":[],"items_purged_floors":[7],"is_endless":false,"potions_floor_spawned":[3,6,8],"killed_by":"Gremlin Nob","ascension_level":20}