{"path_per_floor":["M","?","M","M","M","R","M","E","T","M","$","R","M","M","R"],"character_chosen":"THE_SILENT","items_purchased":["Ninja Scroll"],"gold_per_floor":[117,192,207,218,237,237,253,279,279,292,36,36,52,72,72,72],"floor_reached":16,"campfire_rested":2,"playtime":1293,"current_hp_per_floor":[70,59,59,59,42,69,64,50,50,43,43,70,70,61,69,0],"items_purged":[],"gold":72,"score":106,"play_id":"6780c1c1-9e2d-459b-9833-706cf0857d9b","local_time":"20180407224359","is_prod":false,"is_daily":false,"is_ascension_mode":false,"campfire_upgraded":1,"timestamp":1523105039,"path_taken":["M","?","?","M","M","R","M","E","T","?","$","R","M","M","R","BOSS"],"build_version":"2018-04-05","purchased_purges":0,"victory":false,"master_deck":["Defend_G","Defend_G","Defend_G","Defend_G","Defend_G","Strike_G","Strike_G","Strike_G","Strike_G","Strike_G","Survivor","Neutralize","Dagger Spray","All Out Attack","Bane","Backstab+1","Slice","Burst","Flying Knee","Prepared","Finisher","Dagger Spray"],"max_hp_per_floor":[70,70,70,70,70,70,70,70,70,70,70,70,70,70,70,70],"relics":["Eternal Feather","Dream Catcher","Torii","Ninja Scroll"],"card_choices":[{"not_picked":["Riddle With Holes","Catalyst"],"picked":"Dagger Spray","floor":1},{"not_picked":["Unload","Setup"],"picked":"All Out Attack","floor":3},{"not_picked":["Deflect","Dodge and Roll"],"picked":"Bane","floor":4},{"not_picked":["Blur","Underhanded Strike"],"picked":"Backstab","floor":5},{"not_picked":["Outmaneuver","Eviscerate"],"picked":"Slice","floor":7},{"not_picked":["Flying Knee","Underhanded Strike"],"picked":"Burst","floor":8},{"not_picked":["Blur","Backflip"],"picked":"Flying Knee","floor":10},{"not_picked":["Noxious Fumes","Quick Slash"],"picked":"Prepared","floor":12},{"not_picked":["Deadly Poison","Masterful Stab"],"picked":"Finisher","floor":13},{"not_picked":["Prepared","Sucker Punch"],"picked":"Dagger Spray","floor":14}],"player_experience":94650,"potions_floor_usage":[5,7,16,16],"damage_taken":[{"damage":0,"enemies":"2 Louse","floor":1,"turns":4},{"damage":0,"enemies":"Jaw Worm","floor":3,"turns":5},{"damage":0,"enemies":"Cultist","floor":4,"turns":3},{"damage":17,"enemies":"Exordium Thugs","floor":5,"turns":3},{"damage":5,"enemies":"Lots of Slimes","floor":7,"turns":2},{"damage":14,"enemies":"3 Sentries","floor":8,"turns":6},{"damage":7,"enemies":"Looter","floor":10,"turns":2},{"damage":0,"enemies":"Exordium Wildlife","floor":13,"turns":2},{"damage":9,"enemies":"Blue Slaver","floor":14,"turns":2},{"damage":85,"enemies":"The Guardian","floor":16,"turns":15}],"event_choices":[{"event_name":"World of Goop","player_choice":"Gather Gold","floor":2,"damage_taken":0}],"boss_relics":[],"potions_floor_spawned":[1,4,5,10,14],"seed_played":"7835935151290750907","killed_by":"The Guardian","ascension_level":0,"is_trial":false}