{"gold_per_floor":[117,117,117,128,142,170,170,95,145,92,92,108,58,75,75,178,178,190,190,190,209,273,273,323,14,14,64,94,105,105,115,115,218,218,238,388,283,333,401,401,413,413,466,13,24,74,74,0,0,0,0,0,0,32,32],"floor_reached":55,"playtime":3627,"items_purged":["Regret","Shame","Parasite","Strike_R"],"score":708,"play_id":"ce61d0fd-25f0-4da6-8303-e45c7060f844","local_time":"20190307214004","is_ascension_mode":false,"campfire_choices":[{"floor":7.0,"key":"REST"},{"data":"Armaments","floor":15.0,"key":"SMITH"},{"floor":23.0,"key":"REST"},{"floor":30.0,"key":"REST"},{"floor":32.0,"key":"REST"},{"data":"Barricade","floor":40.0,"key":"SMITH"},{"floor":42.0,"key":"RECALL"},{"floor":47.0,"key":"REST"},{"floor":49.0,"key":"REST"},{"data":"Warcry","floor":52.0,"key":"SMITH"}],"neow_cost":"PERCENT_DAMAGE","seed_source_timestamp":0,"circlet_count":0,"master_deck":["Strike_R","Strike_R","Strike_R","Strike_R","Defend_R","Defend_R+1","Defend_R","Defend_R+1","Bash","Dark Embrace+1","Pommel Strike","Feel No Pain","Juggernaut","Shrug It Off","Armaments+1","Iron Wave","Warcry+1","Demon Form","Shrug It Off+1","Necronomicurse","Juggernaut","Body Slam+1","Disarm+1","Sentinel","Barricade+1","Feel No Pain","Inflame","Flame Barrier","Iron Wave","Offering","Clumsy","Demon Form+1","Feel No Pain+1","Shrug It Off","Disarm","Havoc+1"],"special_seed":0,"relics":["Burning Blood","War Paint","Question Card","Lantern","Cursed Key","Necronomicon","SsserpentHead","Smiling Mask","Mummified Hand","Mercury Hourglass","The Courier","Lizard Tail","Ginger","Frozen Egg 2","Red Mask","Anchor"],"potions_floor_usage":[],"damage_taken":[{"damage":15.0,"enemies":"Jaw Worm","floor":1.0,"turns":5.0},{"damage":5.0,"enemies":"2 Louse","floor":4.0,"turns":2.0},{"damage":21.0,"enemies":"Small Slimes","floor":5.0,"turns":5.0},{"damage":29.0,"enemies":"3 Sentries","floor":6.0,"turns":9.0},{"damage":12.0,"enemies":"3 Louse","floor":12.0,"turns":5.0},{"damage":7.0,"enemies":"Looter","floor":14.0,"turns":5.0},{"damage":25.0,"enemies":"Slime Boss","floor":16.0,"turns":15.0},{"damage":23.0,"enemies":"3 Byrds","floor":18.0,"turns":6.0},{"damage":17.0,"enemies":"Shell Parasite","floor":21.0,"turns":5.0},{"damage":19.0,"enemies":"Snake Plant","floor":22.0,"turns":5.0},{"damage":24.0,"enemies":"Book of Stabbing","floor":28.0,"turns":5.0},{"damage":7.0,"enemies":"Chosen and Byrds","floor":29.0,"turns":5.0},{"damage":37.0,"enemies":"Automaton","floor":33.0,"turns":9.0},{"damage":0.0,"enemies":"3 Shapes","floor":35.0,"turns":4.0},{"damage":29.0,"enemies":"Mind Bloom Boss Battle","floor":36.0,"turns":7.0},{"damage":16.0,"enemies":"3 Darklings","floor":39.0,"turns":6.0},{"damage":13.0,"enemies":"Maw","floor":41.0,"turns":7.0},{"damage":33.0,"enemies":"Transient","floor":45.0,"turns":5.0},{"damage":7.0,"enemies":"3 Darklings","floor":46.0,"turns":2.0},{"damage":45.0,"enemies":"Donu and Deca","floor":50.0,"turns":10.0},{"damage":64.0,"enemies":"Shield and Spear","floor":54.0,"turns":8.0},{"damage":140,"enemies":"The Heart","floor":55,"turns":5}],"seed_played":"8619304822745337568","potions_obtained":[{"floor":4.0,"key":"Strength Potion"},{"floor":16.0,"key":"Block Potion"},{"floor":29.0,"key":"GamblersBrew"},{"floor":31.0,"key":"SmokeBomb"},{"floor":31.0,"key":"Dexterity Potion"},{"floor":33.0,"key":"Explosive Potion"},{"floor":38.0,"key":"EssenceOfSteel"}],"is_trial":false,"path_per_floor":["M","?","?","M","M","E","R","$","T","$","?","M","?","M","R","B",null,"M","?","?","M","M","R","?","$","T","?","E","M","R","?","R","B",null,"M","?","$","?","M","R","M","R","T","$","M","M","R","?","R","B",null,"R","$","E","B"],"character_chosen":"IRONCLAD","items_purchased":["Armaments","Mummified Hand","Flame Barrier","Frozen Egg 2","Demon Form+1","Feel No Pain+1","Shrug It Off"],"campfire_rested":6,"item_purchase_floors":[10,25,37,44,44,44,44],"current_hp_per_floor":[47,47,47,48,33,10,34,34,34,34,54,48,48,47,47,28,77,60,44,44,33,20,43,43,43,43,29,11,10,34,34,58,27,82,82,59,59,59,49,49,42,42,42,42,15,14,37,37,60,21,79,79,79,21,0],"gold":32,"neow_bonus":"THREE_RARE_CARDS","is_prod":false,"is_daily":false,"chose_seed":false,"campfire_upgraded":3,"win_rate":0,"timestamp":1551962404,"path_taken":["M","?","?","M","M","E","R","$","T","?","?","M","?","M","R","BOSS","M","?","?","M","?","R","?","$","T","?","E","M","R","?","R","BOSS","M","?","$","?","?","R","M","R","T","$","M","?","R","?","R","BOSS","R","$","E","BOSS"],"build_version":"2019-01-23","purchased_purges":4,"victory":false,"max_hp_per_floor":[80,80,80,80,80,80,80,80,80,80,80,80,77,77,77,77,77,77,77,77,77,77,77,77,77,77,82,82,82,82,82,82,82,82,82,82,79,79,79,79,79,79,79,79,79,79,79,79,79,79,79,79,79,79,79],"card_choices":[{"not_picked":["Immolate","Brutality"],"picked":"Dark Embrace","floor":0.0},{"not_picked":["Clothesline","Cleave"],"picked":"Pommel Strike","floor":1.0},{"not_picked":["Sentinel","Heavy Blade"],"picked":"Feel No Pain","floor":4.0},{"not_picked":["Sever Soul","Perfected Strike"],"picked":"Juggernaut","floor":5.0},{"not_picked":["Clash","Sword Boomerang"],"picked":"Shrug It Off","floor":6.0},{"not_picked":["Pommel Strike","Warcry","Combust"],"picked":"Iron Wave","floor":12.0},{"not_picked":["Cleave","Sword Boomerang","Thunderclap"],"picked":"Warcry","floor":14.0},{"not_picked":["Exhume","Brutality","Dark Embrace"],"picked":"Demon Form","floor":16.0},{"not_picked":["Perfected Strike","Cleave","Thunderclap+1"],"picked":"Shrug It Off+1","floor":18.0},{"not_picked":["Anger","Headbutt","True Grit"],"picked":"Juggernaut","floor":21.0},{"not_picked":["Cleave+1","Carnage","Thunderclap+1"],"picked":"Body Slam+1","floor":22.0},{"not_picked":["Clash+1","Rage","Sword Boomerang"],"picked":"Disarm+1","floor":28.0},{"not_picked":["Anger","Combust","Armaments"],"picked":"Sentinel","floor":29.0},{"not_picked":["Reaper","Offering","Double Tap"],"picked":"Barricade","floor":33.0},{"not_picked":["Dropkick+1","Fire Breathing+1","Twin Strike"],"picked":"Feel No Pain","floor":35.0},{"not_picked":["Twin Strike","Clash","Wild Strike+1"],"picked":"Inflame","floor":36.0},{"not_picked":["Seeing Red","Shockwave+1","Warcry"],"picked":"Iron Wave","floor":39.0},{"not_picked":["True Grit","Bloodletting+1","Flex+1"],"picked":"Offering","floor":41.0},{"not_picked":["Searing Blow","Carnage+1","Heavy Blade+1"],"picked":"Disarm","floor":45.0},{"not_picked":["Perfected Strike","Heavy Blade+1","True Grit"],"picked":"Havoc+1","floor":54.0}],"player_experience":190355,"relics_obtained":[{"floor":6.0,"key":"Question Card"},{"floor":9.0,"key":"Lantern"},{"floor":19.0,"key":"Necronomicon"},{"floor":26.0,"key":"Mercury Hourglass"},{"floor":28.0,"key":"The Courier"},{"floor":36.0,"key":"Ginger"},{"floor":54.0,"key":"Anchor"}],"event_choices":[{"damage_healed":0.0,"max_hp_gain":0.0,"max_hp_loss":0.0,"gold_gain":0.0,"event_name":"Living Wall","player_choice":"Grow","floor":2.0,"gold_loss":0.0,"damage_taken":0.0,"cards_upgraded":["Dark Embrace"]},{"damage_healed":0.0,"max_hp_gain":0.0,"max_hp_loss":0.0,"gold_gain":0.0,"event_name":"Big Fish","player_choice":"Box","floor":3.0,"gold_loss":0.0,"damage_taken":0.0,"relics_obtained":["War Paint"],"cards_obtained":["Regret"]},{"damage_healed":20.0,"max_hp_gain":0.0,"max_hp_loss":0.0,"gold_gain":0.0,"event_name":"Mushrooms","player_choice":"Healed and dodged fight","floor":11.0,"gold_loss":0.0,"damage_taken":0.0,"cards_obtained":["Parasite"]},{"cards_removed":["Parasite"],"damage_healed":0.0,"max_hp_gain":0.0,"max_hp_loss":0.0,"gold_gain":0.0,"event_name":"The Cleric","player_choice":"Card Removal","floor":13.0,"gold_loss":50.0,"damage_taken":0.0},{"damage_healed":0.0,"max_hp_gain":0.0,"max_hp_loss":0.0,"gold_gain":0.0,"event_name":"Cursed Tome","player_choice":"Obtained Book","floor":19.0,"gold_loss":0.0,"damage_taken":16.0},{"damage_healed":0.0,"max_hp_gain":0.0,"max_hp_loss":0.0,"gold_gain":0.0,"event_name":"FaceTrader","player_choice":"Trade","floor":20.0,"gold_loss":0.0,"damage_taken":0.0,"relics_obtained":["SsserpentHead"]},{"damage_healed":0.0,"max_hp_gain":0.0,"max_hp_loss":0.0,"gold_gain":0.0,"event_name":"Addict","player_choice":"Stole Relic","floor":24.0,"gold_loss":0.0,"damage_taken":0.0,"relics_obtained":["Smiling Mask"],"cards_obtained":["Shame"]},{"damage_healed":0.0,"max_hp_gain":5.0,"max_hp_loss":0.0,"gold_gain":0.0,"event_name":"Forgotten Altar","player_choice":"Shed Blood","floor":27.0,"gold_loss":0.0,"damage_taken":19.0},{"damage_healed":0.0,"max_hp_gain":0.0,"max_hp_loss":0.0,"gold_gain":0.0,"event_name":"The Woman in Blue","player_choice":"Bought 3 Potions","floor":31.0,"gold_loss":0.0,"damage_taken":0.0},{"damage_healed":0.0,"max_hp_gain":0.0,"max_hp_loss":0.0,"gold_gain":0.0,"event_name":"MindBloom","player_choice":"Fight","floor":36.0,"gold_loss":0.0,"damage_taken":0.0},{"damage_healed":0.0,"max_hp_gain":0.0,"max_hp_loss":0.0,"gold_gain":0.0,"event_name":"Lab","player_choice":"Got Potions","floor":38.0,"gold_loss":0.0,"damage_taken":0.0},{"damage_healed":0.0,"max_hp_gain":0.0,"max_hp_loss":0.0,"gold_gain":0.0,"event_name":"Tomb of Lord Red Mask","player_choice":"Paid","floor":48.0,"gold_loss":124.0,"damage_taken":0.0,"relics_obtained":["Red Mask"]}],"is_beta":false,"boss_relics":[{"not_picked":["Fusion Hammer","Runic Dome"],"picked":"Cursed Key"},{"not_picked":["Runic Pyramid","Pandora\u0027s Box"],"picked":"Lizard Tail"}],"items_purged_floors":[8,25,37,44],"is_endless":false,"potions_floor_spawned":[4,16,29,33,39,46],"killed_by":"The Heart","ascension_level":0}