{"gold_per_floor":[118,193,193,218,43,43,76,76,76,76,150,191,191,204,204,323,323,342,5,26,26,40,40,40,40,40,40,40,73,73,97,97,97],"floor_reached":33,"playtime":1967,"items_purged":["Strike_R"],"score":404,"play_id":"ba916859-7498-4bc5-a853-d56975941559","local_time":"20190305024800","is_ascension_mode":true,"campfire_choices":[{"data":"Clothesline","floor":6,"key":"SMITH"},{"data":"Pommel Strike","floor":8,"key":"SMITH"},{"data":"Inflame","floor":10,"key":"SMITH"},{"floor":13,"key":"REST"},{"floor":15,"key":"REST"},{"data":"True Grit","floor":23,"key":"SMITH"},{"data":"Immolate","floor":25,"key":"SMITH"},{"floor":30,"key":"REST"},{"floor":32,"key":"REST"}],"neow_cost":"NONE","seed_source_timestamp":56187715367016,"circlet_count":0,"master_deck":["AscendersBane","Strike_R","Strike_R","Strike_R","Strike_R","Defend_R","Defend_R","Defend_R","Defend_R","Bash","Pommel Strike+1","Clothesline+1","Shrug It Off","Inflame+1","Immolate+1","True Grit+1","Metallicize","Regret","Writhe","Decay","Battle Trance+1"],"relics":["Burning Blood","Red Skull","Golden Idol","Letter Opener","Bag of Preparation","PreservedInsect","Cursed Key","Pen Nib","Enchiridion","Matryoshka","Paper Frog","Blood Vial","Champion Belt","Bag of Marbles"],"potions_floor_usage":[7,22,29,31,31],"damage_taken":[{"damage":0,"enemies":"2 Louse","floor":1,"turns":2},{"damage":7,"enemies":"Small Slimes","floor":4,"turns":3},{"damage":14,"enemies":"Gremlin Nob","floor":7,"turns":4},{"damage":24,"enemies":"3 Sentries","floor":12,"turns":10},{"damage":0,"enemies":"Jaw Worm","floor":14,"turns":3},{"damage":72,"enemies":"Hexaghost","floor":16,"turns":12},{"damage":17,"enemies":"2 Thieves","floor":18,"turns":3},{"damage":19,"enemies":"3 Byrds","floor":20,"turns":5},{"damage":8,"enemies":"Snecko","floor":22,"turns":6},{"damage":11,"enemies":"Book of Stabbing","floor":29,"turns":3},{"damage":8,"enemies":"Cultist and Chosen","floor":31,"turns":7},{"damage":70,"enemies":"Collector","floor":33,"turns":7}],"seed_played":"1185810732008675460","potions_obtained":[{"floor":1,"key":"BloodPotion"},{"floor":16,"key":"Weak Potion"},{"floor":22,"key":"AttackPotion"},{"floor":29,"key":"Fire Potion"}],"is_trial":false,"path_per_floor":["M","?","?","M","$","R","E","R","T","R","?","E","R","M","R","B",null,"M","$","M","$","M","R","?","R","T","?","T","E","R","M","R","B"],"character_chosen":"IRONCLAD","items_purchased":["Shrug It Off","Inflame","Block Potion","Pen Nib","Metallicize","Block Potion"],"campfire_rested":4,"item_purchase_floors":[5,5,5,19,19,19],"current_hp_per_floor":[78,67,47,46,46,46,38,38,38,38,38,20,44,50,74,8,62,51,51,38,38,36,36,20,20,20,20,20,17,41,41,65,0],"gold":97,"neow_bonus":"RANDOM_COMMON_RELIC","is_prod":false,"is_daily":false,"chose_seed":false,"campfire_upgraded":5,"win_rate":0,"timestamp":1551775680,"path_taken":["M","?","?","M","$","R","E","R","T","R","?","E","R","M","R","BOSS","M","$","M","$","M","R","?","R","T","?","?","E","R","?","R","BOSS"],"build_version":"2019-01-23","purchased_purges":1,"victory":false,"max_hp_per_floor":[80,80,80,80,80,80,80,80,80,80,80,80,80,80,80,80,80,80,80,80,80,80,80,80,80,80,80,80,80,80,80,80,80],"card_choices":[{"not_picked":["Searing Blow","Warcry"],"picked":"Pommel Strike","floor":1},{"not_picked":["Body Slam","Twin Strike"],"picked":"Clothesline","floor":4},{"not_picked":["Spot Weakness","Body Slam","Pommel Strike"],"picked":"SKIP","floor":7},{"not_picked":["Warcry","Sever Soul","Headbutt"],"picked":"SKIP","floor":12},{"not_picked":["Seeing Red","Dropkick","Shockwave"],"picked":"SKIP","floor":14},{"not_picked":["Limit Break","Offering"],"picked":"Immolate","floor":16},{"not_picked":["Combust","Second Wind"],"picked":"True Grit","floor":18},{"not_picked":["Rage","Havoc","Fire Breathing"],"picked":"SKIP","floor":20},{"not_picked":["Havoc","Pommel Strike","Headbutt"],"picked":"SKIP","floor":22},{"not_picked":["Clash","Metallicize","Pommel Strike"],"picked":"SKIP","floor":29},{"not_picked":["Body Slam+1","Entrench"],"picked":"Battle Trance+1","floor":31}],"player_experience":164332,"relics_obtained":[{"floor":7,"key":"Letter Opener"},{"floor":9,"key":"Bag of Preparation"},{"floor":12,"key":"PreservedInsect"},{"floor":24,"key":"Enchiridion"},{"floor":26,"key":"Matryoshka"},{"floor":28,"key":"Blood Vial"},{"floor":28,"key":"Champion Belt"},{"floor":29,"key":"Bag of Marbles"}],"event_choices":[{"damage_healed":0,"gold_gain":75,"player_choice":"Gather Gold","damage_taken":11,"max_hp_gain":0,"max_hp_loss":0,"event_name":"World of Goop","floor":2,"gold_loss":0},{"damage_healed":0,"gold_gain":0,"player_choice":"Take Damage","damage_taken":20,"relics_obtained":["Golden Idol"],"max_hp_gain":0,"max_hp_loss":0,"event_name":"Golden Idol","floor":3,"gold_loss":0},{"damage_healed":0,"gold_gain":74,"player_choice":"Gained Gold","damage_taken":0,"max_hp_gain":0,"max_hp_loss":0,"event_name":"Golden Wing","floor":11,"gold_loss":0},{"damage_healed":0,"gold_gain":0,"player_choice":"Obtained Book","damage_taken":16,"max_hp_gain":0,"max_hp_loss":0,"event_name":"Cursed Tome","floor":24,"gold_loss":0},{"damage_healed":0,"gold_gain":0,"player_choice":"Opened","damage_taken":0,"relics_obtained":["Paper Frog"],"max_hp_gain":0,"max_hp_loss":0,"event_name":"The Mausoleum","floor":27,"gold_loss":0,"cards_obtained":["Writhe"]}],"is_beta":false,"boss_relics":[{"not_picked":["Empty Cage","Runic Pyramid"],"picked":"Cursed Key"}],"items_purged_floors":[19],"is_endless":false,"potions_floor_spawned":[1,16,22,29],"killed_by":"Collector","ascension_level":10}