{"gold_per_floor":[216,229,304,324,2,2,16,27,27,27,27,27,47,67,67,171,171,182,82,113,124,124],"floor_reached":22,"playtime":1187,"items_purged":["Defend_R","Strike_R"],"score":178,"play_id":"e8be95bb-5b6d-4769-924b-287388e43944","local_time":"20190308100357","is_ascension_mode":false,"campfire_choices":[{"data":"Flame Barrier","floor":6,"key":"SMITH"},{"data":"Clash","floor":11,"key":"SMITH"},{"data":"Clash","floor":15,"key":"SMITH"}],"neow_cost":"NONE","seed_source_timestamp":534363551722,"circlet_count":0,"master_deck":["Strike_R","Strike_R","Strike_R","Defend_R","Defend_R","Defend_R","Bash","Flame Barrier+1","Clash+1","Infernal Blade+1","Clash+1","Rampage","Shrug It Off+1","Cleave"],"relics":["Burning Blood","Toxic Egg 2","Singing Bowl","Red Mask"],"potions_floor_usage":[14,16,16,20,22],"damage_taken":[{"damage":8,"enemies":"Small Slimes","floor":1,"turns":5},{"damage":1,"enemies":"Cultist","floor":2,"turns":3},{"damage":5,"enemies":"2 Louse","floor":4,"turns":3},{"damage":16,"enemies":"Gremlin Gang","floor":7,"turns":5},{"damage":4,"enemies":"Exordium Wildlife","floor":8,"turns":3},{"damage":5,"enemies":"Looter","floor":13,"turns":2},{"damage":1,"enemies":"3 Louse","floor":14,"turns":3},{"damage":35,"enemies":"Slime Boss","floor":16,"turns":16},{"damage":15,"enemies":"2 Thieves","floor":18,"turns":2},{"damage":13,"enemies":"Masked Bandits","floor":20,"turns":4},{"damage":0,"enemies":"Chosen","floor":21,"turns":5},{"damage":11,"enemies":"Colosseum Slavers","floor":22,"turns":5},{"damage":71,"enemies":"Colosseum Nobs","floor":22,"turns":6}],"seed_played":"-7764265027893208007","potions_obtained":[{"floor":1,"key":"GamblersBrew"},{"floor":2,"key":"GamblersBrew"},{"floor":8,"key":"GamblersBrew"},{"floor":18,"key":"Ancient Potion"},{"floor":20,"key":"PowerPotion"}],"is_trial":false,"path_per_floor":["M","M","?","M","$","R","M","M","T","?","R","$","M","M","R","B",null,"M","$","?","M","?"],"character_chosen":"IRONCLAD","items_purchased":["Toxic Egg 2"],"campfire_rested":0,"item_purchase_floors":[5],"current_hp_per_floor":[78,80,72,73,73,73,63,65,65,65,65,65,66,71,71,44,82,73,73,66,72,0],"gold":124,"neow_bonus":"HUNDRED_GOLD","is_prod":false,"is_daily":false,"chose_seed":false,"campfire_upgraded":3,"win_rate":0,"timestamp":1551999837,"path_taken":["M","M","?","?","?","R","M","?","T","?","R","$","?","M","R","BOSS","M","$","?","M","?"],"build_version":"2019-02-06","purchased_purges":2,"victory":false,"max_hp_per_floor":[80,80,80,80,80,80,80,80,80,80,80,80,80,80,80,82,82,82,82,82,82,82],"card_choices":[{"not_picked":["Evolve","Wild Strike","Thunderclap"],"picked":"SKIP","floor":1},{"not_picked":["Body Slam","Feel No Pain","Havoc"],"picked":"SKIP","floor":2},{"not_picked":["Armaments","Warcry"],"picked":"Flame Barrier","floor":4},{"not_picked":["Brutality","Warcry+1","Clothesline"],"picked":"SKIP","floor":7},{"not_picked":["Evolve","Armaments+1"],"picked":"Clash","floor":8},{"not_picked":["Warcry+1","Hemokinesis"],"picked":"Infernal Blade+1","floor":13},{"not_picked":["True Grit+1","Heavy Blade"],"picked":"Clash","floor":14},{"not_picked":["Berserk","Juggernaut","Immolate"],"picked":"Singing Bowl","floor":16},{"not_picked":["Intimidate+1","Shockwave+1"],"picked":"Rampage","floor":18},{"not_picked":["Dual Wield+1","Intimidate+1"],"picked":"Shrug It Off+1","floor":20},{"not_picked":["Battle Trance+1","Sword Boomerang"],"picked":"Cleave","floor":21}],"player_experience":496822,"relics_obtained":[{"floor":9,"key":"Singing Bowl"},{"floor":20,"key":"Red Mask"}],"event_choices":[{"damage_healed":0,"gold_gain":75,"player_choice":"Touch","damage_taken":8,"max_hp_gain":0,"max_hp_loss":0,"event_name":"FaceTrader","floor":3,"gold_loss":0},{"cards_removed":["Strike_R"],"damage_healed":0,"gold_gain":0,"player_choice":"Card Removal","damage_taken":0,"max_hp_gain":0,"max_hp_loss":0,"event_name":"Wheel of Change","floor":10,"gold_loss":0},{"damage_healed":0,"gold_gain":0,"player_choice":"Fought Bandits","damage_taken":0,"max_hp_gain":0,"max_hp_loss":0,"event_name":"Masked Bandits","floor":20,"gold_loss":0},{"damage_healed":0,"gold_gain":0,"player_choice":"Fight","damage_taken":0,"max_hp_gain":0,"max_hp_loss":0,"event_name":"Colosseum","floor":22,"gold_loss":0},{"damage_healed":0,"gold_gain":0,"player_choice":"Fought Nobs","damage_taken":0,"max_hp_gain":0,"max_hp_loss":0,"event_name":"Colosseum","floor":22,"gold_loss":0}],"is_beta":true,"boss_relics":[{"not_picked":["Runic Dome","Fusion Hammer","Eternal Feather"]}],"items_purged_floors":[5,19],"is_endless":false,"potions_floor_spawned":[1,2,8,18,20,22],"killed_by":"Colosseum Nobs","ascension_level":0}