{"gold_per_floor":[115,44,119,119,119,144,156,156,183,203,229,253,253,268,268,367,367,341,66,66,77,0,26,55,67,106,118,55,14,34,50,50,50],"floor_reached":33,"playtime":3160,"items_purged":["Defend_B"],"score":323,"play_id":"22817f68-0a59-4b28-bf65-f1338723a87d","local_time":"20190305010729","is_ascension_mode":false,"campfire_choices":[{"floor":8,"key":"REST"},{"floor":13,"key":"RECALL"},{"data":"Steam Power","floor":15,"key":"SMITH"},{"data":"Echo Form","floor":32,"key":"SMITH"}],"neow_cost":"NONE","seed_source_timestamp":14910874225259,"circlet_count":0,"master_deck":["Defend_B","Defend_B","Zap","Dualcast","Hello World+1","Lockon+1","Double Energy+1","Self Repair","Turbo","Steam Power+1","Glacier+1","Reinforced Body","Go for the Eyes","Coolheaded","Echo Form+1","Ball Lightning","Force Field","Heatsinks","Turbo+1","Core Surge","Coolheaded","Bite","Bite","Bite","Bite","Bite","Sweeping Beam","All For One","Gash+1"],"relics":["Astrolabe","Lantern","Orichalcum","PreservedInsect","Centennial Puzzle","White Beast Statue","MawBank","Enchiridion","War Paint"],"potions_floor_usage":[16,16,18,18,21,23,24,24,30,33,33,33],"damage_taken":[{"damage":1,"enemies":"Jaw Worm","floor":1,"turns":4},{"damage":46,"enemies":"Gremlin Nob","floor":6,"turns":5},{"damage":0,"enemies":"Cultist","floor":7,"turns":3},{"damage":1,"enemies":"Small Slimes","floor":10,"turns":4},{"damage":0,"enemies":"3 Sentries","floor":11,"turns":10},{"damage":0,"enemies":"Looter","floor":14,"turns":4},{"damage":65,"enemies":"Hexaghost","floor":16,"turns":17},{"damage":2,"enemies":"2 Thieves","floor":18,"turns":5},{"damage":0,"enemies":"3 Byrds","floor":21,"turns":4},{"damage":33,"enemies":"Book of Stabbing","floor":23,"turns":6},{"damage":24,"enemies":"Centurion and Healer","floor":24,"turns":7},{"damage":11,"enemies":"Snake Plant","floor":30,"turns":7},{"damage":7,"enemies":"Snecko","floor":31,"turns":3},{"damage":58,"enemies":"Champ","floor":33,"turns":13}],"seed_played":"4797908459969563081","potions_obtained":[{"floor":7,"key":"EssenceOfSteel"},{"floor":10,"key":"Energy Potion"},{"floor":14,"key":"Fire Potion"},{"floor":16,"key":"Dexterity Potion"},{"floor":18,"key":"FearPotion"},{"floor":20,"key":"Block Potion"},{"floor":20,"key":"SpeedPotion"},{"floor":20,"key":"LiquidBronze"},{"floor":21,"key":"FocusPotion"},{"floor":23,"key":"Fire Potion"},{"floor":24,"key":"Block Potion"},{"floor":30,"key":"Swift Potion"},{"floor":31,"key":"SkillPotion"}],"is_trial":false,"path_per_floor":["M","$","?","?","T","E","M","R","T","M","E","T","R","M","R","B",null,"M","$","?","M","?","E","M","?","T","?","?","$","M","M","R","B"],"character_chosen":"DEFECT","items_purchased":["Self Repair","Ball Lightning","Force Field","Heatsinks","Sweeping Beam"],"campfire_rested":1,"item_purchase_floors":[2,19,19,19,29],"current_hp_per_floor":[74,74,63,63,63,24,31,53,53,59,66,66,66,73,73,15,75,75,75,75,75,75,42,25,9,9,9,9,9,29,34,34,0],"gold":50,"neow_bonus":"BOSS_RELIC","is_prod":false,"is_daily":false,"chose_seed":false,"campfire_upgraded":2,"win_rate":0,"timestamp":1551715649,"path_taken":["M","$","?","?","?","E","M","R","T","?","E","?","R","M","R","BOSS","M","$","?","?","?","E","M","?","T","?","?","?","?","M","R","BOSS"],"build_version":"2019-01-23","purchased_purges":1,"victory":false,"max_hp_per_floor":[75,75,75,75,75,75,75,75,75,75,75,75,75,75,75,75,75,75,75,75,75,75,75,75,75,75,52,52,52,52,52,52,52],"card_choices":[{"not_picked":["Hologram","Barrage","Steam"],"picked":"SKIP","floor":1},{"not_picked":["Steam","Lockon"],"picked":"Steam Power","floor":6},{"not_picked":["Lockon","Barrage"],"picked":"Glacier","floor":7},{"not_picked":["Redo","Streamline"],"picked":"Reinforced Body","floor":10},{"not_picked":["Streamline","Stack"],"picked":"Go for the Eyes","floor":11},{"not_picked":["Gash","Conserve Battery"],"picked":"Coolheaded","floor":14},{"not_picked":["Thunder Strike","Machine Learning"],"picked":"Echo Form","floor":16},{"not_picked":["Rip and Tear","Hello World","BootSequence"],"picked":"SKIP","floor":18},{"not_picked":["Go for the Eyes","Rebound"],"picked":"Turbo","floor":21},{"not_picked":["Steam","Coolheaded"],"picked":"Core Surge","floor":23},{"not_picked":["Barrage","Stack+1"],"picked":"Coolheaded","floor":24},{"not_picked":["Compile Driver+1","Sweeping Beam"],"picked":"All For One","floor":30},{"not_picked":["Ball Lightning","Consume"],"picked":"Gash+1","floor":31}],"player_experience":71587,"relics_obtained":[{"floor":6,"key":"Lantern"},{"floor":9,"key":"Orichalcum"},{"floor":11,"key":"PreservedInsect"},{"floor":12,"key":"Centennial Puzzle"},{"floor":23,"key":"MawBank"},{"floor":25,"key":"Enchiridion"},{"floor":26,"key":"War Paint"}],"event_choices":[{"damage_healed":0,"gold_gain":75,"player_choice":"Gather Gold","damage_taken":11,"max_hp_gain":0,"max_hp_loss":0,"event_name":"World of Goop","floor":3,"gold_loss":0},{"damage_healed":0,"gold_gain":0,"cards_transformed":["Strike_B"],"player_choice":"Change","damage_taken":0,"max_hp_gain":0,"max_hp_loss":0,"event_name":"Living Wall","floor":4,"gold_loss":0,"cards_obtained":["Turbo"]},{"damage_healed":0,"gold_gain":0,"player_choice":"Got Potions","damage_taken":0,"max_hp_gain":0,"max_hp_loss":0,"event_name":"Lab","floor":20,"gold_loss":0},{"damage_healed":0,"gold_gain":0,"player_choice":"Paid Fearfully","damage_taken":0,"max_hp_gain":0,"max_hp_loss":0,"event_name":"Masked Bandits","floor":22,"gold_loss":77},{"damage_healed":0,"gold_gain":0,"player_choice":"Obtained Book","damage_taken":16,"max_hp_gain":0,"max_hp_loss":0,"event_name":"Cursed Tome","floor":25,"gold_loss":0},{"damage_healed":0,"gold_gain":0,"player_choice":"Became a vampire","damage_taken":0,"max_hp_gain":0,"max_hp_loss":23,"event_name":"Vampires","floor":27,"gold_loss":0,"cards_obtained":["Bite","Bite","Bite","Bite","Bite"]},{"cards_removed":["Defend_B"],"damage_healed":0,"gold_gain":0,"player_choice":"Gave Gold","damage_taken":0,"max_hp_gain":0,"max_hp_loss":0,"event_name":"Beggar","floor":28,"gold_loss":75}],"is_beta":false,"boss_relics":[{"not_picked":["Fusion Hammer","Cursed Key"],"picked":"White Beast Statue"}],"items_purged_floors":[19],"is_endless":false,"potions_floor_spawned":[7,10,14,16,18,21,23,24,30,31],"killed_by":"Champ","ascension_level":0}