{"gold_per_floor":[118,118,64,64,81,81,106,126,126,146,160,160,187,203,203,203],"floor_reached":16,"playtime":456,"items_purged":[],"score":213,"play_id":"7a87a366-1808-47be-bf72-f8ff4234e0b9","local_time":"20180927200048","is_ascension_mode":true,"campfire_choices":[{"data":"Skewer","floor":6.0,"key":"SMITH"},{"floor":12.0,"key":"REST"},{"data":"Neutralize","floor":15,"key":"SMITH"}],"neow_cost":"PERCENT_DAMAGE","seed_source_timestamp":12513186765318,"circlet_count":0,"master_deck":["Defend_G","Defend_G","Defend_G","Defend_G","Strike_G","Strike_G","Strike_G","Survivor","Neutralize+1","AscendersBane","Deflect","Backstab","Skewer+1","Dagger Spray","Adrenaline","Dagger Throw","Heel Hook"],"special_seed":0,"relics":["Ring of the Snake","Matryoshka","Dodecahedron","Centennial Puzzle","Mercury Hourglass"],"potions_floor_usage":[16],"damage_taken":[{"damage":1.0,"enemies":"Cultist","floor":1.0,"turns":5.0},{"damage":0.0,"enemies":"Small Slimes","floor":5.0,"turns":3.0},{"damage":39.0,"enemies":"Lagavulin","floor":7.0,"turns":7.0},{"damage":0.0,"enemies":"Jaw Worm","floor":8.0,"turns":1.0},{"damage":0.0,"enemies":"2 Fungi Beasts","floor":10.0,"turns":1.0},{"damage":0.0,"enemies":"Looter","floor":11.0,"turns":2.0},{"damage":10.0,"enemies":"3 Sentries","floor":13.0,"turns":7.0},{"damage":0,"enemies":"Exordium Thugs","floor":14,"turns":3},{"damage":17,"enemies":"Hexaghost","floor":16,"turns":10}],"seed_played":"7631497428712157296","potions_obtained":[{"floor":5.0,"key":"Explosive Potion"},{"floor":10.0,"key":"SkillPotion"},{"floor":14,"key":"Fire Potion"}],"is_trial":false,"path_per_floor":["M","?","$","?","M","R","E","M","T","M","M","R","E","M","R"],"character_chosen":"THE_SILENT","items_purchased":["Dagger Spray"],"campfire_rested":1,"item_purchase_floors":[3],"current_hp_per_floor":[43,43,43,43,43,43,4,4,4,4,4,23,13,13,13,0],"gold":203,"neow_bonus":"TRANSFORM_TWO_CARDS","is_prod":false,"is_daily":false,"chose_seed":false,"campfire_upgraded":2,"win_rate":0,"timestamp":1538046048,"path_taken":["M","?","$","?","M","R","E","M","T","M","M","R","E","M","R","BOSS"],"build_version":"2018-09-20","purchased_purges":0,"victory":false,"max_hp_per_floor":[66,66,66,66,66,66,66,66,66,66,66,66,66,66,66,66],"card_choices":[{"not_picked":["Sucker Punch","Outmaneuver"],"picked":"Skewer","floor":1.0},{"not_picked":["Predator","Blade Dance","Setup"],"picked":"SKIP","floor":5.0},{"not_picked":["Poisoned Stab","Eviscerate"],"picked":"Adrenaline","floor":7.0},{"not_picked":["Flechettes","Catalyst"],"picked":"Dagger Throw","floor":8.0},{"not_picked":["Choke","Poisoned Stab","Prepared"],"picked":"SKIP","floor":10.0},{"not_picked":["Dodge and Roll","Cloak And Dagger","Noxious Fumes"],"picked":"SKIP","floor":11.0},{"not_picked":["Sucker Punch","Deadly Poison"],"picked":"Heel Hook","floor":13.0},{"not_picked":["Cloak And Dagger","Dagger Throw","Leg Sweep"],"picked":"SKIP","floor":14}],"player_experience":672819,"relics_obtained":[{"floor":7.0,"key":"Matryoshka"},{"floor":9.0,"key":"Dodecahedron"},{"floor":9.0,"key":"Centennial Puzzle"},{"floor":13.0,"key":"Mercury Hourglass"}],"event_choices":[{"event_name":"Purifier","player_choice":"One Purge","floor":2.0,"damage_taken":0.0},{"event_name":"Liars Game","player_choice":"disagreed","floor":4.0,"damage_taken":0.0}],"is_beta":false,"boss_relics":[],"items_purged_floors":[],"is_endless":false,"potions_floor_spawned":[5,10,14],"killed_by":"Hexaghost","ascension_level":18}