{"gold_per_floor":[119,37,53,73,73,73,88,88,88,88,113,124,124,124,124,124],"floor_reached":16,"playtime":450,"items_purged":[],"score":244,"play_id":"c110a2fa-6418-419d-a34f-5a08f34e43dc","local_time":"20181004202448","is_ascension_mode":true,"campfire_choices":[{"data":"Skewer","floor":6,"key":"SMITH"},{"data":"Cloak And Dagger","floor":8,"key":"SMITH"},{"data":"Calculated Gamble","floor":13,"key":"SMITH"},{"data":"Prepared","floor":15,"key":"SMITH"}],"neow_cost":"NONE","seed_source_timestamp":175406374156911,"circlet_count":0,"master_deck":["Defend_G","Defend_G","Defend_G","Defend_G","Defend_G","Strike_G","Strike_G","Strike_G","Strike_G","Survivor","Neutralize","AscendersBane","Masterful Stab","Skewer+1","Dagger Spray","Cloak And Dagger+1","Leg Sweep","Well Laid Plans","Prepared+1","Calculated Gamble+1"],"relics":["Ring of the Snake","Incense Burner","Tingsha","Question Card"],"potions_floor_usage":[11],"damage_taken":[{"damage":1,"enemies":"2 Louse","floor":1,"turns":3},{"damage":0,"enemies":"Jaw Worm","floor":3,"turns":3},{"damage":0,"enemies":"Cultist","floor":4,"turns":3},{"damage":2,"enemies":"2 Fungi Beasts","floor":7,"turns":4},{"damage":0,"enemies":"3 Sentries","floor":11,"turns":5},{"damage":0,"enemies":"Blue Slaver","floor":12,"turns":2},{"damage":68,"enemies":"Hexaghost","floor":16,"turns":12}],"seed_played":"3950648520298909868","potions_obtained":[{"floor":1,"key":"Strength Potion"}],"is_trial":false,"path_per_floor":["M","$","M","M","?","R","M","R","T","?","E","M","R","T","R"],"character_chosen":"THE_SILENT","items_purchased":["Skewer"],"campfire_rested":0,"item_purchase_floors":[2],"current_hp_per_floor":[64,64,64,64,69,69,67,67,67,67,67,67,67,67,67,0],"gold":124,"neow_bonus":"TEN_PERCENT_HP_BONUS","is_prod":false,"is_daily":false,"chose_seed":false,"campfire_upgraded":4,"win_rate":0,"timestamp":1538652288,"path_taken":["M","$","M","M","?","R","M","R","T","?","E","M","R","?","R","BOSS"],"build_version":"2018-09-27","purchased_purges":0,"victory":false,"max_hp_per_floor":[72,72,72,72,77,77,77,77,77,77,77,77,77,77,77,77],"card_choices":[{"not_picked":["Dagger Spray","Underhanded Strike"],"picked":"Masterful Stab","floor":1},{"not_picked":["Deadly Poison","Dagger Throw"],"picked":"Dagger Spray","floor":3},{"not_picked":["Noxious Fumes","Poisoned Stab"],"picked":"Cloak And Dagger","floor":4},{"not_picked":["Acrobatics","Predator"],"picked":"Leg Sweep","floor":7},{"not_picked":["Blade Dance","Doppelganger"],"picked":"Prepared","floor":11},{"not_picked":["Endless Agony","Deadly Poison"],"picked":"Calculated Gamble","floor":12}],"player_experience":690275,"relics_obtained":[{"floor":9,"key":"Incense Burner"},{"floor":11,"key":"Tingsha"},{"floor":14,"key":"Question Card"}],"event_choices":[{"event_name":"Big Fish","player_choice":"Donut","floor":5,"damage_taken":0},{"event_name":"Transmorgrifier","player_choice":"Transform","floor":10,"damage_taken":0}],"is_beta":false,"boss_relics":[],"items_purged_floors":[],"is_endless":false,"potions_floor_spawned":[1],"killed_by":"Hexaghost","ascension_level":19}