{"gold_per_floor":[12,27,44,44,54,54,54,54,126,140,140,160,110,140,140,242,242,252,27,27,27,44,44,44,44,44,44,57,71,71,3,3,101,101,111,126,126,143,43,56,76,76,76,76,93,93,93,109,109,109],"floor_reached":51,"playtime":3326,"items_purged":["Night Terror+1","Die Die Die+1"],"score":774,"play_id":"a5c58a5f-185e-42e9-bea3-a3308691d8ab","local_time":"20180809055742","is_ascension_mode":false,"campfire_choices":[{"data":"Reflex","floor":6,"key":"SMITH"},{"data":"Prepared","floor":8,"key":"SMITH"},{"data":"Neutralize","floor":11,"key":"SMITH"},{"data":"Concentrate","floor":15,"key":"SMITH"},{"data":"Tactician","floor":23,"key":"SMITH"},{"data":"Expertise","floor":32,"key":"SMITH"},{"data":"Acrobatics","floor":42,"key":"SMITH"},{"data":"Well Laid Plans","floor":46,"key":"SMITH"},{"data":"Adrenaline","floor":49,"key":"SMITH"}],"neow_cost":"NO_GOLD","seed_source_timestamp":150226255267565,"circlet_count":0,"master_deck":["Defend_G","Defend_G","Defend_G","Survivor","Neutralize+1","Prepared+1","Backstab","Poisoned Stab","Dash+1","Reflex+1","Concentrate+1","Adrenaline+1","Reflex+1","Tactician+1","Well Laid Plans+1","Acrobatics+1","Expertise+1","Prepared+1","Acrobatics+1","Choke+1"],"relics":["Ring of the Snake","Orichalcum","Astrolabe","Whetstone","Question Card","Sozu","Gambling Chip","Omamori"],"potions_floor_usage":[16,50],"damage_taken":[{"damage":0,"enemies":"Small Slimes","floor":1,"turns":3},{"damage":6,"enemies":"Jaw Worm","floor":2,"turns":3},{"damage":0,"enemies":"2 Louse","floor":3,"turns":1},{"damage":0,"enemies":"Looter","floor":5,"turns":2},{"damage":0,"enemies":"3 Louse","floor":10,"turns":3},{"damage":0,"enemies":"Exordium Wildlife","floor":12,"turns":3},{"damage":3,"enemies":"3 Sentries","floor":14,"turns":10},{"damage":59,"enemies":"Slime Boss","floor":16,"turns":19},{"damage":0,"enemies":"Shell Parasite","floor":18,"turns":3},{"damage":1,"enemies":"Spheric Guardian","floor":22,"turns":4},{"damage":0,"enemies":"Centurion and Healer","floor":28,"turns":8},{"damage":0,"enemies":"Snake Plant","floor":29,"turns":3},{"damage":0,"enemies":"Champ","floor":33,"turns":1},{"damage":0,"enemies":"3 Darklings","floor":35,"turns":2},{"damage":0,"enemies":"Flame Bruiser 1 Orb","floor":36,"turns":2},{"damage":0,"floor":37,"turns":3},{"damage":0,"enemies":"Transient","floor":38,"turns":5},{"damage":0,"enemies":"Spire Growth","floor":40,"turns":1},{"damage":0,"enemies":"Sphere and 2 Shapes","floor":41,"turns":1},{"damage":0,"enemies":"Maw","floor":45,"turns":1},{"damage":0,"enemies":"Transient","floor":48,"turns":2},{"damage":0,"enemies":"Awakened One","floor":50,"turns":2}],"seed_played":"-7848959811294446024","potions_obtained":[{"floor":1,"key":"Explosive Potion"},{"floor":3,"key":"Strength Potion"},{"floor":5,"key":"Strength Potion"},{"floor":16,"key":"FearPotion"},{"floor":29,"key":"AttackPotion"}],"is_trial":false,"path_per_floor":["M","M","M","?","M","R","?","R","T","M","R","M","?","E","R","B",null,"M","$","?","?","M","R","?","$","T","?","M","M","T","$","R","B",null,"M","M","?","M","$","M","M","R","T","?","M","R","?","M","R","B"],"character_chosen":"THE_SILENT","items_purchased":["Tactician","Well Laid Plans","Expertise"],"campfire_rested":0,"item_purchase_floors":[19,19,31],"current_hp_per_floor":[70,64,64,64,64,64,64,64,64,64,64,64,64,61,61,2,70,70,70,70,57,56,56,56,56,56,56,56,56,56,56,56,56,75,75,75,75,75,75,75,75,75,75,75,75,75,75,75,75,75],"gold":109,"neow_bonus":"TRANSFORM_TWO_CARDS","is_prod":false,"is_daily":false,"chose_seed":false,"campfire_upgraded":9,"win_rate":0,"timestamp":1533761862,"path_taken":["M","M","M","?","M","R","?","R","T","?","R","M","?","E","R","BOSS","M","$","?","?","M","R","?","?","T","?","?","?","?","$","R","BOSS","M","?","?","?","$","M","M","R","T","?","?","R","?","M","R","BOSS"],"build_version":"2018-08-02","purchased_purges":2,"victory":true,"max_hp_per_floor":[70,70,70,70,70,70,70,70,70,70,70,70,70,70,70,70,70,70,70,70,75,75,75,75,75,75,75,75,75,75,75,75,75,75,75,75,75,75,75,75,75,75,75,75,75,75,75,75,75,75],"card_choices":[{"not_picked":["Terror","PiercingWail"],"picked":"Poisoned Stab","floor":1},{"not_picked":["Expertise","Dagger Spray"],"picked":"Dash","floor":2},{"not_picked":["Deflect","Underhanded Strike"],"picked":"Reflex","floor":3},{"not_picked":["Dodge and Roll","Flying Knee"],"picked":"Concentrate","floor":5},{"not_picked":["Finisher","Outmaneuver","Concentrate"],"picked":"SKIP","floor":10},{"not_picked":["Backflip","Deflect"],"picked":"Adrenaline","floor":12},{"not_picked":["Dash","Backstab","Bouncing Flask"],"picked":"SKIP","floor":14},{"not_picked":["A Thousand Cuts","Glass Knife"],"picked":"Die Die Die","floor":16},{"not_picked":["Caltrops","Sucker Punch","Masterful Stab+1"],"picked":"SKIP","floor":18},{"not_picked":["Cloak And Dagger+1","Slice","Dash"],"picked":"SKIP","floor":22},{"not_picked":["Eviscerate","Leg Sweep"],"picked":"Acrobatics","floor":28},{"not_picked":["Slice","Skewer","Underhanded Strike"],"picked":"SKIP","floor":29},{"not_picked":["Underhanded Strike","Finisher","Deadly Poison","Dagger Spray"],"picked":"SKIP","floor":35},{"not_picked":["Dagger Throw","All Out Attack+1","Masterful Stab+1"],"picked":"Prepared+1","floor":36},{"not_picked":["Leg Sweep","Sucker Punch","PiercingWail+1","Quick Slash+1"],"picked":"SKIP","floor":38},{"not_picked":["Finisher+1","Crippling Poison","Poisoned Stab+1"],"picked":"Acrobatics+1","floor":40},{"not_picked":["Leg Sweep","Phantasmal Killer","Quick Slash","Concentrate"],"picked":"SKIP","floor":41},{"not_picked":["Skewer","Tactician+1","Backflip+1"],"picked":"Choke+1","floor":45},{"not_picked":["Dodge and Roll","Cloak And Dagger+1","Terror+1","PiercingWail+1"],"picked":"SKIP","floor":48}],"player_experience":597488,"relics_obtained":[{"floor":14,"key":"Orichalcum"},{"floor":26,"key":"Whetstone"},{"floor":30,"key":"Question Card"},{"floor":37,"key":"Gambling Chip"},{"floor":43,"key":"Omamori"}],"event_choices":[{"event_name":"Living Wall","player_choice":"Forget","floor":4,"damage_taken":0},{"event_name":"Liars Game","player_choice":"disagreed","floor":7,"damage_taken":0},{"event_name":"The Cleric","player_choice":"Card Removal","floor":13,"damage_taken":0},{"event_name":"Back to Basics","player_choice":"Elegance","floor":20,"damage_taken":0},{"event_name":"Forgotten Altar","player_choice":"Shed Blood","floor":21,"damage_taken":0},{"event_name":"Vampires","player_choice":"Ignored","floor":24,"damage_taken":0},{"event_name":"Drug Dealer","player_choice":"Ignored","floor":27,"damage_taken":0},{"event_name":"MindBloom","player_choice":"Fight","floor":37,"damage_taken":0},{"event_name":"Winding Halls","player_choice":"Writhe","floor":44,"damage_taken":0},{"event_name":"SensoryStone","player_choice":"Memory 1","floor":47,"damage_taken":0}],"is_beta":false,"boss_relics":[{"not_picked":["Ectoplasm","Tiny House"],"picked":"Astrolabe"},{"not_picked":["Cursed Key","Runic Pyramid"],"picked":"Sozu"}],"items_purged_floors":[19,39],"is_endless":false,"potions_floor_spawned":[1,3,5,16,28,29,33,35,38,40],"ascension_level":0}