{"gold_per_floor":[111,111,183,28,41,41,74,94,118,145,160,173,173,206,206,282,282,295,40,59,79,79,104,121,321,321,350,366,49,66,95,95,171,171,185,202,202,202,202,235,245,245,290,320,7,34,44,58,58,58],"floor_reached":51,"playtime":4007,"items_purged":[],"score":1661,"play_id":"7b54c299-952e-459e-86b0-705a96b0262d","local_time":"20180704221542","is_ascension_mode":true,"campfire_choices":[{"data":"Neutralize","floor":6,"key":"SMITH"},{"data":"Footwork","floor":13,"key":"SMITH"},{"data":"Infinite Blades","floor":15,"key":"SMITH"},{"floor":32,"key":"REST"},{"floor":42,"key":"REST"},{"floor":49,"key":"REST"}],"neow_cost":"TEN_PERCENT_HP_LOSS","seed_source_timestamp":9356637077796,"circlet_count":0,"master_deck":["Defend_G","Defend_G","Defend_G","Defend_G","Defend_G","Survivor","Neutralize+1","AscendersBane","All Out Attack","Infinite Blades+1","Dodge and Roll","Well Laid Plans","Footwork+1","Phantasmal Killer","Malaise","Cloak And Dagger","Bite","Bite","Bite","Bite","Bite","Backflip","Leg Sweep","Noxious Fumes","A Thousand Cuts","PiercingWail+1","Footwork","Cloak And Dagger+1","Cloak And Dagger+1","Backflip+1","Finisher+1","Footwork+1","Footwork+1","Finesse+1","Terror+1","Outmaneuver+1","Backstab","Storm of Steel+1","Footwork","Backflip+1"],"relics":["Ring of the Snake","Calipers","Mercury Hourglass","Vajra","Singing Bowl","Oddly Smooth Stone","Darkstone Periapt","Omamori","Fusion Hammer","Meat on the Bone","Orichalcum","Bottled Flame","Ginger","Mummified Hand","Toxic Egg 2","Orrery","Du-Vu Doll","Dream Catcher","Pen Nib","Shuriken","Bag of Preparation"],"potions_floor_usage":[7,10,10,14,20,21,30,31,46,46,48],"damage_taken":[{"damage":0,"enemies":"Jaw Worm","floor":1,"turns":5},{"damage":1,"enemies":"Cultist","floor":5,"turns":3},{"damage":19,"enemies":"Gremlin Nob","floor":7,"turns":4},{"damage":0,"enemies":"Small Slimes","floor":8,"turns":2},{"damage":0,"enemies":"Lagavulin","floor":10,"turns":7},{"damage":0,"enemies":"Looter","floor":11,"turns":4},{"damage":0,"enemies":"3 Louse","floor":12,"turns":1},{"damage":0,"enemies":"3 Sentries","floor":14,"turns":5},{"damage":0,"enemies":"The Guardian","floor":16,"turns":13},{"damage":3,"enemies":"3 Byrds","floor":18,"turns":4},{"damage":3,"enemies":"Shell Parasite","floor":20,"turns":5},{"damage":9,"enemies":"3 Cultists","floor":21,"turns":5},{"damage":15,"enemies":"Gremlin Leader","floor":23,"turns":11},{"damage":3,"enemies":"Centurion and Healer","floor":24,"turns":5},{"damage":2,"enemies":"Book of Stabbing","floor":27,"turns":8},{"damage":12,"enemies":"Snake Plant","floor":28,"turns":6},{"damage":0,"enemies":"Sentry and Sphere","floor":30,"turns":7},{"damage":22,"enemies":"Slavers","floor":31,"turns":6},{"damage":43,"enemies":"Automaton","floor":33,"turns":15},{"damage":20,"enemies":"3 Darklings","floor":35,"turns":5},{"damage":0,"enemies":"Orb Walker","floor":36,"turns":4},{"damage":0,"enemies":"Giant Head","floor":40,"turns":10},{"damage":0,"enemies":"Maw","floor":41,"turns":8},{"damage":2,"enemies":"Nemesis","floor":44,"turns":7},{"damage":47,"enemies":"2 Orb Walkers","floor":46,"turns":5},{"damage":0,"enemies":"Sphere and 2 Shapes","floor":47,"turns":3},{"damage":4,"enemies":"4 Shapes","floor":48,"turns":3},{"damage":71,"enemies":"Awakened One","floor":50,"turns":11}],"seed_played":"-6876009453106881553","potions_obtained":[{"floor":2,"key":"Energy Potion"},{"floor":2,"key":"Dexterity Potion"},{"floor":8,"key":"AttackPotion"},{"floor":10,"key":"EssenceOfSteel"},{"floor":14,"key":"Dexterity Potion"},{"floor":18,"key":"AttackPotion"},{"floor":20,"key":"SteroidPotion"},{"floor":23,"key":"GamblersBrew"},{"floor":36,"key":"SneckoOil"},{"floor":40,"key":"PowerPotion"},{"floor":46,"key":"Explosive Potion"}],"is_trial":false,"path_per_floor":["M","?","T","$","M","R","E","M","T","E","M","M","R","E","R","B",null,"M","$","M","M","?","E","M","?","T","E","M","$","M","E","R","B",null,"M","M","?","?","?","E","M","R","T","E","$","E","M","M","R","B"],"character_chosen":"THE_SILENT","items_purchased":["Vajra","Meat on the Bone","Mummified Hand","Noxious Fumes","Shuriken","Backstab"],"campfire_rested":3,"item_purchase_floors":[4,19,29,29,45,45],"current_hp_per_floor":[59,59,59,59,58,58,39,39,39,39,39,41,41,43,43,43,59,56,56,53,46,46,48,48,48,48,50,42,42,50,40,54,30,48,30,34,34,31,31,45,58,58,58,60,60,29,31,41,61,19],"gold":58,"neow_bonus":"ONE_RARE_RELIC","is_prod":false,"is_daily":false,"chose_seed":false,"campfire_upgraded":3,"win_rate":0,"timestamp":1530735342,"path_taken":["M","?","?","$","M","R","E","M","T","E","M","M","R","E","R","BOSS","M","$","M","M","?","E","M","?","T","E","?","$","M","E","R","BOSS","M","M","?","?","?","E","M","R","T","E","?","E","M","M","R","BOSS"],"build_version":"2018-06-28","purchased_purges":0,"victory":true,"max_hp_per_floor":[60,60,60,60,60,60,60,60,60,60,60,62,62,64,64,64,64,64,64,64,66,46,48,48,48,48,50,50,50,52,54,54,54,54,54,54,54,56,56,56,58,58,58,60,60,60,60,60,62,62],"card_choices":[{"not_picked":["Poisoned Stab","Calculated Gamble"],"picked":"Flying Knee","floor":1},{"not_picked":["Underhanded Strike","Catalyst"],"picked":"All Out Attack","floor":5},{"not_picked":["Dodge and Roll","Finisher"],"picked":"Infinite Blades","floor":7},{"not_picked":["Grand Finale","Concentrate"],"picked":"Dodge and Roll","floor":8},{"not_picked":["Acrobatics","Dodge and Roll"],"picked":"Well Laid Plans","floor":10},{"not_picked":["Dash","Deadly Poison"],"picked":"Footwork","floor":11},{"not_picked":["Underhanded Strike","Distraction","Slice"],"picked":"Singing Bowl","floor":12},{"not_picked":["All Out Attack","Acrobatics","Setup"],"picked":"Singing Bowl","floor":14},{"not_picked":["Venomology","Grand Finale"],"picked":"Phantasmal Killer","floor":16},{"not_picked":["Underhanded Strike","Skewer"],"picked":"Malaise","floor":18},{"not_picked":["Deadly Poison","PiercingWail"],"picked":"Cloak And Dagger","floor":20},{"not_picked":["Doppelganger","Dagger Spray","Deflect"],"picked":"Singing Bowl","floor":21},{"not_picked":["Prepared","Escape Plan","Bane"],"picked":"Singing Bowl","floor":23},{"not_picked":["Underhanded Strike","Acrobatics"],"picked":"Backflip","floor":24},{"not_picked":["Sucker Punch","All Out Attack","Expertise"],"picked":"Singing Bowl","floor":27},{"not_picked":["Expertise","PiercingWail"],"picked":"Leg Sweep","floor":28},{"not_picked":["Backflip","Terror","Deflect"],"picked":"Singing Bowl","floor":30},{"not_picked":["Flying Knee","Poisoned Stab","Blade Dance"],"picked":"Singing Bowl","floor":31},{"not_picked":["Grand Finale","Adrenaline+1"],"picked":"A Thousand Cuts","floor":33},{"not_picked":["Dagger Spray","Flying Knee"],"picked":"PiercingWail+1","floor":34},{"not_picked":["Escape Plan+1","Prepared+1"],"picked":"Footwork","floor":34},{"not_picked":["Choke","Bane+1"],"picked":"Cloak And Dagger+1","floor":34},{"not_picked":["Backflip+1","Dagger Spray"],"picked":"Cloak And Dagger+1","floor":34},{"not_picked":["Deadly Poison+1","Prepared+1"],"picked":"Backflip+1","floor":34},{"not_picked":["Expertise+1","Sucker Punch"],"picked":"Finisher+1","floor":35},{"not_picked":["Distraction+1","PiercingWail+1"],"picked":"Footwork+1","floor":36},{"not_picked":["Deep Breath+1","Purity+1","Swift Strike"],"picked":"Singing Bowl","floor":38},{"not_picked":["Purity+1","Jack Of All Trades+1"],"picked":"Finesse+1","floor":38},{"not_picked":["Storm of Steel+1","Quick Slash"],"picked":"Outmaneuver+1","floor":40},{"not_picked":["Slice+1","Quick Slash","Sucker Punch"],"picked":"Singing Bowl","floor":41},{"not_picked":["A Thousand Cuts","Concentrate+1","Finisher"],"picked":"Singing Bowl","floor":44},{"not_picked":["Envenom","Outmaneuver+1"],"picked":"Storm of Steel+1","floor":46},{"not_picked":["Dagger Throw+1","Flying Knee"],"picked":"Footwork","floor":47},{"not_picked":["Dagger Spray","Quick Slash"],"picked":"Backflip+1","floor":48},{"not_picked":["Setup+1","Dagger Spray","Deadly Poison+1"],"picked":"Singing Bowl","floor":49}],"player_experience":752534,"relics_obtained":[{"floor":3,"key":"Mercury Hourglass"},{"floor":7,"key":"Singing Bowl"},{"floor":9,"key":"Oddly Smooth Stone"},{"floor":10,"key":"Darkstone Periapt"},{"floor":14,"key":"Omamori"},{"floor":23,"key":"Orichalcum"},{"floor":26,"key":"Bottled Flame"},{"floor":27,"key":"Ginger"},{"floor":31,"key":"Toxic Egg 2"},{"floor":40,"key":"Du-Vu Doll"},{"floor":43,"key":"Dream Catcher"},{"floor":44,"key":"Pen Nib"},{"floor":46,"key":"Bag of Preparation"}],"event_choices":[{"event_name":"The Lab","player_choice":"Got Potions","floor":2,"damage_taken":0},{"event_name":"Vampires","player_choice":"Became a vampire","floor":22,"damage_taken":0},{"event_name":"Wheel of Change","player_choice":"Gold","floor":25,"damage_taken":0},{"event_name":"Duplicator","player_choice":"One dupe","floor":37,"damage_taken":0},{"event_name":"SensoryStone","player_choice":"Memory 2","floor":38,"damage_taken":0},{"event_name":"Transmorgrifier","player_choice":"Transform","floor":39,"damage_taken":0}],"boss_relics":[{"not_picked":["Philosopher\u0027s Stone","Busted Crown"],"picked":"Fusion Hammer"},{"not_picked":["Eternal Feather","Snecko Eye"],"picked":"Orrery"}],"items_purged_floors":[],"is_endless":false,"potions_floor_spawned":[8,10,14,18,20,23,27,28,36,40,46],"ascension_level":15}