{"gold_per_floor":[112,187,198,198,217,217,236,66,137,137,167,267,267,10,10,114,114,128,144,144,156,167,167,167,167,167,167,167,185,185,203,203,308,308,319,319,25,37,49,49,62,93,93,93,93,93,103,118,118,118],"floor_reached":51,"playtime":3244,"items_purged":[],"score":652,"play_id":"92a7b7b4-ca8f-4980-afaa-43c5dca6fbc5","local_time":"20181214142355","is_ascension_mode":false,"campfire_choices":[{"floor":6,"key":"REST"},{"floor":10,"key":"REST"},{"floor":13,"key":"REST"},{"data":"Apotheosis","floor":15,"key":"SMITH"},{"data":"Hyperbeam","floor":23,"key":"SMITH"},{"data":"Thunder Strike","floor":25,"key":"SMITH"},{"data":"Rainbow","floor":28,"key":"SMITH"},{"data":"Buffer","floor":30,"key":"SMITH"},{"data":"Redo","floor":32,"key":"SMITH"},{"floor":40,"key":"REST"},{"floor":45,"key":"REST"},{"floor":49,"key":"REST"}],"neow_cost":"PERCENT_DAMAGE","seed_source_timestamp":119723278094318,"circlet_count":0,"master_deck":["Strike_B+1","Defend_B","Defend_B","Zap+1","Dualcast","Rainbow+1","Buffer+1","Coolheaded","Ball Lightning","Redo+1","Hyperbeam+1","Apotheosis+1","Tempest","Thunder Strike+1","Biased Cognition+1","Core Surge+1","Conserve Battery+1","Conserve Battery+1","Undo+1","Leap+1","Fission+1","Pain","Secret Technique+1","Conserve Battery+1"],"relics":["Cracked Core","Dodecahedron","Pen Nib","Toxic Egg 2","Astrolabe","WingedGreaves","Pantograph","Cursed Key","Lantern","Strawberry","PreservedInsect","Sundial"],"potions_floor_usage":[7,21,31,33,35,39,42,50],"damage_taken":[{"damage":4,"enemies":"Jaw Worm","floor":1,"turns":3},{"damage":9,"enemies":"Small Slimes","floor":3,"turns":3},{"damage":0,"enemies":"Cultist","floor":5,"turns":3},{"damage":0,"enemies":"Looter","floor":7,"turns":2},{"damage":24,"enemies":"Gremlin Nob","floor":11,"turns":4},{"damage":28,"enemies":"Hexaghost","floor":16,"turns":8},{"damage":0,"enemies":"Spheric Guardian","floor":18,"turns":4},{"damage":0,"enemies":"Chosen","floor":19,"turns":3},{"damage":0,"enemies":"Snake Plant","floor":21,"turns":2},{"damage":0,"enemies":"Centurion and Healer","floor":22,"turns":4},{"damage":0,"enemies":"Chosen and Byrds","floor":29,"turns":4},{"damage":0,"enemies":"Snecko","floor":31,"turns":4},{"damage":41,"enemies":"Collector","floor":33,"turns":10},{"damage":0,"enemies":"3 Shapes","floor":35,"turns":5},{"damage":27,"enemies":"3 Darklings","floor":38,"turns":6},{"damage":9,"enemies":"Sphere and 2 Shapes","floor":39,"turns":3},{"damage":8,"enemies":"Maw","floor":41,"turns":7},{"damage":28,"enemies":"Reptomancer","floor":42,"turns":6},{"damage":5,"enemies":"Jaw Worm Horde","floor":47,"turns":5},{"damage":20,"enemies":"Spire Growth","floor":48,"turns":4},{"damage":76,"enemies":"Awakened One","floor":50,"turns":19}],"seed_played":"-3091741036172322397","potions_obtained":[{"floor":3,"key":"PowerPotion"},{"floor":7,"key":"GamblersBrew"},{"floor":18,"key":"EssenceOfSteel"},{"floor":19,"key":"Fire Potion"},{"floor":29,"key":"LiquidBronze"},{"floor":33,"key":"Fire Potion"},{"floor":38,"key":"PowerPotion"},{"floor":41,"key":"Ancient Potion"},{"floor":48,"key":"GamblersBrew"}],"is_trial":false,"path_per_floor":["M","?","M","?","M","R","M","$","T","R","E","?","R","$","R","B",null,"M","M","?","M","M","R","?","R","T","$","R","M","R","M","R","B",null,"M","?","$","M","M","R","M","E","T","?","R","?","M","M","R","B",null],"character_chosen":"DEFECT","items_purchased":["Apotheosis","Toxic Egg 2","Lantern","Strawberry"],"campfire_rested":6,"item_purchase_floors":[8,14,37,37],"current_hp_per_floor":[50,39,30,15,15,37,37,37,37,59,35,35,57,57,57,29,75,75,75,75,75,75,75,75,75,75,75,75,75,75,75,75,34,75,75,75,82,55,46,70,62,34,34,34,57,57,52,32,55,2],"gold":118,"neow_bonus":"TRANSFORM_TWO_CARDS","is_prod":false,"is_daily":false,"chose_seed":false,"campfire_upgraded":6,"win_rate":0.0,"timestamp":1544815435,"path_taken":["M","?","M","?","M","R","M","$","T","R","E","?","R","$","R","BOSS","M","?","?","M","M","R","?","R","T","$","R","M","R","?","R","BOSS","M","?","$","M","M","R","M","E","T","?","R","?","M","M","R","BOSS"],"build_version":"2018-12-13","purchased_purges":0,"victory":true,"max_hp_per_floor":[75,75,75,75,75,75,75,75,75,75,75,75,75,75,75,75,75,75,75,75,75,75,75,75,75,75,75,75,75,75,75,75,75,75,75,75,82,82,82,82,82,82,82,78,78,78,78,78,78,78],"card_choices":[{"not_picked":["Stack","Turbo"],"picked":"Coolheaded","floor":1},{"not_picked":["Doom and Gloom","Streamline"],"picked":"Ball Lightning","floor":3},{"not_picked":["Compile Driver","Barrage"],"picked":"Redo","floor":5},{"not_picked":["Beam Cell","Darkness"],"picked":"Hyperbeam","floor":7},{"not_picked":["Barrage","Compile Driver"],"picked":"Tempest","floor":11},{"not_picked":["Echo Form","All For One"],"picked":"Thunder Strike","floor":16},{"not_picked":["Beam Cell","Blizzard+1"],"picked":"Conserve Battery+1","floor":18},{"not_picked":["Redo+1","Hologram+1"],"picked":"Undo+1","floor":19},{"not_picked":["Sunder","Barrage"],"picked":"Leap+1","floor":21},{"not_picked":["Stack+1","Blizzard+1"],"picked":"Fission+1","floor":22},{"not_picked":["Chill+1","Rip and Tear+1","Skim+1"],"picked":"SKIP","floor":29},{"not_picked":["Beam Cell","Chaos+1","Barrage+1"],"picked":"SKIP","floor":31},{"not_picked":["Streamline+1","Coolheaded+1","Redo+1"],"picked":"SKIP","floor":35},{"not_picked":["Hello World+1","Hologram+1","Force Field+1"],"picked":"SKIP","floor":38},{"not_picked":["BootSequence+1","Barrage+1","Seek+1"],"picked":"SKIP","floor":39},{"not_picked":["Leap+1","Loop+1","Sweeping Beam"],"picked":"SKIP","floor":41},{"not_picked":["Compile Driver","Gash","Darkness+1"],"picked":"SKIP","floor":42},{"not_picked":["Purity+1","Swift Strike"],"picked":"Secret Technique+1","floor":46},{"not_picked":["Hello World+1","Rebound+1","Force Field+1"],"picked":"SKIP","floor":47},{"not_picked":["Heatsinks","Ball Lightning+1"],"picked":"Conserve Battery+1","floor":48}],"player_experience":283808,"relics_obtained":[{"floor":9,"key":"Dodecahedron"},{"floor":11,"key":"Pen Nib"},{"floor":26,"key":"Pantograph"},{"floor":42,"key":"PreservedInsect"},{"floor":43,"key":"Sundial"}],"event_choices":[{"damage_healed":0,"gold_gain":75,"player_choice":"Gather Gold","damage_taken":11,"max_hp_gain":0,"max_hp_loss":0,"event_name":"World of Goop","floor":2,"gold_loss":0},{"damage_healed":0,"gold_gain":0,"player_choice":"Entered Light","damage_taken":15,"max_hp_gain":0,"max_hp_loss":0,"event_name":"Shining Light","floor":4,"gold_loss":0,"cards_upgraded":["Strike_B","Zap"]},{"damage_healed":0,"gold_gain":100,"player_choice":"Pray","damage_taken":0,"max_hp_gain":0,"max_hp_loss":0,"event_name":"Golden Shrine","floor":12,"gold_loss":0},{"damage_healed":0,"gold_gain":0,"player_choice":"Ignored","damage_taken":0,"max_hp_gain":0,"max_hp_loss":0,"event_name":"Cursed Tome","floor":20,"gold_loss":0},{"damage_healed":0,"gold_gain":0,"player_choice":"Gave Potion","damage_taken":0,"relics_obtained":["WingedGreaves"],"max_hp_gain":0,"max_hp_loss":0,"event_name":"WeMeetAgain","floor":24,"gold_loss":0},{"damage_healed":0,"gold_gain":0,"player_choice":"Ignored","damage_taken":0,"max_hp_gain":0,"max_hp_loss":0,"event_name":"Tomb of Lord Red Mask","floor":36,"gold_loss":0},{"damage_healed":0,"gold_gain":0,"player_choice":"Max HP","damage_taken":0,"max_hp_gain":0,"max_hp_loss":4,"event_name":"Winding Halls","floor":44,"gold_loss":0},{"damage_healed":0,"gold_gain":0,"player_choice":"Memory 1","damage_taken":0,"max_hp_gain":0,"max_hp_loss":0,"event_name":"SensoryStone","floor":46,"gold_loss":0}],"is_beta":false,"boss_relics":[{"not_picked":["Nuclear Battery","Coffee Dripper"],"picked":"Astrolabe"},{"not_picked":["Black Star","Philosopher\u0027s Stone"],"picked":"Cursed Key"}],"items_purged_floors":[],"is_endless":false,"potions_floor_spawned":[3,7,18,19,29,33,38,41,48],"ascension_level":0}