{"gold_per_floor":[114,114,124,141,20,20,31,56,79,95,107,107,107,123,123,222,222,240,253,268,128,148,148,148],"floor_reached":24,"playtime":1466,"items_purged":["Strike_B"],"score":202,"play_id":"50c4a6b1-88fc-4204-81de-6d93376ef119","local_time":"20190303094809","is_ascension_mode":false,"campfire_choices":[{"data":"Darkness","floor":6,"key":"SMITH"},{"floor":12,"key":"REST"},{"data":"Darkness","floor":15,"key":"SMITH"},{"floor":23,"key":"REST"}],"neow_cost":"NONE","seed_source_timestamp":53260234941058,"circlet_count":0,"master_deck":["Strike_B","Strike_B","Strike_B","Defend_B","Defend_B","Defend_B","Defend_B","Zap","Dualcast","Glacier","Ball Lightning","Darkness+1","Cold Snap","Cold Snap","Barrage","Fusion","Ball Lightning","Darkness+1","Electrodynamics","Ball Lightning","Chill","Barrage+1","Self Repair","Glacier","Barrage+1"],"relics":["Cracked Core","NeowsBlessing","Omamori","Anchor","Black Star"],"potions_floor_usage":[16,18,19,24,24],"damage_taken":[{"damage":0,"enemies":"Cultist","floor":1,"turns":1},{"damage":0,"enemies":"Small Slimes","floor":3,"turns":1},{"damage":0,"enemies":"Jaw Worm","floor":4,"turns":1},{"damage":6,"enemies":"Exordium Wildlife","floor":7,"turns":3},{"damage":14,"enemies":"Gremlin Nob","floor":8,"turns":4},{"damage":5,"enemies":"Gremlin Gang","floor":10,"turns":3},{"damage":0,"enemies":"Large Slime","floor":11,"turns":5},{"damage":0,"enemies":"Blue Slaver","floor":14,"turns":2},{"damage":49,"enemies":"Hexaghost","floor":16,"turns":11},{"damage":0,"enemies":"3 Byrds","floor":18,"turns":3},{"damage":13,"enemies":"2 Thieves","floor":19,"turns":4},{"damage":30,"enemies":"Sentry and Sphere","floor":20,"turns":5},{"damage":28,"enemies":"Shelled Parasite and Fungi","floor":22,"turns":8},{"damage":42,"enemies":"Gremlin Leader","floor":24,"turns":5}],"seed_played":"-1909589788187331322","potions_obtained":[{"floor":1,"key":"Fire Potion"},{"floor":4,"key":"Strength Potion"},{"floor":11,"key":"Explosive Potion"},{"floor":13,"key":"SmokeBomb"},{"floor":16,"key":"Poison Potion"},{"floor":20,"key":"FocusPotion"},{"floor":22,"key":"Swift Potion"}],"is_trial":false,"path_per_floor":["M","?","M","M","$","R","M","E","T","M","M","R","?","M","R","B",null,"M","M","M","$","M","R","E"],"character_chosen":"DEFECT","items_purchased":["Cold Snap","Self Repair","Glacier"],"campfire_rested":2,"item_purchase_floors":[5,21,21],"current_hp_per_floor":[75,75,75,75,75,75,69,55,55,50,50,72,72,72,72,23,75,75,62,32,32,11,33,0],"gold":148,"neow_bonus":"THREE_ENEMY_KILL","is_prod":false,"is_daily":false,"chose_seed":false,"campfire_upgraded":2,"win_rate":0.0,"timestamp":1551574089,"path_taken":["M","?","M","M","$","R","M","E","T","?","M","R","?","M","R","BOSS","M","M","?","$","M","R","E"],"build_version":"2019-01-23","purchased_purges":1,"victory":false,"max_hp_per_floor":[75,75,75,75,75,75,75,75,75,75,75,75,75,75,75,75,75,75,75,75,75,75,75,75],"card_choices":[{"not_picked":["Double Energy","Genetic Algorithm"],"picked":"Glacier","floor":1},{"not_picked":["Steam","Melter"],"picked":"Ball Lightning","floor":3},{"not_picked":["Compile Driver","Streamline"],"picked":"Darkness","floor":4},{"not_picked":["Streamline","Stack"],"picked":"Cold Snap","floor":7},{"not_picked":["Heatsinks","Leap"],"picked":"Barrage","floor":8},{"not_picked":["Barrage","Stack"],"picked":"Fusion","floor":10},{"not_picked":["Melter","Streamline"],"picked":"Ball Lightning","floor":11},{"not_picked":["Gash","Melter"],"picked":"Darkness","floor":14},{"not_picked":["Amplify","Rainbow"],"picked":"Electrodynamics","floor":16},{"not_picked":["Force Field+1","Gash"],"picked":"Ball Lightning","floor":18},{"not_picked":["Stack+1","Beam Cell+1"],"picked":"Chill","floor":19},{"not_picked":["Sweeping Beam","Steam+1"],"picked":"Barrage+1","floor":20},{"not_picked":["Lockon","Steam"],"picked":"Barrage+1","floor":22}],"player_experience":16697,"relics_obtained":[{"floor":8,"key":"Omamori"},{"floor":9,"key":"Anchor"}],"event_choices":[{"damage_healed":0,"gold_gain":0,"player_choice":"Full Heal","damage_taken":0,"max_hp_gain":0,"max_hp_loss":0,"event_name":"Wheel of Change","floor":2,"gold_loss":0},{"damage_healed":0,"gold_gain":0,"player_choice":"Got Potions","damage_taken":0,"max_hp_gain":0,"max_hp_loss":0,"event_name":"Lab","floor":13,"gold_loss":0}],"is_beta":false,"boss_relics":[{"not_picked":["Coffee Dripper","Astrolabe"],"picked":"Black Star"}],"items_purged_floors":[5],"is_endless":false,"potions_floor_spawned":[1,4,11,16,20,22],"killed_by":"Gremlin Leader","ascension_level":0}