{"path_per_floor":["M","M","M","M","$","R","E","?","T","R","E","R","?","M","R","B",null,"M","?","M","?","M","R","E","?","T","?","E","$","R","M","R","B",null,"M","?","?","?","?","R","E","R","T","$","?","R","$","M","R","B"],"character_chosen":"IRONCLAD","items_purchased":["Reaper","Mercury Hourglass"],"gold_per_floor":[117,131,142,156,1,1,26,26,53,53,86,86,86,102,102,204,234,246,246,266,266,279,279,304,219,288,288,315,64,64,78,78,177,177,197,0,0,0,0,0,29,29,29,29,76,76,1,15,15,15],"floor_reached":51,"campfire_rested":1,"playtime":5686,"item_purchase_floors":[5,29],"current_hp_per_floor":[80,80,75,69,69,69,60,53,53,53,26,26,26,31,31,21,85,79,79,85,85,64,64,58,58,58,58,90,90,90,75,75,31,90,80,80,80,70,59,59,15,15,15,15,25,52,52,69,69,19],"items_purged":["Defend_R"],"gold":15,"score":667,"play_id":"984a9357-b6de-462e-8c12-4b2f0c8bc78c","local_time":"20180605210252","is_prod":false,"is_daily":false,"chose_seed":false,"is_ascension_mode":false,"campfire_upgraded":10,"win_rate":0.0,"timestamp":1528257772,"campfire_choices":[{"data":"Whirlwind","floor":6,"key":"SMITH"},{"data":"Reaper","floor":10,"key":"SMITH"},{"data":"Spot Weakness","floor":12,"key":"SMITH"},{"data":"Heavy Blade","floor":15,"key":"SMITH"},{"data":"Searing Blow+1","floor":23,"key":"SMITH"},{"data":"Shockwave","floor":30,"key":"SMITH"},{"data":"Double Tap","floor":32,"key":"SMITH"},{"data":"Enlightenment","floor":40,"key":"SMITH"},{"data":"Madness","floor":42,"key":"SMITH"},{"floor":46,"key":"REST"},{"data":"Madness","floor":49,"key":"SMITH"}],"path_taken":["M","M","M","?","$","R","E","?","T","R","E","R","?","M","R","BOSS","M","?","M","?","M","R","E","?","T","?","E","$","R","M","R","BOSS","M","?","?","?","?","R","E","R","T","?","?","R","$","M","R","BOSS"],"build_version":"2018-05-31","seed_source_timestamp":237906770985721,"purchased_purges":1,"victory":true,"master_deck":["Strike_R","Strike_R","Strike_R","Strike_R","Defend_R+1","Defend_R","Bash","Cleave","Whirlwind+1","Shrug It Off+1","Iron Wave","Reaper+1","Searing Blow+2","Spot Weakness+1","Heavy Blade+1","Berserk+1","Shockwave+1","Intimidate","Feel No Pain+1","Spot Weakness+1","Cleave+1","Metallicize+1","Seeing Red+1","Double Tap+1","Demon Form+1","Perfected Strike+1","Magnetism+1","Magnetism+1","Enlightenment+1","Madness+1","Madness+1","Flame Barrier+1","Rupture+1","Blood for Blood+1"],"max_hp_per_floor":[80,80,80,80,80,80,80,80,80,80,80,80,80,80,80,80,85,90,90,90,90,90,90,90,90,90,90,90,90,90,90,90,90,90,90,90,90,90,90,90,90,90,90,90,90,90,90,90,90,90],"relics":["Burning Blood","Lantern","War Paint","Vajra","Frozen Egg 2","Tiny House","Bird Faced Urn","Self Forming Clay","Pantograph","Juzu Bracelet","Mercury Hourglass","Black Star","Red Mask","Molten Egg 2","Question Card","Bag of Preparation","Torii"],"card_choices":[{"not_picked":["Uppercut","Headbutt"],"picked":"Cleave","floor":1},{"not_picked":["Sword Boomerang","Cleave"],"picked":"Whirlwind","floor":2},{"not_picked":["Clash","Body Slam"],"picked":"Shrug It Off","floor":3},{"not_picked":["Disarm","Sword Boomerang"],"picked":"Iron Wave","floor":4},{"not_picked":["Offering","Second Wind"],"picked":"Searing Blow","floor":7},{"not_picked":["Sword Boomerang","Reckless Charge"],"picked":"Spot Weakness","floor":11},{"not_picked":["Anger","Perfected Strike"],"picked":"Heavy Blade","floor":14},{"not_picked":["Brutality+1","Fiend Fire"],"picked":"Berserk+1","floor":16},{"not_picked":["True Grit","Clash"],"picked":"Shockwave","floor":17},{"not_picked":["Cleave","Twin Strike"],"picked":"Intimidate","floor":18},{"not_picked":["Ghostly Armor","Burning Pact"],"picked":"Feel No Pain+1","floor":20},{"not_picked":["Clothesline","Rage+1"],"picked":"Cleave+1","floor":22},{"not_picked":["Pommel Strike","Anger"],"picked":"Metallicize+1","floor":24},{"not_picked":["Shockwave","Clash"],"picked":"Seeing Red+1","floor":28},{"not_picked":["Sword Boomerang","Clothesline"],"picked":"Double Tap","floor":31},{"not_picked":["Feed","Fiend Fire"],"picked":"Demon Form+1","floor":33},{"not_picked":["Pommel Strike","Whirlwind"],"picked":"Perfected Strike+1","floor":35},{"not_picked":["Bandage Up","Deep Breath"],"picked":"Magnetism+1","floor":38},{"not_picked":["Dramatic Entrance","Swift Strike"],"picked":"Magnetism+1","floor":38},{"not_picked":["Purity","Dramatic Entrance"],"picked":"Enlightenment","floor":38},{"not_picked":["Body Slam","Armaments"],"picked":"Flame Barrier+1","floor":41},{"not_picked":["True Grit+1","Flex+1","Seeing Red"],"picked":"Rupture+1","floor":45},{"not_picked":["Searing Blow+1","Whirlwind+1","Cleave+1"],"picked":"Blood for Blood+1","floor":48}],"player_experience":15448,"potions_floor_usage":[18,24,24,33,33,45,50,50,50],"damage_taken":[{"damage":6,"enemies":"Cultist","floor":1,"turns":3},{"damage":0,"enemies":"2 Louse","floor":2,"turns":2},{"damage":11,"enemies":"Jaw Worm","floor":3,"turns":4},{"damage":12,"enemies":"Blue Slaver","floor":4,"turns":5},{"damage":27,"enemies":"3 Sentries","floor":7,"turns":8},{"damage":38,"enemies":"Lagavulin","floor":11,"turns":6},{"damage":7,"enemies":"Looter","floor":14,"turns":4},{"damage":28,"enemies":"Slime Boss","floor":16,"turns":8},{"damage":21,"enemies":"2 Thieves","floor":18,"turns":4},{"damage":0,"enemies":"Chosen","floor":20,"turns":5},{"damage":27,"enemies":"Centurion and Healer","floor":22,"turns":6},{"damage":12,"enemies":"Book of Stabbing","floor":24,"turns":4},{"damage":18,"enemies":"Gremlin Leader","floor":28,"turns":6},{"damage":23,"enemies":"Snake Plant","floor":31,"turns":4},{"damage":79,"enemies":"Champ","floor":33,"turns":9},{"damage":16,"enemies":"3 Darklings","floor":35,"turns":2},{"damage":93,"enemies":"2 Orb Walkers","floor":41,"turns":5},{"damage":31,"enemies":"Mysterious Sphere","floor":45,"turns":5},{"damage":21,"enemies":"3 Shapes","floor":48,"turns":5},{"damage":102,"enemies":"Awakened One","floor":50,"turns":8}],"relics_obtained":[{"floor":7,"key":"Lantern"},{"floor":9,"key":"War Paint"},{"floor":11,"key":"Vajra"},{"floor":24,"key":"Bird Faced Urn"},{"floor":26,"key":"Pantograph"},{"floor":28,"key":"Juzu Bracelet"},{"floor":41,"key":"Molten Egg 2"},{"floor":41,"key":"Question Card"},{"floor":43,"key":"Bag of Preparation"},{"floor":45,"key":"Torii"}],"event_choices":[{"event_name":"Golden Wing","player_choice":"Card Removal","floor":8,"damage_taken":0},{"event_name":"Big Fish","player_choice":"Box","floor":13,"damage_taken":0},{"event_name":"Fountain of Cleansing","player_choice":"Removed Curse","floor":19,"damage_taken":0},{"event_name":"Duplicator","player_choice":"One dupe","floor":21,"damage_taken":0},{"event_name":"Addict","player_choice":"Obtained Relic","floor":25,"damage_taken":0},{"event_name":"Vampires","player_choice":"Ignored","floor":27,"damage_taken":0},{"event_name":"Tomb of Lord Red Mask","player_choice":"Paid","floor":36,"damage_taken":0},{"event_name":"SensoryStone","player_choice":"Memory 3","floor":38,"damage_taken":0},{"event_name":"Winding Halls","player_choice":"Embrace Madness","floor":39,"damage_taken":0},{"event_name":"Mysterious Sphere","player_choice":"Fight","floor":45,"damage_taken":0}],"boss_relics":[{"not_picked":["Orrery","Eternal Feather"],"picked":"Tiny House"},{"not_picked":["Velvet Choker","Runic Pyramid"],"picked":"Black Star"}],"items_purged_floors":[47],"potions_floor_spawned":[1,2,3,11,14,20,28,31,33,41,45,48],"seed_played":"5071801126655852816","ascension_level":0,"potions_obtained":[{"floor":1,"key":"GamblersBrew"},{"floor":2,"key":"Poison Potion"},{"floor":3,"key":"GamblersBrew"},{"floor":11,"key":"LiquidBronze"},{"floor":14,"key":"Fire Potion"},{"floor":17,"key":"Fruit Juice"},{"floor":20,"key":"Block Potion"},{"floor":28,"key":"FairyPotion"},{"floor":31,"key":"FearPotion"},{"floor":33,"key":"Energy Potion"},{"floor":41,"key":"Energy Potion"},{"floor":45,"key":"Swift Potion"},{"floor":48,"key":"Regen Potion"}],"is_trial":false}