{"gold_per_floor":[113,123,143,68,80,80,92,92,161,161,190,247,258,268,268,367,367,380,479,379,389,408,440,440,440,440,315,315,333,351,351,351,447,447,459,459,478,29,46,46],"floor_reached":40,"playtime":1705,"items_purged":["Defend_R","Strike_R","Strike_R","Armaments+1"],"score":410,"play_id":"265ca659-de66-41e5-b51a-3e33e97918a4","local_time":"20190205231332","is_ascension_mode":false,"campfire_choices":[{"data":"Armaments","floor":6,"key":"SMITH"},{"data":"Spot Weakness","floor":8,"key":"SMITH"},{"floor":10,"key":"REST"},{"floor":15,"key":"REST"},{"floor":32,"key":"REST"}],"neow_cost":"NONE","seed_source_timestamp":4440341710205604,"circlet_count":0,"master_deck":["Strike_R+1","Defend_R","Defend_R","Defend_R+1","Spot Weakness+1","Anger+1","Inflame","Barricade+1","Infernal Blade+1","Fire Breathing","Rage","Good Instincts"],"relics":["Burning Blood","Mummified Hand","Gambling Chip","Whetstone","Busted Crown","Juzu Bracelet","Empty Cage","War Paint"],"potions_floor_usage":[12,16,23,23,33,33],"damage_taken":[{"damage":10,"enemies":"Cultist","floor":1,"turns":4},{"damage":5,"enemies":"Small Slimes","floor":2,"turns":3},{"damage":13,"enemies":"Jaw Worm","floor":3,"turns":4},{"damage":17,"enemies":"3 Louse","floor":5,"turns":3},{"damage":9,"enemies":"Exordium Thugs","floor":7,"turns":5},{"damage":31,"enemies":"Lagavulin","floor":11,"turns":6},{"damage":15,"enemies":"Gremlin Nob","floor":12,"turns":4},{"damage":10,"enemies":"Looter","floor":13,"turns":3},{"damage":2,"enemies":"3 Louse","floor":14,"turns":3},{"damage":11,"enemies":"Slime Boss","floor":16,"turns":8},{"damage":12,"enemies":"Shell Parasite","floor":18,"turns":5},{"damage":15,"enemies":"2 Thieves","floor":21,"turns":4},{"damage":10,"enemies":"Chosen and Byrds","floor":22,"turns":4},{"damage":35,"enemies":"Gremlin Leader","floor":23,"turns":6},{"damage":7,"enemies":"Centurion and Healer","floor":29,"turns":5},{"damage":16,"enemies":"3 Cultists","floor":30,"turns":5},{"damage":41,"enemies":"Collector","floor":33,"turns":7},{"damage":22,"enemies":"3 Shapes","floor":35,"turns":6},{"damage":7,"enemies":"Orb Walker","floor":37,"turns":4},{"damage":39,"enemies":"Maw","floor":39,"turns":9},{"damage":35,"enemies":"Writhing Mass","floor":40,"turns":4}],"seed_played":"7529368630060762412","potions_obtained":[{"floor":3,"key":"Swift Potion"},{"floor":12,"key":"Fire Potion"},{"floor":14,"key":"SpeedPotion"},{"floor":22,"key":"FearPotion"},{"floor":23,"key":"Energy Potion"},{"floor":29,"key":"Explosive Potion"},{"floor":33,"key":"Energy Potion"},{"floor":39,"key":"Poison Potion"}],"is_trial":false,"path_per_floor":["M","M","M","$","M","R","M","R","T","R","E","?","M","M","R","B",null,"M","?","$","M","M","E","?","?","T","$","?","M","M","?","R","B",null,"M","?","M","$","M","M"],"character_chosen":"IRONCLAD","items_purchased":["Rage","War Paint","Good Instincts"],"campfire_rested":3,"item_purchase_floors":[38,38,38],"current_hp_per_floor":[76,77,70,70,59,59,56,56,56,80,55,46,42,46,70,65,80,74,74,74,65,61,32,24,50,50,50,50,49,39,39,63,28,80,64,64,63,63,30,0],"gold":46,"neow_bonus":"THREE_CARDS","is_prod":false,"is_daily":false,"chose_seed":false,"campfire_upgraded":2,"win_rate":0,"timestamp":1549426412,"path_taken":["M","?","M","$","M","R","M","R","T","R","E","?","M","M","R","BOSS","M","?","$","M","M","E","?","?","T","$","?","M","M","?","R","BOSS","M","?","M","$","M","M"],"build_version":"2019-01-23","purchased_purges":4,"victory":false,"max_hp_per_floor":[80,80,80,80,80,80,80,80,80,80,80,80,80,80,80,80,80,80,80,80,80,80,80,80,80,80,80,80,80,80,80,80,80,80,80,80,80,80,80,80],"card_choices":[{"not_picked":["Heavy Blade","Infernal Blade"],"picked":"Spot Weakness","floor":0},{"not_picked":["Warcry","Clash"],"picked":"Armaments","floor":1},{"not_picked":["Iron Wave","Havoc","Clothesline"],"picked":"SKIP","floor":2},{"not_picked":["Heavy Blade","Twin Strike","Corruption"],"picked":"SKIP","floor":3},{"not_picked":["Heavy Blade","Rupture","True Grit"],"picked":"SKIP","floor":5},{"not_picked":["True Grit","Intimidate","Twin Strike"],"picked":"SKIP","floor":7},{"not_picked":["Evolve","Impervious"],"picked":"Anger","floor":11},{"not_picked":["Uppercut","Perfected Strike","Feel No Pain"],"picked":"SKIP","floor":13},{"not_picked":["Shrug It Off","Warcry"],"picked":"Inflame","floor":14},{"not_picked":["Berserk","Juggernaut"],"picked":"Barricade","floor":16},{"not_picked":[],"picked":"Infernal Blade","floor":18},{"not_picked":["Intimidate"],"picked":"SKIP","floor":21},{"not_picked":["Clothesline"],"picked":"SKIP","floor":22},{"not_picked":[],"picked":"Fire Breathing","floor":23},{"not_picked":["Wild Strike+1"],"picked":"SKIP","floor":29},{"not_picked":["Headbutt+1"],"picked":"SKIP","floor":30},{"not_picked":["Thunderclap"],"picked":"SKIP","floor":35},{"not_picked":["Twin Strike+1"],"picked":"SKIP","floor":37},{"not_picked":["Cleave+1"],"picked":"SKIP","floor":39}],"player_experience":62888,"relics_obtained":[{"floor":9,"key":"Mummified Hand"},{"floor":11,"key":"Gambling Chip"},{"floor":12,"key":"Whetstone"},{"floor":23,"key":"Juzu Bracelet"}],"event_choices":[{"damage_healed":0,"gold_gain":0,"player_choice":"Searched \u00271\u0027 times","damage_taken":0,"max_hp_gain":0,"max_hp_loss":0,"event_name":"Dead Adventurer","floor":12,"gold_loss":0},{"damage_healed":0,"gold_gain":99,"player_choice":"Stole From Cult","damage_taken":0,"max_hp_gain":0,"max_hp_loss":0,"event_name":"Nest","floor":19,"gold_loss":0},{"damage_healed":0,"gold_gain":0,"player_choice":"Damaged","damage_taken":8,"max_hp_gain":0,"max_hp_loss":0,"event_name":"Wheel of Change","floor":24,"gold_loss":0},{"damage_healed":26,"gold_gain":0,"player_choice":"Heal","damage_taken":0,"max_hp_gain":0,"max_hp_loss":0,"event_name":"The Library","floor":25,"gold_loss":0},{"damage_healed":0,"gold_gain":0,"player_choice":"Ignored","damage_taken":0,"max_hp_gain":0,"max_hp_loss":0,"event_name":"Ghosts","floor":28,"gold_loss":0},{"damage_healed":0,"gold_gain":0,"player_choice":"Upgraded","damage_taken":0,"max_hp_gain":0,"max_hp_loss":0,"event_name":"Upgrade Shrine","floor":31,"gold_loss":0,"cards_upgraded":["Barricade"]},{"cards_removed":["Bash"],"damage_healed":0,"gold_gain":0,"player_choice":"Removed Attack","damage_taken":0,"max_hp_gain":0,"max_hp_loss":0,"event_name":"Falling","floor":36,"gold_loss":0}],"is_beta":false,"boss_relics":[{"not_picked":["Calling Bell","Black Blood"],"picked":"Busted Crown"},{"not_picked":["Black Star","Philosopher\u0027s Stone"],"picked":"Empty Cage"}],"items_purged_floors":[4,20,27,38],"is_endless":false,"potions_floor_spawned":[3,12,14,22,23,29,33,39],"killed_by":"Writhing Mass","ascension_level":0}