{"gold_per_floor":[113,188,198,198,2,2,2,22,22,22,22,42,42,57,57,178,178,201,201,300,314,338,338,357,357,357,357,9,24,39,39,39,160,160,178,3,16,16,32,32,32,32,59,109,109,132,146,146,146,146],"floor_reached":51,"playtime":1954,"items_purged":["Injury"],"score":1039,"play_id":"749f0345-9517-46b0-9cd2-5ddfd92fbb5b","local_time":"20181110234951","is_ascension_mode":true,"campfire_choices":[{"data":"Zap","floor":6,"key":"SMITH"},{"data":"Consume","floor":10,"key":"SMITH"},{"data":"Glacier","floor":13,"key":"SMITH"},{"floor":15,"key":"REST"},{"data":"Storm","floor":23,"key":"SMITH"},{"data":"Capacitor","floor":25,"key":"SMITH"},{"floor":32,"key":"REST"},{"data":"Defragment","floor":40,"key":"SMITH"},{"data":"Defragment","floor":41,"key":"SMITH"},{"floor":42,"key":"REST"},{"floor":49,"key":"REST"}],"neow_cost":"PERCENT_DAMAGE","seed_source_timestamp":17956218172657,"circlet_count":0,"master_deck":["AscendersBane","Strike_B","Strike_B","Strike_B","Defend_B","Defend_B","Defend_B","Defend_B","Zap+1","Dualcast","Consume+1","Coolheaded+1","Conserve Battery","Glacier+1","Reinforced Body","Electrodynamics","Conserve Battery","Capacitor+1","Streamline+1","Storm+1","Conserve Battery+1","Blizzard","Glacier","Machine Learning","Cold Snap","Defragment+1","Glacier","Cold Snap","Defragment+1","Writhe","Conserve Battery+1","Rip and Tear","Coolheaded","Hologram"],"relics":["Cracked Core","WingedGreaves","Sundial","Runic Capacitor","Golden Idol","Bottled Lightning","Snecko Eye","Centennial Puzzle","Unceasing Top","Toolbox","Philosopher\u0027s Stone","PreservedInsect","Bronze Scales"],"potions_floor_usage":[29,29,33,33,39,46,50],"damage_taken":[{"damage":7,"enemies":"2 Louse","floor":1,"turns":3},{"damage":12,"enemies":"Jaw Worm","floor":3,"turns":4},{"damage":4,"enemies":"Small Slimes","floor":8,"turns":4},{"damage":1,"enemies":"Blue Slaver","floor":12,"turns":4},{"damage":2,"enemies":"Looter","floor":14,"turns":4},{"damage":9,"enemies":"Slime Boss","floor":16,"turns":14},{"damage":9,"enemies":"Shell Parasite","floor":18,"turns":7},{"damage":0,"enemies":"Chosen","floor":21,"turns":4},{"damage":11,"enemies":"Snake Plant","floor":22,"turns":5},{"damage":7,"enemies":"Chosen and Byrds","floor":24,"turns":3},{"damage":9,"enemies":"Centurion and Healer","floor":29,"turns":5},{"damage":17,"enemies":"Snake Plant","floor":30,"turns":4},{"damage":21,"enemies":"Collector","floor":33,"turns":5},{"damage":7,"enemies":"Orb Walker","floor":35,"turns":3},{"damage":23,"enemies":"3 Shapes","floor":37,"turns":2},{"damage":19,"enemies":"Writhing Mass","floor":39,"turns":7},{"damage":7,"enemies":"Spire Growth","floor":46,"turns":4},{"damage":22,"enemies":"3 Darklings","floor":47,"turns":3},{"damage":9,"enemies":"Donu and Deca","floor":50,"turns":6}],"seed_played":"738619925950575153","potions_obtained":[{"floor":1,"key":"Block Potion"},{"floor":8,"key":"Block Potion"},{"floor":18,"key":"Swift Potion"},{"floor":29,"key":"FocusPotion"},{"floor":30,"key":"SneckoOil"},{"floor":33,"key":"Weak Potion"},{"floor":39,"key":"Block Potion"},{"floor":46,"key":"Energy Potion"},{"floor":47,"key":"Fire Potion"}],"is_trial":false,"path_per_floor":["M","?","M","T","$","R","?","M","T","R","?","M","R","M","R","B",null,"M","?","?","M","M","R","M","R","T","?","$","M","M","$","R","B",null,"M","$","M","?","M","R","R","R","T","T","?","M","M","?","R","B",null],"character_chosen":"DEFECT","items_purchased":["Runic Capacitor","Blizzard","Toolbox","Defragment","Glacier","Cold Snap"],"campfire_rested":4,"item_purchase_floors":[5,28,28,36,36,36],"current_hp_per_floor":[43,32,20,20,20,20,20,16,16,16,16,15,15,13,35,26,63,54,54,54,54,43,43,36,36,36,36,36,27,10,10,32,11,59,52,52,29,48,29,29,29,51,51,51,51,44,22,22,44,35],"gold":146,"neow_bonus":"ONE_RARE_RELIC","is_prod":false,"is_daily":false,"chose_seed":false,"campfire_upgraded":7,"win_rate":0,"timestamp":1541922591,"path_taken":["M","?","M","?","$","R","?","M","T","R","?","?","R","M","R","BOSS","M","?","?","M","?","R","?","R","T","?","?","M","M","$","R","BOSS","M","$","M","?","M","R","R","R","T","?","?","?","M","?","R","BOSS"],"build_version":"2018-11-08","purchased_purges":1,"victory":true,"max_hp_per_floor":[75,75,75,75,75,75,75,75,75,75,75,75,75,75,75,75,75,75,75,75,75,75,75,75,75,75,75,75,75,75,75,75,75,75,75,75,75,75,75,75,75,75,75,75,75,75,75,75,75,75],"card_choices":[{"not_picked":["Lockon","Beam Cell"],"picked":"Consume","floor":1},{"not_picked":["Go for the Eyes","Chaos"],"picked":"Coolheaded","floor":3},{"not_picked":["Undo","Barrage"],"picked":"Conserve Battery","floor":8},{"not_picked":["Barrage","Leap"],"picked":"Glacier","floor":12},{"not_picked":["Go for the Eyes","Fusion"],"picked":"Reinforced Body","floor":14},{"not_picked":["Rainbow","Meteor Strike"],"picked":"Electrodynamics","floor":16},{"not_picked":["Stack","Go for the Eyes"],"picked":"Conserve Battery","floor":18},{"not_picked":["Rebound","Hyperbeam"],"picked":"Streamline+1","floor":21},{"not_picked":["Sweeping Beam","Gash+1"],"picked":"Storm","floor":22},{"not_picked":["Streamline","Compile Driver"],"picked":"Conserve Battery+1","floor":24},{"not_picked":["Stack","Scrape"],"picked":"Glacier","floor":29},{"not_picked":["Gash","Streamline"],"picked":"Blizzard","floor":30},{"not_picked":["Buffer","Reboot"],"picked":"Machine Learning","floor":33},{"not_picked":["Sweeping Beam+1","Double Energy"],"picked":"Cold Snap","floor":35},{"not_picked":["Scrape","Reprogram+1"],"picked":"Defragment","floor":37},{"not_picked":["BootSequence","Ball Lightning+1"],"picked":"Conserve Battery+1","floor":39},{"not_picked":["Rebound","Streamline+1"],"picked":"Coolheaded","floor":46},{"not_picked":["Go for the Eyes","BootSequence+1"],"picked":"Hologram","floor":47}],"player_experience":396775,"relics_obtained":[{"floor":4,"key":"Sundial"},{"floor":9,"key":"Bottled Lightning"},{"floor":26,"key":"Centennial Puzzle"},{"floor":43,"key":"PreservedInsect"},{"floor":44,"key":"Bronze Scales"}],"event_choices":[{"damage_healed":0,"gold_gain":75,"player_choice":"Gather Gold","damage_taken":11,"max_hp_gain":0,"max_hp_loss":0,"event_name":"World of Goop","floor":2,"gold_loss":0},{"damage_healed":0,"gold_gain":0,"player_choice":"Take Wound","damage_taken":0,"relics_obtained":["Golden Idol"],"max_hp_gain":0,"max_hp_loss":0,"event_name":"Golden Idol","floor":7,"gold_loss":0,"cards_obtained":["Injury"]},{"damage_healed":0,"gold_gain":0,"player_choice":"Grow","damage_taken":0,"max_hp_gain":0,"max_hp_loss":0,"event_name":"Living Wall","floor":11,"gold_loss":0,"cards_upgraded":["Coolheaded"]},{"damage_healed":0,"gold_gain":0,"player_choice":"Read","damage_taken":0,"max_hp_gain":0,"max_hp_loss":0,"event_name":"The Library","floor":19,"gold_loss":0,"cards_obtained":["Capacitor"]},{"damage_healed":0,"gold_gain":99,"player_choice":"Stole From Cult","damage_taken":0,"max_hp_gain":0,"max_hp_loss":0,"event_name":"Nest","floor":20,"gold_loss":0},{"damage_healed":0,"gold_gain":0,"player_choice":"Opened","damage_taken":0,"relics_obtained":["Unceasing Top"],"max_hp_gain":0,"max_hp_loss":0,"event_name":"The Mausoleum","floor":27,"gold_loss":0},{"damage_healed":19,"gold_gain":0,"player_choice":"Writhe","damage_taken":0,"max_hp_gain":0,"max_hp_loss":0,"event_name":"Winding Halls","floor":38,"gold_loss":0,"cards_obtained":["Writhe"]},{"damage_healed":0,"gold_gain":0,"cards_transformed":["Strike_B"],"player_choice":"Transformed","damage_taken":0,"max_hp_gain":0,"max_hp_loss":0,"event_name":"Transmorgrifier","floor":45,"gold_loss":0,"cards_obtained":["Rip and Tear"]},{"cards_removed":["Blizzard"],"damage_healed":0,"gold_gain":0,"player_choice":"Removed Attack","damage_taken":0,"max_hp_gain":0,"max_hp_loss":0,"event_name":"Falling","floor":48,"gold_loss":0}],"is_beta":false,"boss_relics":[{"not_picked":["Astrolabe","Pandora\u0027s Box"],"picked":"Snecko Eye"},{"not_picked":["Lizard Tail","Runic Dome"],"picked":"Philosopher\u0027s Stone"}],"items_purged_floors":[28],"is_endless":false,"potions_floor_spawned":[1,8,14,18,29,30,33,39,46,47],"ascension_level":12}