{"gold_per_floor":[112,128,148,148,164,164,197,211,211,211,224,243,243,243,243,371,371,385,385],"floor_reached":19,"playtime":1076,"items_purged":[],"score":171,"play_id":"9c954dbd-2ccb-45d1-a016-39e17dd58ac5","local_time":"20190303194114","is_ascension_mode":false,"campfire_choices":[{"data":"Storm","floor":6,"key":"SMITH"},{"floor":10,"key":"REST"},{"data":"Capacitor","floor":15,"key":"SMITH"}],"neow_cost":"NONE","seed_source_timestamp":4830917482311,"circlet_count":0,"master_deck":["Strike_B","Strike_B","Defend_B","Defend_B","Defend_B","Defend_B","Zap","Dualcast","Loop","Storm+1","Darkness","Blizzard","Rainbow","Cold Snap","Capacitor+1","Machine Learning","Pain","Fusion+1","Stack+1","Turbo"],"relics":["Cracked Core","NeowsBlessing","Centennial Puzzle","Ornamental Fan","Golden Idol","Astrolabe"],"potions_floor_usage":[16,16],"damage_taken":[{"damage":0,"enemies":"2 Louse","floor":1,"turns":1},{"damage":0,"enemies":"Cultist","floor":2,"turns":1},{"damage":0,"enemies":"Jaw Worm","floor":3,"turns":1},{"damage":10,"enemies":"2 Fungi Beasts","floor":5,"turns":5},{"damage":21,"enemies":"Lagavulin","floor":7,"turns":5},{"damage":16,"enemies":"3 Louse","floor":8,"turns":4},{"damage":8,"enemies":"Red Slaver","floor":11,"turns":3},{"damage":12,"enemies":"Exordium Thugs","floor":12,"turns":4},{"damage":43,"enemies":"The Guardian","floor":16,"turns":9},{"damage":35,"enemies":"Shell Parasite","floor":18,"turns":6},{"damage":33,"enemies":"3 Byrds","floor":19,"turns":2}],"seed_played":"-1817335534737523176","potions_obtained":[{"floor":3,"key":"Explosive Potion"},{"floor":5,"key":"GamblersBrew"},{"floor":8,"key":"EssenceOfSteel"},{"floor":11,"key":"Energy Potion"},{"floor":12,"key":"FocusPotion"},{"floor":18,"key":"Poison Potion"}],"is_trial":false,"path_per_floor":["M","M","M","?","M","R","E","M","T","R","M","M","?","?","R","B",null,"M","M"],"character_chosen":"DEFECT","items_purchased":[],"campfire_rested":1,"item_purchase_floors":[],"current_hp_per_floor":[75,75,75,75,65,65,44,28,28,50,42,30,48,48,48,5,66,31,0],"gold":385,"neow_bonus":"THREE_ENEMY_KILL","is_prod":false,"is_daily":false,"chose_seed":false,"campfire_upgraded":2,"win_rate":0.0,"timestamp":1551609674,"path_taken":["M","M","M","?","M","R","E","M","T","R","M","?","?","?","R","BOSS","M","M"],"build_version":"2019-01-23","purchased_purges":0,"victory":false,"max_hp_per_floor":[75,75,75,75,75,75,75,75,75,75,75,75,75,69,69,69,66,66,66],"card_choices":[{"not_picked":["Sweeping Beam","Tempest"],"picked":"Loop","floor":1},{"not_picked":["Beam Cell","Leap"],"picked":"Storm","floor":2},{"not_picked":["White Noise","Steam"],"picked":"Darkness","floor":3},{"not_picked":["Rebound","Steam"],"picked":"Blizzard","floor":5},{"not_picked":["Steam","Turbo"],"picked":"Rainbow","floor":7},{"not_picked":["Aggregate","Rebound","Streamline"],"picked":"SKIP","floor":8},{"not_picked":["Recycle","Go for the Eyes"],"picked":"Cold Snap","floor":11},{"not_picked":["Reprogram","Steam Power"],"picked":"Capacitor","floor":12},{"not_picked":["All For One","Fission"],"picked":"Machine Learning","floor":16},{"not_picked":["Compile Driver+1","Rebound"],"picked":"Turbo","floor":18}],"player_experience":29708,"relics_obtained":[{"floor":7,"key":"Centennial Puzzle"},{"floor":9,"key":"Ornamental Fan"}],"event_choices":[{"damage_healed":0,"gold_gain":0,"player_choice":"Bought 0 Potions","damage_taken":0,"max_hp_gain":0,"max_hp_loss":0,"event_name":"The Woman in Blue","floor":4,"gold_loss":0},{"damage_healed":18,"gold_gain":0,"player_choice":"Healed and dodged fight","damage_taken":0,"max_hp_gain":0,"max_hp_loss":0,"event_name":"Mushrooms","floor":13,"gold_loss":0,"cards_obtained":["Parasite"]},{"damage_healed":0,"gold_gain":0,"player_choice":"Lose Max HP","damage_taken":0,"relics_obtained":["Golden Idol"],"max_hp_gain":0,"max_hp_loss":6,"event_name":"Golden Idol","floor":14,"gold_loss":0}],"is_beta":false,"boss_relics":[{"not_picked":["Snecko Eye","Cursed Key"],"picked":"Astrolabe"}],"items_purged_floors":[],"is_endless":false,"potions_floor_spawned":[3,5,8,11,12,18],"killed_by":"3 Byrds","ascension_level":0}