{"path_per_floor":["M","?","M","M","M","E","M","E","T","E","$","R","?","E","R","B",null,"M","M","?","T","$","E","R","E","T","E","$","M","M","E","R","B",null,"M","?","M","M","$","E","M","R","T","E","M","$","E","M","R","B"],"character_chosen":"IRONCLAD","items_purchased":["Orichalcum","Frozen Egg 2","Inflame","Rupture"],"gold_per_floor":[112,112,123,133,145,172,190,220,220,253,35,35,63,93,93,189,189,206,220,220,245,145,180,180,211,511,542,89,104,117,146,146,250,250,270,270,290,304,154,182,193,193,193,226,243,114,143,160,160,160],"floor_reached":51,"campfire_rested":1,"playtime":4276,"current_hp_per_floor":[71,71,75,80,56,35,22,29,29,18,18,42,39,40,40,20,65,79,80,80,80,80,43,43,41,41,87,87,87,86,93,93,97,97,97,87,97,73,73,80,93,93,93,89,97,97,97,70,70,93],"items_purged":["Strike_R","Defend_R","Defend_R","Finesse","Defend_R"],"gold":160,"score":1191,"play_id":"8b1ffd9b-0bf9-4467-8cef-76c9f6391c67","local_time":"20180415191934","is_prod":false,"is_daily":false,"chose_seed":false,"is_ascension_mode":true,"campfire_upgraded":5,"timestamp":1523812774,"path_taken":["M","?","M","M","M","E","M","E","T","E","$","R","?","E","R","BOSS","M","M","?","?","$","E","R","E","T","E","$","M","?","E","R","BOSS","M","?","?","M","$","E","M","R","T","E","?","$","E","M","R","BOSS"],"build_version":"2018-04-12","seed_source_timestamp":295223409721558,"purchased_purges":5,"victory":true,"master_deck":["Strike_R","Strike_R","Defend_R+1","Bash","Combust","Uppercut+1","Armaments+1","Carnage","Carnage","Offering+1","Inflame","Reaper","Metallicize+1","Reaper","Inflame+1","Double Tap+1","Limit Break+1","Flash of Steel","Madness","Offering","Rupture+1"],"max_hp_per_floor":[80,80,80,80,80,80,80,80,80,80,80,80,80,80,80,80,80,80,80,80,80,80,87,87,87,87,87,87,87,87,97,97,97,97,97,97,97,97,97,97,97,97,97,97,97,97,97,97,97,97],"relics":["Burning Blood","Thread and Needle","Vajra","Bottled Flame","Question Card","Orichalcum","Odd Mushroom","War Paint","Velvet Choker","Omamori","Strawberry","Oddly Smooth Stone","Old Coin","Happy Flower","Frozen Egg 2","Pear","Black Star","Bag of Preparation","Prayer Wheel","Smiling Mask","Dead Branch","Calipers","Lantern","Pen Nib"],"card_choices":[{"not_picked":["Anger","Sword Boomerang"],"picked":"Uppercut","floor":1},{"not_picked":["Burning Pact","Power Through"],"picked":"Carnage","floor":4},{"not_picked":["Heavy Blade","Armaments"],"picked":"Carnage","floor":5},{"not_picked":["Iron Wave","Bloodletting"],"picked":"Offering","floor":6},{"not_picked":["Heavy Blade","Sword Boomerang","Power Through"],"picked":"Inflame","floor":13},{"not_picked":["Barricade","Feed","Double Tap"],"picked":"Reaper","floor":16},{"not_picked":["Twin Strike","Clothesline","Sever Soul"],"picked":"Metallicize","floor":19},{"not_picked":["Intimidate","Warcry","Body Slam"],"picked":"Reaper","floor":25},{"not_picked":["Dropkick","Clothesline","Power Through"],"picked":"Double Tap","floor":29},{"not_picked":["Juggernaut","Demon Form","Offering"],"picked":"Limit Break","floor":33},{"not_picked":["Trip","Apotheosis","Purity"],"picked":"Flash of Steel","floor":36},{"not_picked":["Master of Strategy","Transmutation","Swift Strike"],"picked":"Finesse","floor":36},{"not_picked":["Mind Blast","Secret Weapon","Deep Breath"],"picked":"Madness","floor":36},{"not_picked":["Sever Soul","Intimidate","Fire Breathing"],"picked":"Offering","floor":45}],"player_experience":313849,"potions_floor_usage":[8,10,13,16,29,33,33,40,50,50],"damage_taken":[{"damage":7,"enemies":"2 Louse","floor":1,"turns":3},{"damage":2,"enemies":"Cultist","floor":3,"turns":3},{"damage":1,"enemies":"Small Slimes","floor":4,"turns":3},{"damage":30,"enemies":"Exordium Thugs","floor":5,"turns":5},{"damage":27,"enemies":"3 Sentries","floor":6,"turns":5},{"damage":19,"enemies":"Lots of Slimes","floor":7,"turns":3},{"damage":5,"enemies":"Gremlin Nob","floor":8,"turns":3},{"damage":17,"enemies":"Lagavulin","floor":10,"turns":4},{"damage":9,"enemies":"The Mushroom Lair","floor":13,"turns":2},{"damage":5,"enemies":"Gremlin Nob","floor":14,"turns":3},{"damage":26,"enemies":"Slime Boss","floor":16,"turns":8},{"damage":2,"enemies":"Shell Parasite","floor":18,"turns":3},{"damage":4,"enemies":"Chosen","floor":19,"turns":3},{"damage":69,"enemies":"Gremlin Leader","floor":23,"turns":9},{"damage":8,"enemies":"Book of Stabbing","floor":25,"turns":3},{"damage":15,"enemies":"Gremlin Leader","floor":27,"turns":8},{"damage":0,"enemies":"Snecko","floor":29,"turns":3},{"damage":7,"enemies":"Snake Plant","floor":30,"turns":3},{"damage":16,"enemies":"Book of Stabbing","floor":31,"turns":4},{"damage":20,"enemies":"Champ","floor":33,"turns":7},{"damage":0,"enemies":"Orb Walker","floor":35,"turns":3},{"damage":28,"enemies":"3 Darklings","floor":37,"turns":5},{"damage":30,"enemies":"Sphere and 2 Shapes","floor":38,"turns":7},{"damage":25,"enemies":"Nemesis","floor":40,"turns":9},{"damage":30,"enemies":"4 Shapes","floor":41,"turns":5},{"damage":39,"enemies":"2 Orb Walkers","floor":44,"turns":5},{"damage":28,"enemies":"3 Darklings","floor":45,"turns":5},{"damage":31,"enemies":"Giant Head","floor":47,"turns":6},{"damage":33,"enemies":"Sphere and 2 Shapes","floor":48,"turns":4},{"damage":41,"enemies":"Time Eater","floor":50,"turns":6}],"event_choices":[{"event_name":"Transmorgrifier","player_choice":"Transform","floor":2,"damage_taken":0},{"event_name":"Mushrooms","player_choice":"Fought Mushrooms","floor":13,"damage_taken":0},{"event_name":"Match and Keep!","player_choice":"0 cards matched","floor":20,"damage_taken":0},{"event_name":"SensoryStone","player_choice":"Memory 3","floor":36,"damage_taken":0}],"boss_relics":[{"not_picked":["Pandora\u0027s Box","White Beast Statue"],"picked":"Velvet Choker"},{"not_picked":["Mark of Pain","Runic Dome"],"picked":"Black Star"}],"potions_floor_spawned":[4,7,8,10,13,18,29,30,37,38,44,45,48],"seed_played":"3725471354717878952","ascension_level":7,"is_trial":false}