{"path_per_floor":["M","?","M","M","?","E","?","R","T","R","?","?","M","M","R","B",null,"M","$","?","M"],"character_chosen":"IRONCLAD","items_purchased":["Metallicize","Bloodletting","Singing Bowl"],"gold_per_floor":[118,118,134,149,149,189,189,189,235,235,185,185,203,228,228,347,385,410,109,109,132],"floor_reached":22,"campfire_rested":2,"playtime":863,"current_hp_per_floor":[72,52,45,51,51,13,6,29,29,29,29,34,32,15,39,14,70,30,30,30,18],"items_purged":["Bludgeon"],"gold":132,"score":311,"play_id":"ea816e8d-3900-46b0-99f5-c7cd06f1431b","local_time":"20180322175754","is_prod":false,"is_daily":false,"is_ascension_mode":true,"campfire_upgraded":1,"timestamp":1521709074,"path_taken":["M","?","M","M","?","E","?","R","T","R","?","?","M","?","R","BOSS","M","$","?","?","M"],"build_version":"2018-03-15v3","purchased_purges":2,"victory":false,"master_deck":["Defend_R","Defend_R","Defend_R","Defend_R","Bash","Burning Pact","Uppercut","Armaments+1","Demon Form","Heavy Blade","Headbutt","Reaper+1","Shrug It Off","Metallicize","Metallicize","Bloodletting","Bite","Bite","Bite","Bite","Bite"],"max_hp_per_floor":[80,80,80,80,80,80,77,77,77,77,77,82,82,82,82,82,87,87,87,60,62],"relics":["Burning Blood","Golden Idol","The Courier","Bag of Preparation","Tiny House","Singing Bowl"],"card_choices":[{"not_picked":["Warcry","Anger"],"picked":"Burning Pact"},{"not_picked":["Clothesline","Pommel Strike"],"picked":"Uppercut"},{"not_picked":["Infernal Blade","Flex"],"picked":"Armaments"},{"not_picked":["Spot Weakness","Clash"],"picked":"Demon Form"},{"not_picked":["Havoc","Uppercut"],"picked":"Heavy Blade"},{"not_picked":["Clash","Pommel Strike"],"picked":"Headbutt"},{"not_picked":["Exhume","Limit Break"],"picked":"Reaper"},{"not_picked":["Sever Soul","Iron Wave"],"picked":"Shrug It Off"},{"not_picked":["Pommel Strike","Cleave"],"picked":"Metallicize"}],"player_experience":331676,"potions_floor_usage":[6,6,18],"damage_taken":[{"damage":6,"enemies":"2 Louse","floor":1,"turns":4},{"damage":13,"enemies":"Jaw Worm","floor":3,"turns":5},{"damage":0,"enemies":"Small Slimes","floor":4,"turns":3},{"damage":44,"enemies":"Gremlin Nob","floor":6,"turns":5},{"damage":8,"enemies":"Exordium Wildlife","floor":13,"turns":4},{"damage":23,"enemies":"Large Slime","floor":14,"turns":7},{"damage":31,"enemies":"The Guardian","floor":16,"turns":9},{"damage":58,"enemies":"Chosen","floor":18,"turns":11},{"damage":47,"enemies":"Shell Parasite","floor":21,"turns":10},{"damage":27,"enemies":"Snake Plant","floor":22,"turns":3}],"event_choices":[{"event_name":"Golden Idol","player_choice":"Take Damage","floor":2,"damage_taken":0},{"event_name":"Liars Game","player_choice":"disagreed","floor":5,"damage_taken":0},{"event_name":"Golden Wing","player_choice":"Card Removal","floor":7,"damage_taken":0},{"event_name":"The Cleric","player_choice":"Card Removal","floor":11,"damage_taken":0},{"event_name":"Big Fish","player_choice":"Donut","floor":12,"damage_taken":0},{"event_name":"Vampires","player_choice":"Became a vampire","floor":20,"damage_taken":0}],"boss_relics":[{"not_picked":["Orrery","Question Card"],"picked":"Tiny House"}],"potions_floor_spawned":[3,4],"seed_played":"-4989829729346040320","killed_by":"Snake Plant","ascension_level":11,"is_trial":false}