{"gold_per_floor":[118,4,4,21,96,125,125,151,151,167,182,197,230,249,249,345,345,345,345,98,98,0,0,0,0,0,0,0,0,0,0,0,0,0,0,0,0,0,0,0,0,0,0,0,0,0,0,0,0,0],"floor_reached":50,"playtime":4419,"items_purged":["Bash","Strike_R"],"score":574,"play_id":"e861ce22-64af-42b6-9a9d-c6430e1bf6a6","local_time":"20180814175230","is_ascension_mode":false,"campfire_choices":[{"floor":7,"key":"REST"},{"data":"Metallicize","floor":15,"key":"SMITH"},{"floor":25,"key":"REST"},{"data":"Armaments","floor":28,"key":"SMITH"},{"data":"Armaments","floor":32,"key":"SMITH"},{"floor":40,"key":"REST"},{"data":"Body Slam","floor":42,"key":"SMITH"},{"data":"Juggernaut","floor":44,"key":"SMITH"},{"floor":49,"key":"REST"}],"neow_cost":"PERCENT_DAMAGE","seed_source_timestamp":316634734654057,"circlet_count":0,"master_deck":["Strike_R","Strike_R","Strike_R","Defend_R","Defend_R+1","Defend_R","Defend_R","Double Tap","Twin Strike","Metallicize+1","Clash","Metallicize","Clash","Juggernaut","Clash","Pummel","Fire Breathing","Demon Form","Warcry","Rage","Finesse","Armaments+1","Burning Pact+1","Armaments+1","RitualDagger","Clash+1","Anger+1","Pommel Strike+1","Juggernaut+1","Feed","Shrug It Off","Iron Wave","Warcry+1","Warcry+1","Body Slam+1","Normality","Ghostly Armor+1","Iron Wave"],"relics":["Burning Blood","Bottled Lightning","Regal Pillow","Mercury Hourglass","Red Skull","Ectoplasm","War Paint","Unceasing Top","Cursed Key","StoneCalendar","Pen Nib"],"potions_floor_usage":[50,50,50],"damage_taken":[{"damage":1,"enemies":"Jaw Worm","floor":1,"turns":5},{"damage":0,"enemies":"Small Slimes","floor":4,"turns":3},{"damage":30,"enemies":"3 Sentries","floor":6,"turns":13},{"damage":30,"enemies":"Lagavulin","floor":8,"turns":6},{"damage":0,"enemies":"2 Louse","floor":10,"turns":2},{"damage":0,"enemies":"Large Slime","floor":11,"turns":3},{"damage":0,"enemies":"Blue Slaver","floor":12,"turns":1},{"damage":3,"enemies":"Gremlin Nob","floor":13,"turns":3},{"damage":7,"enemies":"Looter","floor":14,"turns":3},{"damage":20,"enemies":"Hexaghost","floor":16,"turns":6},{"damage":6,"enemies":"3 Byrds","floor":18,"turns":3},{"damage":2,"enemies":"Chosen","floor":19,"turns":4},{"damage":16,"enemies":"Sentry and Sphere","floor":21,"turns":4},{"damage":27,"enemies":"Slavers","floor":23,"turns":5},{"damage":14,"enemies":"3 Cultists","floor":27,"turns":5},{"damage":9,"enemies":"Chosen and Byrds","floor":29,"turns":7},{"damage":0,"enemies":"Snecko","floor":30,"turns":4},{"damage":14,"enemies":"3 Cultists","floor":31,"turns":4},{"damage":47,"enemies":"Collector","floor":33,"turns":6},{"damage":10,"enemies":"3 Shapes","floor":35,"turns":3},{"damage":12,"enemies":"3 Darklings","floor":36,"turns":5},{"damage":20,"enemies":"Sphere and 2 Shapes","floor":37,"turns":5},{"damage":17,"enemies":"Spire Growth","floor":38,"turns":4},{"damage":3,"enemies":"Transient","floor":39,"turns":5},{"damage":7,"enemies":"3 Darklings","floor":41,"turns":4},{"damage":18,"enemies":"Maw","floor":45,"turns":7},{"damage":26,"enemies":"Giant Head","floor":46,"turns":6},{"damage":40,"enemies":"Transient","floor":47,"turns":5},{"damage":2,"enemies":"Sphere and 2 Shapes","floor":48,"turns":3},{"damage":96,"enemies":"Awakened One","floor":50,"turns":7}],"seed_played":"-52889878037639161","potions_obtained":[{"floor":10,"key":"SteroidPotion"},{"floor":11,"key":"Swift Potion"},{"floor":14,"key":"Ancient Potion"},{"floor":23,"key":"Strength Potion"},{"floor":30,"key":"EssenceOfSteel"}],"is_trial":false,"path_per_floor":["M","$","?","M","?","E","R","E","T","M","M","M","E","M","R","B",null,"M","M","$","M","?","E","?","R","T","M","R","M","M","M","R","B",null,"M","M","M","M","M","R","M","R","T","R","M","E","M","M","R"],"character_chosen":"IRONCLAD","items_purchased":["Metallicize","Finesse","Armaments"],"campfire_rested":4,"item_purchase_floors":[2,20,20],"current_hp_per_floor":[61,61,54,60,49,25,49,25,25,31,37,43,46,45,45,31,80,80,80,80,70,70,49,43,80,80,72,72,69,75,67,67,26,80,79,73,62,54,57,89,88,88,88,88,76,56,22,29,71,0],"gold":0,"neow_bonus":"THREE_RARE_CARDS","is_prod":false,"is_daily":false,"chose_seed":false,"campfire_upgraded":5,"win_rate":0.0,"timestamp":1534283550,"path_taken":["M","$","?","M","?","E","R","E","T","M","M","M","E","?","R","BOSS","M","M","$","M","?","E","?","R","T","M","R","?","?","?","R","BOSS","M","M","M","M","M","R","M","R","T","R","M","E","M","M","R","BOSS"],"build_version":"2018-08-09","purchased_purges":2,"victory":false,"max_hp_per_floor":[80,80,80,80,80,80,80,80,80,80,80,80,80,80,80,80,80,80,80,80,80,80,80,80,80,80,80,80,80,80,80,80,80,80,83,83,86,89,89,89,89,89,89,89,89,89,89,92,92,92],"card_choices":[{"not_picked":["Limit Break","Dark Embrace"],"picked":"Double Tap","floor":0},{"not_picked":["Hemokinesis","Body Slam"],"picked":"Twin Strike","floor":1},{"not_picked":["Combust","Intimidate","Shrug It Off"],"picked":"SKIP","floor":4},{"not_picked":["Twin Strike","Clothesline"],"picked":"Clash","floor":6},{"not_picked":["Warcry","Whirlwind"],"picked":"Metallicize","floor":8},{"not_picked":["Heavy Blade","Carnage"],"picked":"Clash","floor":10},{"not_picked":["Warcry","Body Slam"],"picked":"Juggernaut","floor":11},{"not_picked":["True Grit","Heavy Blade"],"picked":"Clash","floor":12},{"not_picked":["Clothesline","Sword Boomerang"],"picked":"Pummel","floor":13},{"not_picked":["Dark Embrace","Clothesline"],"picked":"Fire Breathing","floor":14},{"not_picked":["Fiend Fire","Offering"],"picked":"Demon Form","floor":16},{"not_picked":["Dual Wield","Bloodletting"],"picked":"Warcry","floor":18},{"not_picked":["Iron Wave","Entrench+1"],"picked":"Rage","floor":19},{"not_picked":["Heavy Blade","Carnage"],"picked":"Burning Pact","floor":21},{"not_picked":["Perfected Strike","Pommel Strike"],"picked":"Armaments","floor":23},{"not_picked":["Flex","Thunderclap"],"picked":"Clash+1","floor":27},{"not_picked":["Power Through","Cleave+1"],"picked":"Anger+1","floor":29},{"not_picked":["Sever Soul","Cleave"],"picked":"Pommel Strike+1","floor":30},{"not_picked":["Rupture","Second Wind"],"picked":"Juggernaut","floor":31},{"not_picked":["Offering","Bludgeon"],"picked":"Feed","floor":33},{"not_picked":["Sword Boomerang","Bloodletting+1"],"picked":"Shrug It Off","floor":35},{"not_picked":["Flex+1","Cleave+1"],"picked":"Iron Wave","floor":36},{"not_picked":["Entrench","Cleave"],"picked":"Warcry+1","floor":37},{"not_picked":["Corruption+1","Seeing Red","Cleave"],"picked":"SKIP","floor":38},{"not_picked":["Flex","Whirlwind"],"picked":"Warcry+1","floor":39},{"not_picked":["Uppercut","Feel No Pain+1"],"picked":"Body Slam","floor":41},{"not_picked":["Twin Strike","Rage+1","Battle Trance"],"picked":"SKIP","floor":45},{"not_picked":["Double Tap","Twin Strike+1"],"picked":"Ghostly Armor+1","floor":46},{"not_picked":["Pommel Strike","Body Slam","Disarm"],"picked":"SKIP","floor":47},{"not_picked":["Heavy Blade+1","Pommel Strike"],"picked":"Iron Wave","floor":48}],"player_experience":10174,"relics_obtained":[{"floor":6,"key":"Bottled Lightning"},{"floor":8,"key":"Regal Pillow"},{"floor":9,"key":"Mercury Hourglass"},{"floor":13,"key":"Red Skull"},{"floor":23,"key":"War Paint"},{"floor":26,"key":"Unceasing Top"},{"floor":43,"key":"StoneCalendar"},{"floor":46,"key":"Pen Nib"}],"event_choices":[{"event_name":"Golden Wing","player_choice":"Card Removal","floor":3,"damage_taken":0},{"event_name":"World of Goop","player_choice":"Gather Gold","floor":5,"damage_taken":0},{"event_name":"Masked Bandits","player_choice":"Paid Fearfully","floor":22,"damage_taken":0},{"event_name":"Nest","player_choice":"Joined the Cult","floor":24,"damage_taken":0}],"is_beta":false,"boss_relics":[{"not_picked":["Runic Dome","Coffee Dripper"],"picked":"Ectoplasm"},{"not_picked":["White Beast Statue","Calling Bell"],"picked":"Cursed Key"}],"items_purged_floors":[2,20],"is_endless":false,"potions_floor_spawned":[10,11,14,21,23,30,31,38,41,45,47,48],"killed_by":"Awakened One","ascension_level":0}