{"gold_per_floor":[116,45,45,120,120,120,154,154,154,154,188,200,218,237,237,338,338,353,371,286,286,304,304,133,145,169,25,58,58,157,173,173,276,276,291,291],"floor_reached":36,"playtime":1232,"items_purged":[],"score":535,"play_id":"e4175bd1-5020-46cc-9429-34c4cb3759eb","local_time":"20181108004315","is_ascension_mode":true,"campfire_choices":[{"data":"Flame Barrier","floor":6,"key":"SMITH"},{"data":"Disarm","floor":8,"key":"SMITH"},{"data":"Spot Weakness","floor":10,"key":"SMITH"},{"data":"Whirlwind","floor":15,"key":"SMITH"},{"floor":23,"key":"REST"},{"floor":29,"key":"REST"},{"floor":32,"key":"REST"}],"neow_cost":"NONE","seed_source_timestamp":279533038067761,"circlet_count":0,"master_deck":["Strike_R","Strike_R","Strike_R","Strike_R","Strike_R","Defend_R","Defend_R","Defend_R","Defend_R","Bash","Flame Barrier+1","Spot Weakness+1","Disarm+1","Entrench","Whirlwind+1","Brutality+1","Battle Trance","Anger","Berserk+1","Body Slam","Body Slam","Battle Trance","Combust+1","Whirlwind+1","Dark Embrace+1","Rupture+1","Metallicize+1","Barricade+1","Battle Trance+1"],"relics":["Black Blood","NeowsBlessing","Frozen Egg 2","Anchor","Dream Catcher","Dodecahedron","Bird Faced Urn","Fusion Hammer","Kunai","PreservedInsect","Bronze Scales"],"potions_floor_usage":[16,16,16],"damage_taken":[{"damage":0,"enemies":"Cultist","floor":1,"turns":1},{"damage":0,"enemies":"Lagavulin","floor":7,"turns":1},{"damage":0,"enemies":"3 Sentries","floor":11,"turns":2},{"damage":0,"enemies":"2 Louse","floor":12,"turns":2},{"damage":0,"enemies":"Jaw Worm","floor":13,"turns":2},{"damage":0,"enemies":"Exordium Wildlife","floor":14,"turns":3},{"damage":15,"enemies":"Hexaghost","floor":16,"turns":10},{"damage":8,"enemies":"Shell Parasite","floor":18,"turns":4},{"damage":17,"enemies":"2 Thieves","floor":19,"turns":4},{"damage":12,"enemies":"Cultist and Chosen","floor":22,"turns":4},{"damage":9,"enemies":"Snake Plant","floor":25,"turns":4},{"damage":1,"enemies":"Book of Stabbing","floor":28,"turns":2},{"damage":14,"enemies":"3 Cultists","floor":31,"turns":3},{"damage":37,"enemies":"Champ","floor":33,"turns":8},{"damage":39,"enemies":"Orb Walker","floor":35,"turns":5},{"damage":65,"enemies":"2 Orb Walkers","floor":36,"turns":4}],"seed_played":"8802325042602070734","potions_obtained":[{"floor":1,"key":"Dexterity Potion"},{"floor":13,"key":"Dexterity Potion"},{"floor":14,"key":"EssenceOfSteel"},{"floor":18,"key":"SpeedPotion"},{"floor":31,"key":"GamblersBrew"},{"floor":33,"key":"Explosive Potion"}],"is_trial":false,"path_per_floor":["M","$","T","?","T","R","E","R","T","R","E","M","M","M","R","B",null,"M","M","?","?","M","R","$","M","T","$","E","R","?","M","R","B",null,"M","?"],"character_chosen":"IRONCLAD","items_purchased":["Spot Weakness","Body Slam","Battle Trance","Combust+1","Dark Embrace+1"],"campfire_rested":3,"item_purchase_floors":[2,24,24,24,27],"current_hp_per_floor":[80,80,80,69,69,69,75,75,75,75,80,80,80,80,80,71,80,78,69,69,69,65,80,80,79,79,79,80,80,80,75,80,56,80,57,0],"gold":291,"neow_bonus":"THREE_ENEMY_KILL","is_prod":false,"is_daily":false,"chose_seed":false,"campfire_upgraded":4,"win_rate":0,"timestamp":1541666595,"path_taken":["M","$","?","?","?","R","E","R","T","R","E","M","M","M","R","BOSS","M","M","?","?","M","R","$","M","T","$","E","R","?","M","R","BOSS","M","?"],"build_version":"2018-11-01","purchased_purges":0,"victory":false,"max_hp_per_floor":[80,80,80,80,80,80,80,80,80,80,80,80,80,80,80,80,80,80,80,80,80,80,80,80,80,80,80,80,80,80,80,80,80,80,80,80],"card_choices":[{"not_picked":["Perfected Strike","Headbutt"],"picked":"Flame Barrier","floor":1},{"not_picked":["Feel No Pain+1","Armaments"],"picked":"Disarm","floor":7},{"not_picked":["Pummel","Wild Strike"],"picked":"Entrench","floor":11},{"not_picked":["Cleave","Dual Wield"],"picked":"Whirlwind","floor":12},{"not_picked":["Sentinel","Headbutt","Wild Strike"],"picked":"SKIP","floor":13},{"not_picked":["Wild Strike","Cleave","Sword Boomerang"],"picked":"SKIP","floor":14},{"not_picked":["Immolate","Offering"],"picked":"Brutality+1","floor":16},{"not_picked":["Shrug It Off","Sword Boomerang+1"],"picked":"Battle Trance","floor":18},{"not_picked":["Perfected Strike","Wild Strike+1"],"picked":"Anger","floor":19},{"not_picked":["True Grit","Sever Soul"],"picked":"Berserk+1","floor":22},{"not_picked":["Thunderclap+1","Wild Strike+1"],"picked":"Body Slam","floor":23},{"not_picked":["Body Slam","Thunderclap"],"picked":"Whirlwind+1","floor":25},{"not_picked":["Perfected Strike","Flex","Headbutt+1"],"picked":"SKIP","floor":28},{"not_picked":["Armaments","Thunderclap+1"],"picked":"Rupture+1","floor":29},{"not_picked":["Twin Strike","Iron Wave","Clash"],"picked":"SKIP","floor":31},{"not_picked":["True Grit","Hemokinesis"],"picked":"Metallicize+1","floor":32},{"not_picked":["Impervious","Fiend Fire"],"picked":"Barricade+1","floor":33},{"not_picked":["Sentinel","Second Wind"],"picked":"Battle Trance+1","floor":35}],"player_experience":367337,"relics_obtained":[{"floor":3,"key":"Frozen Egg 2"},{"floor":5,"key":"Anchor"},{"floor":7,"key":"Dream Catcher"},{"floor":9,"key":"Dodecahedron"},{"floor":11,"key":"Bird Faced Urn"},{"floor":26,"key":"PreservedInsect"},{"floor":28,"key":"Bronze Scales"}],"event_choices":[{"damage_healed":0,"gold_gain":75,"player_choice":"Gather Gold","damage_taken":11,"max_hp_gain":0,"max_hp_loss":0,"event_name":"World of Goop","floor":4,"gold_loss":0},{"damage_healed":0,"gold_gain":0,"player_choice":"Obtained Relic","damage_taken":0,"relics_obtained":["Kunai"],"max_hp_gain":0,"max_hp_loss":0,"event_name":"Addict","floor":20,"gold_loss":85},{"damage_healed":0,"gold_gain":0,"player_choice":"Ignored","damage_taken":0,"max_hp_gain":0,"max_hp_loss":0,"event_name":"Vampires","floor":21,"gold_loss":0},{"damage_healed":0,"gold_gain":99,"player_choice":"Stole From Cult","damage_taken":0,"max_hp_gain":0,"max_hp_loss":0,"event_name":"Nest","floor":30,"gold_loss":0},{"damage_healed":0,"gold_gain":0,"player_choice":"Fight","damage_taken":0,"max_hp_gain":0,"max_hp_loss":0,"event_name":"Mysterious Sphere","floor":36,"gold_loss":0}],"is_beta":false,"boss_relics":[{"not_picked":["Runic Dome","Astrolabe"],"picked":"Fusion Hammer"},{"not_picked":["Philosopher\u0027s Stone","Empty Cage"],"picked":"Black Blood"}],"items_purged_floors":[],"is_endless":false,"potions_floor_spawned":[1,13,14,18,31,33],"killed_by":"2 Orb Walkers","ascension_level":3}