{"gold_per_floor":[119,132,144,156,156,156,191,15,42,42,42,71,45,56,56,129,129,129],"floor_reached":18,"playtime":878,"items_purged":[],"score":289,"play_id":"75ada974-4197-4882-8088-e332b901558c","local_time":"20190307122135","is_ascension_mode":true,"campfire_choices":[{"data":"Bash","floor":6,"key":"SMITH"},{"data":"Clothesline","floor":10,"key":"SMITH"},{"floor":15,"key":"REST"}],"neow_cost":"NONE","seed_source_timestamp":38130057185407,"circlet_count":0,"master_deck":["AscendersBane","Strike_R","Strike_R","Strike_R","Strike_R","Strike_R","Defend_R","Defend_R","Defend_R","Defend_R","Bash+1","Carnage","Perfected Strike","Clothesline+1","Flame Barrier","Shrug It Off"],"relics":["Burning Blood","SsserpentHead","Art of War","Anchor","Regal Pillow","Potion Belt","White Beast Statue"],"potions_floor_usage":[4,7,12,16,18],"damage_taken":[{"damage":10,"enemies":"Small Slimes","floor":1,"turns":3},{"damage":1,"enemies":"Cultist","floor":2,"turns":4},{"damage":3,"enemies":"2 Louse","floor":3,"turns":2},{"damage":8,"enemies":"Blue Slaver","floor":4,"turns":7},{"damage":40,"enemies":"Lagavulin","floor":7,"turns":5},{"damage":6,"enemies":"Gremlin Nob","floor":12,"turns":3},{"damage":13,"enemies":"Gremlin Gang","floor":14,"turns":7},{"damage":74,"enemies":"Hexaghost","floor":16,"turns":12},{"damage":48,"enemies":"Shell Parasite","floor":18,"turns":15}],"seed_played":"-3433451515482793087","potions_obtained":[{"floor":1,"key":"EssenceOfSteel"},{"floor":3,"key":"GamblersBrew"},{"floor":4,"key":"SneckoOil"},{"floor":7,"key":"Energy Potion"},{"floor":16,"key":"Explosive Potion"}],"is_trial":false,"path_per_floor":["M","M","M","M","?","R","E","$","T","R","$","E","$","M","R","B",null,"M"],"character_chosen":"IRONCLAD","items_purchased":["Anchor","Clothesline","Shrug It Off"],"campfire_rested":1,"item_purchase_floors":[8,8,13],"current_hp_per_floor":[71,76,79,77,77,77,43,43,43,43,43,43,43,36,75,7,63,15],"gold":129,"neow_bonus":"TEN_PERCENT_HP_BONUS","is_prod":false,"is_daily":false,"chose_seed":false,"campfire_upgraded":2,"win_rate":0,"timestamp":1551982895,"path_taken":["M","M","M","M","?","R","E","$","T","R","$","E","$","M","R","BOSS","M"],"build_version":"2019-01-23","purchased_purges":0,"victory":false,"max_hp_per_floor":[82,82,82,82,82,82,82,82,82,82,82,82,82,82,82,82,82,82],"card_choices":[{"not_picked":["Rupture","Thunderclap","Sentinel"],"picked":"SKIP","floor":1},{"not_picked":["Wild Strike","Flex","Evolve"],"picked":"SKIP","floor":2},{"not_picked":["Flex","Rage","Hemokinesis"],"picked":"SKIP","floor":3},{"not_picked":["Armaments","Headbutt"],"picked":"Carnage","floor":4},{"not_picked":["Flex","Anger"],"picked":"Perfected Strike","floor":7},{"not_picked":["Anger","Rampage"],"picked":"Flame Barrier","floor":12},{"not_picked":["Juggernaut","Headbutt","Thunderclap"],"picked":"SKIP","floor":14}],"player_experience":259706,"relics_obtained":[{"floor":7,"key":"Art of War"},{"floor":9,"key":"Regal Pillow"},{"floor":12,"key":"Potion Belt"}],"event_choices":[{"damage_healed":0,"gold_gain":0,"player_choice":"Trade","damage_taken":0,"relics_obtained":["SsserpentHead"],"max_hp_gain":0,"max_hp_loss":0,"event_name":"FaceTrader","floor":5,"gold_loss":0}],"is_beta":false,"boss_relics":[{"not_picked":["Runic Dome","Orrery"],"picked":"White Beast Statue"}],"items_purged_floors":[],"is_endless":false,"potions_floor_spawned":[1,3,4,7,16],"killed_by":"Shell Parasite","ascension_level":14}