{"gold_per_floor":[115,134,144,219,29,29,29,49,49,49,68,68,101,114,114,193,193,209,224,238,238,238],"floor_reached":22,"playtime":746,"items_purged":[],"score":401,"play_id":"1561100f-fb0a-4096-8023-bb7ab6347064","local_time":"20190224011909","is_ascension_mode":true,"campfire_choices":[{"data":"Zap","floor":6,"key":"SMITH"},{"data":"Consume","floor":10,"key":"SMITH"},{"floor":12,"key":"REST"},{"data":"Darkness","floor":15,"key":"SMITH"}],"neow_cost":"NONE","seed_source_timestamp":1523973422568100,"circlet_count":0,"master_deck":["AscendersBane","Strike_B","Strike_B","Strike_B","Strike_B","Defend_B","Defend_B","Defend_B","Defend_B","Zap+1","Dualcast","Consume+1","Conserve Battery","Darkness+1","Sweeping Beam","Conserve Battery+1","Seek+1","Hologram+1","Hologram+1","Electrodynamics","Coolheaded+1","Conserve Battery+1","Conserve Battery+1"],"relics":["Cracked Core","Blood Vial","Toxic Egg 2","Question Card","Orichalcum","Eternal Feather"],"potions_floor_usage":[14,16,20,22],"damage_taken":[{"damage":3,"enemies":"Small Slimes","floor":1,"turns":4},{"damage":7,"enemies":"Jaw Worm","floor":2,"turns":4},{"damage":1,"enemies":"Cultist","floor":3,"turns":3},{"damage":32,"enemies":"Exordium Wildlife","floor":8,"turns":4},{"damage":1,"enemies":"Looter","floor":11,"turns":3},{"damage":18,"enemies":"Lagavulin","floor":13,"turns":7},{"damage":6,"enemies":"Large Slime","floor":14,"turns":3},{"damage":12,"enemies":"The Guardian","floor":16,"turns":8},{"damage":36,"enemies":"Shell Parasite","floor":18,"turns":5},{"damage":10,"enemies":"3 Byrds","floor":19,"turns":5},{"damage":3,"enemies":"3 Cultists","floor":20,"turns":3},{"damage":47,"enemies":"Masked Bandits","floor":22,"turns":3}],"seed_played":"-8182545347085448111","potions_obtained":[{"floor":2,"key":"Block Potion"},{"floor":8,"key":"Dexterity Potion"},{"floor":13,"key":"FearPotion"},{"floor":14,"key":"Energy Potion"},{"floor":19,"key":"SkillPotion"}],"is_trial":false,"path_per_floor":["M","M","M","?","$","R","?","M","T","R","M","R","E","M","R","B",null,"M","M","M","?","?"],"character_chosen":"DEFECT","items_purchased":["Blood Vial","Sweeping Beam"],"campfire_rested":1,"item_purchase_floors":[5,5],"current_hp_per_floor":[68,61,60,49,49,49,49,19,19,19,20,43,27,23,23,13,62,28,20,19,35,0],"gold":238,"neow_bonus":"TEN_PERCENT_HP_BONUS","is_prod":false,"is_daily":false,"chose_seed":false,"campfire_upgraded":3,"win_rate":0,"timestamp":1550999949,"path_taken":["M","M","M","?","$","R","?","?","T","R","M","R","E","M","R","BOSS","M","M","M","?","?"],"build_version":"2019-01-23","purchased_purges":0,"victory":false,"max_hp_per_floor":[78,78,78,78,78,78,78,78,78,78,78,78,78,78,78,78,78,78,78,78,78,78],"card_choices":[{"not_picked":["Steam","Hologram"],"picked":"Consume","floor":1},{"not_picked":["Rebound","Stack"],"picked":"Conserve Battery","floor":2},{"not_picked":["Meteor Strike","Static Discharge"],"picked":"Darkness","floor":3},{"not_picked":["Redo+1","Compile Driver"],"picked":"Conserve Battery+1","floor":8},{"not_picked":["Skim+1","Coolheaded+1","Conserve Battery+1"],"picked":"Seek+1","floor":11},{"not_picked":["Conserve Battery+1","Force Field+1","Leap+1"],"picked":"Hologram+1","floor":13},{"not_picked":["Compile Driver","Leap+1","Barrage"],"picked":"Hologram+1","floor":14},{"not_picked":["Reboot+1","Fission+1","Hyperbeam"],"picked":"Electrodynamics","floor":16},{"not_picked":["Compile Driver","Force Field+1","Sunder"],"picked":"Coolheaded+1","floor":18},{"not_picked":["Barrage","Compile Driver","Tempest+1"],"picked":"Conserve Battery+1","floor":19},{"not_picked":["Rebound","Fusion+1","Blizzard"],"picked":"Conserve Battery+1","floor":20}],"player_experience":761693,"relics_obtained":[{"floor":9,"key":"Question Card"},{"floor":13,"key":"Orichalcum"}],"event_choices":[{"damage_healed":0,"gold_gain":75,"player_choice":"Gather Gold","damage_taken":11,"max_hp_gain":0,"max_hp_loss":0,"event_name":"World of Goop","floor":4,"gold_loss":0},{"damage_healed":0,"gold_gain":0,"player_choice":"Gave Potion","damage_taken":0,"relics_obtained":["Toxic Egg 2"],"max_hp_gain":0,"max_hp_loss":0,"event_name":"WeMeetAgain","floor":7,"gold_loss":0},{"damage_healed":16,"gold_gain":0,"player_choice":"Heal","damage_taken":0,"max_hp_gain":0,"max_hp_loss":0,"event_name":"The Library","floor":21,"gold_loss":0},{"damage_healed":0,"gold_gain":0,"player_choice":"Fought Bandits","damage_taken":0,"max_hp_gain":0,"max_hp_loss":0,"event_name":"Masked Bandits","floor":22,"gold_loss":0}],"is_beta":false,"boss_relics":[{"not_picked":["White Beast Statue","Busted Crown"],"picked":"Eternal Feather"}],"items_purged_floors":[],"is_endless":false,"potions_floor_spawned":[2,8,13,14,19],"killed_by":"Masked Bandits","ascension_level":20}