{"gold_per_floor":[109,120,131,147,147,147,158,158,205,215,215,215,9,9,9,82,82,98,98,112,125,125,125,125],"floor_reached":24,"playtime":1020,"items_purged":["Strike_B"],"score":335,"play_id":"33f5a4f3-a5a9-421a-ac90-b9843512980c","local_time":"20181117230517","is_ascension_mode":true,"campfire_choices":[{"data":"Zap","floor":6,"key":"SMITH"},{"data":"Gash","floor":8,"key":"SMITH"},{"data":"Go for the Eyes","floor":15,"key":"SMITH"},{"data":"Skim","floor":23,"key":"SMITH"}],"neow_cost":"NONE","seed_source_timestamp":118992939234159,"circlet_count":0,"master_deck":["AscendersBane","Defend_B+1","Defend_B","Defend_B","Defend_B","Zap+1","Dualcast","Gash+1","Skim+1","Conserve Battery","Capacitor","Gash","Skim+1","Go for the Eyes+1","Fission","Fission","Gash","Gash"],"relics":["Cracked Core","Happy Flower","Gremlin Horn","Runic Pyramid"],"potions_floor_usage":[10,16,24],"damage_taken":[{"damage":1,"enemies":"Cultist","floor":1,"turns":3},{"damage":0,"enemies":"Small Slimes","floor":2,"turns":3},{"damage":13,"enemies":"2 Louse","floor":3,"turns":3},{"damage":3,"enemies":"Blue Slaver","floor":4,"turns":4},{"damage":0,"enemies":"Looter","floor":7,"turns":4},{"damage":2,"enemies":"Gremlin Gang","floor":10,"turns":3},{"damage":11,"enemies":"The Guardian","floor":16,"turns":8},{"damage":2,"enemies":"2 Thieves","floor":18,"turns":4},{"damage":0,"enemies":"3 Byrds","floor":20,"turns":3},{"damage":17,"enemies":"Snake Plant","floor":21,"turns":3},{"damage":63,"enemies":"Snecko","floor":24,"turns":7}],"seed_played":"3055045521400574488","potions_obtained":[{"floor":1,"key":"AttackPotion"},{"floor":3,"key":"Swift Potion"},{"floor":18,"key":"FearPotion"},{"floor":20,"key":"EssenceOfSteel"}],"is_trial":false,"path_per_floor":["M","M","M","M","?","R","M","R","T","M","?","?","$","?","R","B",null,"M","?","M","M","?","R","M"],"character_chosen":"DEFECT","items_purchased":["Skim","Go for the Eyes"],"campfire_rested":0,"item_purchase_floors":[13,13],"current_hp_per_floor":[67,67,54,51,36,36,36,36,36,34,27,27,27,27,27,16,60,58,58,58,41,41,41,0],"gold":125,"neow_bonus":"REMOVE_CARD","is_prod":false,"is_daily":false,"chose_seed":false,"campfire_upgraded":4,"win_rate":0,"timestamp":1542524717,"path_taken":["M","M","M","M","?","R","M","R","T","M","?","?","$","?","R","BOSS","M","?","?","M","?","R","M"],"build_version":"2018-11-15","purchased_purges":1,"victory":false,"max_hp_per_floor":[75,75,75,75,75,75,75,75,75,75,75,75,75,75,75,75,75,75,75,75,75,75,75,75],"card_choices":[{"not_picked":["Reinforced Body","Beam Cell"],"picked":"Gash","floor":1},{"not_picked":["Genetic Algorithm","Steam"],"picked":"Skim","floor":2},{"not_picked":["Ball Lightning","Storm","Sweeping Beam"],"picked":"SKIP","floor":3},{"not_picked":["Cold Snap","Barrage"],"picked":"Conserve Battery","floor":4},{"not_picked":["Thunder Strike","Stack"],"picked":"Capacitor","floor":7},{"not_picked":["Glacier","Capacitor"],"picked":"Gash","floor":10},{"not_picked":["Core Surge","Multi-Cast"],"picked":"Fission","floor":16},{"not_picked":["Ball Lightning","Stack","Cold Snap"],"picked":"SKIP","floor":18},{"not_picked":["Storm+1","Hologram"],"picked":"Gash","floor":20},{"not_picked":["Cold Snap","Biased Cognition"],"picked":"Gash","floor":21}],"player_experience":420297,"relics_obtained":[{"floor":9,"key":"Happy Flower"}],"event_choices":[{"damage_healed":0,"gold_gain":0,"player_choice":"Entered Light","damage_taken":15,"max_hp_gain":0,"max_hp_loss":0,"event_name":"Shining Light","floor":5,"gold_loss":0,"cards_upgraded":["Skim","Defend_B"]},{"damage_healed":0,"gold_gain":0,"player_choice":"Success","damage_taken":7,"relics_obtained":["Gremlin Horn"],"max_hp_gain":0,"max_hp_loss":0,"event_name":"Scrap Ooze","floor":11,"gold_loss":0},{"cards_removed":["Strike_B"],"damage_healed":0,"gold_gain":0,"player_choice":"Forget","damage_taken":0,"max_hp_gain":0,"max_hp_loss":0,"event_name":"Living Wall","floor":12,"gold_loss":0},{"damage_healed":0,"gold_gain":0,"player_choice":"Ignored","damage_taken":0,"max_hp_gain":0,"max_hp_loss":0,"event_name":"Liars Game","floor":14,"gold_loss":0},{"damage_healed":0,"gold_gain":0,"cards_transformed":["Strike_B"],"player_choice":"Transformed","damage_taken":0,"max_hp_gain":0,"max_hp_loss":0,"event_name":"Transmorgrifier","floor":19,"gold_loss":0,"cards_obtained":["Fission"]},{"damage_healed":0,"gold_gain":0,"player_choice":"Ignored","damage_taken":0,"max_hp_gain":0,"max_hp_loss":0,"event_name":"N\u0027loth","floor":22,"gold_loss":0}],"is_beta":false,"boss_relics":[{"not_picked":["Busted Crown","Tiny House"],"picked":"Runic Pyramid"}],"items_purged_floors":[13],"is_endless":false,"potions_floor_spawned":[1,3,7,18,20],"killed_by":"Snecko","ascension_level":13}