{"gold_per_floor":[111,111,111,126,142,142,112,112,158,158,158,176,188,203,203,301,301,315,315,315,326,12,12,12,12,38,38,38,56,56,70,70,70],"floor_reached":33,"playtime":1121,"items_purged":["Decay"],"score":237,"play_id":"53149798-76c5-4d10-8732-3183584acef2","local_time":"20181212214235","is_ascension_mode":false,"campfire_choices":[{"data":"Finisher","floor":6.0,"key":"SMITH"},{"data":"Blade Dance","floor":8.0,"key":"SMITH"},{"data":"Neutralize","floor":11.0,"key":"SMITH"},{"data":"Cloak And Dagger","floor":15.0,"key":"SMITH"},{"data":"Apotheosis","floor":23,"key":"SMITH"},{"data":"Storm of Steel","floor":27,"key":"SMITH"},{"floor":32,"key":"REST"}],"neow_cost":"NONE","seed_source_timestamp":0,"circlet_count":0,"master_deck":["Defend_G","Defend_G","Defend_G","Defend_G","Defend_G","Strike_G","Strike_G","Strike_G","Strike_G","Strike_G","Survivor","Neutralize+1","Finisher+1","Finisher+1","Blade Dance+1","Corpse Explosion","Deadly Poison","Cloak And Dagger+1","Storm of Steel+1","Blade Dance","Apotheosis+1","Blade Dance","Writhe"],"special_seed":0,"relics":["Ring of the Snake","Bronze Scales","Cursed Key","Calipers","Ancient Tea Set","Pen Nib"],"potions_floor_usage":[18,24,33],"damage_taken":[{"damage":0.0,"enemies":"Cultist","floor":1.0,"turns":3.0},{"damage":0.0,"enemies":"Small Slimes","floor":4.0,"turns":4.0},{"damage":2.0,"enemies":"Jaw Worm","floor":5.0,"turns":6.0},{"damage":7.0,"enemies":"Looter","floor":7.0,"turns":4.0},{"damage":0.0,"enemies":"2 Fungi Beasts","floor":12.0,"turns":2.0},{"damage":3.0,"enemies":"Exordium Thugs","floor":13.0,"turns":3.0},{"damage":13.0,"enemies":"Gremlin Gang","floor":14.0,"turns":6.0},{"damage":37.0,"enemies":"Slime Boss","floor":16.0,"turns":8.0},{"damage":13,"enemies":"2 Thieves","floor":18,"turns":4},{"damage":16,"enemies":"Chosen","floor":21,"turns":4},{"damage":0,"enemies":"Centurion and Healer","floor":24,"turns":1},{"damage":29,"enemies":"Shelled Parasite and Fungi","floor":29,"turns":3},{"damage":2,"enemies":"Sentry and Sphere","floor":31,"turns":3},{"damage":42,"enemies":"Champ","floor":33,"turns":5}],"seed_played":"-8460635274220885419","potions_obtained":[{"floor":1.0,"key":"SmokeBomb"},{"floor":10.0,"key":"Swift Potion"},{"floor":10.0,"key":"Energy Potion"},{"floor":12.0,"key":"Regen Potion"},{"floor":16.0,"key":"Poison Potion"},{"floor":18,"key":"Energy Potion"}],"is_trial":false,"path_per_floor":["M","$","?","M","M","R","M","R","T","?","R","M","M","M","R","B",null,"M","T","?","M","$","R","M","?","T","R","?","M","$","M","R","B"],"character_chosen":"THE_SILENT","items_purchased":["Apotheosis","Blade Dance"],"campfire_rested":1,"item_purchase_floors":[22,22],"current_hp_per_floor":[77,77,77,77,75,75,68,68,68,68,68,68,74,61,61,24,77,64,64,64,48,48,48,48,48,48,48,48,19,19,17,40,0],"gold":70,"neow_bonus":"TEN_PERCENT_HP_BONUS","is_prod":false,"is_daily":false,"chose_seed":false,"campfire_upgraded":6,"win_rate":0.0,"timestamp":1544668955,"path_taken":["M","$","?","M","?","R","M","R","T","?","R","?","M","?","R","BOSS","M","?","?","M","$","R","M","?","T","R","?","M","$","M","R","BOSS"],"build_version":"2018-12-06","purchased_purges":1,"victory":false,"max_hp_per_floor":[77,77,77,77,77,77,77,77,77,77,77,77,77,77,77,77,77,77,77,77,77,77,77,77,77,77,77,77,77,77,77,77,77],"card_choices":[{"not_picked":["Choke","Tactician"],"picked":"Finisher","floor":1.0},{"not_picked":["Sucker Punch","Terror","Flying Knee"],"picked":"SKIP","floor":4.0},{"not_picked":["Dodge and Roll","Quick Slash"],"picked":"Finisher","floor":5.0},{"not_picked":["Outmaneuver","Quick Slash"],"picked":"Blade Dance","floor":7.0},{"not_picked":["Poisoned Stab","Prepared"],"picked":"Corpse Explosion","floor":12.0},{"not_picked":["Quick Slash","PiercingWail"],"picked":"Deadly Poison","floor":13.0},{"not_picked":["Dodge and Roll","Tactician"],"picked":"Cloak And Dagger","floor":14.0},{"not_picked":["After Image","Corpse Explosion"],"picked":"Storm of Steel","floor":16.0},{"not_picked":["Acrobatics","Underhanded Strike","Prepared+1"],"picked":"SKIP","floor":18},{"not_picked":["Dagger Spray","Endless Agony+1"],"picked":"Blade Dance","floor":21},{"not_picked":["Poisoned Stab","Prepared","Doppelganger"],"picked":"SKIP","floor":29},{"not_picked":["Dagger Throw+1","Calculated Gamble+1","All Out Attack"],"picked":"SKIP","floor":31}],"player_experience":268955,"relics_obtained":[{"floor":9.0,"key":"Bronze Scales"},{"floor":19,"key":"Calipers"},{"floor":26,"key":"Pen Nib"}],"event_choices":[{"damage_healed":0.0,"max_hp_gain":0.0,"max_hp_loss":0.0,"gold_gain":0.0,"event_name":"Accursed Blacksmith","player_choice":"Forge","floor":3.0,"gold_loss":0.0,"damage_taken":0.0,"cards_upgraded":["Finisher"]},{"damage_healed":0.0,"max_hp_gain":0.0,"max_hp_loss":0.0,"gold_gain":0.0,"event_name":"Lab","player_choice":"Got Potions","floor":10.0,"gold_loss":0.0,"damage_taken":0.0},{"damage_healed":0,"gold_gain":0,"player_choice":"Ignored","damage_taken":0,"max_hp_gain":0,"max_hp_loss":0,"event_name":"Ghosts","floor":20,"gold_loss":0},{"damage_healed":0,"gold_gain":0,"player_choice":"Opened","damage_taken":0,"relics_obtained":["Ancient Tea Set"],"max_hp_gain":0,"max_hp_loss":0,"event_name":"The Mausoleum","floor":25,"gold_loss":0},{"damage_healed":0,"gold_gain":0,"player_choice":"Ignored","damage_taken":0,"max_hp_gain":0,"max_hp_loss":0,"event_name":"Vampires","floor":28,"gold_loss":0}],"is_beta":false,"boss_relics":[{"not_picked":["Lizard Tail","Tiny House"],"picked":"Cursed Key"}],"items_purged_floors":[22],"is_endless":false,"potions_floor_spawned":[1,12,16,18],"killed_by":"Champ","ascension_level":0}