{"gold_per_floor":[115,125,140,140,153,153,78,78,78,78,106,106,136,156,156,156],"floor_reached":16,"playtime":752,"items_purged":["Defend_R"],"score":212,"play_id":"bc623579-2b44-40c9-b494-4f41c5675d74","local_time":"20190307120105","is_ascension_mode":true,"campfire_choices":[{"data":"Bash","floor":6,"key":"SMITH"},{"floor":8,"key":"REST"},{"data":"Strike_R","floor":10,"key":"SMITH"},{"floor":15,"key":"REST"}],"neow_cost":"NONE","seed_source_timestamp":37027453691539,"circlet_count":0,"master_deck":["AscendersBane","Strike_R","Strike_R","Strike_R","Strike_R","Strike_R+1","Defend_R","Defend_R","Defend_R","Bash+1","Shrug It Off","Shrug It Off","Dark Shackles"],"relics":["Burning Blood","Singing Bowl","Bottled Flame","Strawberry"],"potions_floor_usage":[16],"damage_taken":[{"damage":1,"enemies":"Cultist","floor":1,"turns":3},{"damage":9,"enemies":"2 Louse","floor":2,"turns":3},{"damage":8,"enemies":"Jaw Worm","floor":3,"turns":6},{"damage":42,"enemies":"Lots of Slimes","floor":5,"turns":7},{"damage":26,"enemies":"Gremlin Nob","floor":11,"turns":4},{"damage":51,"enemies":"Lagavulin","floor":13,"turns":8},{"damage":5,"enemies":"Large Slime","floor":14,"turns":8},{"damage":102,"enemies":"The Guardian","floor":16,"turns":20}],"seed_played":"5368550949168604093","potions_obtained":[{"floor":2,"key":"FairyPotion"},{"floor":14,"key":"EssenceOfSteel"}],"is_trial":false,"path_per_floor":["M","M","M","?","M","R","$","R","T","R","E","?","E","M","R","B"],"character_chosen":"IRONCLAD","items_purchased":[],"campfire_rested":2,"item_purchase_floors":[],"current_hp_per_floor":[80,77,75,80,44,44,44,70,70,70,52,52,16,19,49,0],"gold":156,"neow_bonus":"TEN_PERCENT_HP_BONUS","is_prod":false,"is_daily":false,"chose_seed":false,"campfire_upgraded":2,"win_rate":0,"timestamp":1551981665,"path_taken":["M","M","?","?","M","R","$","R","T","R","E","?","E","M","R","BOSS"],"build_version":"2019-01-23","purchased_purges":1,"victory":false,"max_hp_per_floor":[82,82,82,87,87,87,87,87,87,87,89,89,98,100,100,100],"card_choices":[{"not_picked":["Clothesline","Intimidate"],"picked":"Shrug It Off","floor":1},{"not_picked":["Sword Boomerang","Body Slam","Sever Soul"],"picked":"SKIP","floor":2},{"not_picked":["Sword Boomerang","Exhume","Pummel"],"picked":"SKIP","floor":3},{"not_picked":["Iron Wave","Body Slam"],"picked":"Shrug It Off","floor":5},{"not_picked":["Whirlwind","Evolve","Impervious"],"picked":"Singing Bowl","floor":11},{"not_picked":["Perfected Strike","Fiend Fire","Whirlwind"],"picked":"Singing Bowl","floor":13},{"not_picked":["Heavy Blade","Body Slam","Pummel"],"picked":"Singing Bowl","floor":14}],"player_experience":258622,"relics_obtained":[{"floor":9,"key":"Singing Bowl"},{"floor":11,"key":"Bottled Flame"},{"floor":13,"key":"Strawberry"}],"event_choices":[{"damage_healed":0,"gold_gain":0,"player_choice":"Donut","damage_taken":0,"max_hp_gain":5,"max_hp_loss":0,"event_name":"Big Fish","floor":4,"gold_loss":0},{"damage_healed":0,"gold_gain":0,"player_choice":"1 cards matched","damage_taken":0,"max_hp_gain":0,"max_hp_loss":0,"event_name":"Match and Keep!","floor":12,"gold_loss":0,"cards_obtained":["Dark Shackles"]},{"damage_healed":0,"gold_gain":0,"player_choice":"1 cards matched","damage_taken":0,"max_hp_gain":0,"max_hp_loss":0,"event_name":"Match and Keep!","floor":12,"gold_loss":0,"cards_obtained":["Dark Shackles"]}],"is_beta":false,"boss_relics":[],"items_purged_floors":[7],"is_endless":false,"potions_floor_spawned":[2,14],"killed_by":"The Guardian","ascension_level":14}