{"gold_per_floor":[117,134,152,152,163,163,35,0,72,88,118,130,0,75,75,175,225,238,153,31,31,41,41,14,32,87,7,34,34,52,152,152,254,254,269,282,282,299,299,299,11,11,85,85,95,105,122,139,139,139],"floor_reached":50,"playtime":3685,"items_purged":["Decay","Writhe"],"score":537,"play_id":"75e1959b-d27d-447c-be5f-c89d4c2251a7","local_time":"20181211032325","is_ascension_mode":false,"campfire_choices":[{"data":"Cloak And Dagger","floor":6,"key":"SMITH"},{"data":"Poisoned Stab","floor":12,"key":"SMITH"},{"floor":15,"key":"REST"},{"data":"Adrenaline","floor":23,"key":"SMITH"},{"data":"Backstab","floor":29,"key":"SMITH"},{"floor":32,"key":"REST"},{"floor":40,"key":"REST"},{"floor":49,"key":"REST"}],"neow_cost":"CURSE","seed_source_timestamp":965328322262536,"circlet_count":0,"master_deck":["Defend_G","Defend_G+1","Defend_G","Defend_G","Defend_G","Strike_G","Strike_G","Strike_G","Strike_G+1","Survivor+1","Neutralize","Expertise","Cloak And Dagger+1","PiercingWail","Bouncing Flask","Poisoned Stab","Poisoned Stab","Poisoned Stab+1","Panache","Adrenaline+1","Cloak And Dagger","Flying Knee+1","Distraction+1","Backstab+1","Catalyst+1","Deadly Poison","Deadly Poison","Blade Dance"],"relics":["Ring of the Snake","The Courier","MawBank","Tiny House","Blood Vial","PreservedInsect","Bag of Preparation","Matryoshka","Fusion Hammer","Ornamental Fan","War Paint","Singing Bowl"],"potions_floor_usage":[5,11,11,18,28,33,36,38,38,48,50],"damage_taken":[{"damage":7,"enemies":"Small Slimes","floor":1,"turns":5},{"damage":2,"enemies":"2 Louse","floor":2,"turns":4},{"damage":17,"enemies":"Jaw Worm","floor":3,"turns":7},{"damage":1,"enemies":"Large Slime","floor":5,"turns":10},{"damage":0,"enemies":"2 Fungi Beasts","floor":10,"turns":5},{"damage":23,"enemies":"3 Sentries","floor":11,"turns":9},{"damage":23,"enemies":"The Guardian","floor":16,"turns":14},{"damage":0,"enemies":"Chosen","floor":18,"turns":5},{"damage":29,"enemies":"Colosseum Slavers","floor":21,"turns":5},{"damage":8,"enemies":"Spheric Guardian","floor":22,"turns":4},{"damage":17,"enemies":"Centurion and Healer","floor":25,"turns":7},{"damage":0,"enemies":"Gremlin Leader","floor":28,"turns":4},{"damage":10,"enemies":"Snecko","floor":30,"turns":4},{"damage":67,"enemies":"Champ","floor":33,"turns":10},{"damage":0,"enemies":"3 Shapes","floor":35,"turns":2},{"damage":19,"enemies":"3 Darklings","floor":36,"turns":3},{"damage":14,"enemies":"Sphere and 2 Shapes","floor":38,"turns":4},{"damage":24,"enemies":"Spire Growth","floor":45,"turns":4},{"damage":13,"enemies":"Transient","floor":46,"turns":5},{"damage":28,"enemies":"Maw","floor":47,"turns":5},{"damage":34,"enemies":"Spire Growth","floor":48,"turns":5},{"damage":57,"enemies":"Donu and Deca","floor":50,"turns":5}],"seed_played":"5768059882797270746","potions_obtained":[{"floor":2,"key":"FairyPotion"},{"floor":3,"key":"Block Potion"},{"floor":5,"key":"Swift Potion"},{"floor":10,"key":"Block Potion"},{"floor":17,"key":"GhostInAJar"},{"floor":25,"key":"Poison Potion"},{"floor":28,"key":"GhostInAJar"},{"floor":30,"key":"Fire Potion"},{"floor":35,"key":"Explosive Potion"},{"floor":36,"key":"Swift Potion"},{"floor":47,"key":"Regen Potion"},{"floor":48,"key":"Block Potion"}],"is_trial":false,"path_per_floor":["M","M","M","?","M","R","$","?","T","M","E","R","$","?","R","B",null,"M","?","$","?","M","R","$","M","T","$","E","R","M","?","R","B",null,"M","M","?","M","?","R","$","$","T","?","M","M","M","M","R","B"],"character_chosen":"THE_SILENT","items_purchased":["Poisoned Stab","Panache","PreservedInsect","Backstab","Deadly Poison","Deadly Poison","Ornamental Fan"],"campfire_rested":4,"item_purchase_floors":[7,13,20,24,27,27,41],"current_hp_per_floor":[77,75,58,58,57,57,57,78,78,78,55,55,55,44,69,46,89,89,89,89,60,54,54,54,39,39,39,41,41,33,33,59,8,89,89,70,70,58,80,89,89,89,89,89,67,58,34,18,47,0],"gold":139,"neow_bonus":"TWENTY_PERCENT_HP_BONUS","is_prod":false,"is_daily":false,"chose_seed":false,"campfire_upgraded":4,"win_rate":0.0,"timestamp":1544516605,"path_taken":["M","M","M","?","M","R","$","?","T","M","E","R","$","?","R","BOSS","M","?","$","?","M","R","?","?","T","?","E","R","M","?","R","BOSS","M","M","?","M","?","R","?","$","T","?","M","M","M","M","R","BOSS"],"build_version":"2018-12-06","purchased_purges":2,"victory":false,"max_hp_per_floor":[84,84,84,84,84,84,84,84,84,84,84,84,84,84,84,84,89,89,89,89,89,89,89,89,89,89,89,89,89,89,89,89,89,89,89,89,89,89,89,89,89,89,89,89,91,93,95,97,97,97],"card_choices":[{"not_picked":["Endless Agony","Eviscerate"],"picked":"Expertise","floor":1},{"not_picked":["Calculated Gamble","Distraction"],"picked":"Cloak And Dagger","floor":2},{"not_picked":["Dagger Throw","Endless Agony"],"picked":"PiercingWail","floor":3},{"not_picked":["Distraction","Poisoned Stab"],"picked":"Bouncing Flask","floor":5},{"not_picked":["Skewer","Deadly Poison"],"picked":"Poisoned Stab","floor":10},{"not_picked":["Slice","Calculated Gamble"],"picked":"Poisoned Stab","floor":11},{"not_picked":["Phantasmal Killer","Venomology"],"picked":"Adrenaline","floor":16},{"not_picked":["Dodge and Roll","Eviscerate"],"picked":"Cloak And Dagger","floor":17},{"not_picked":["Calculated Gamble","Acrobatics+1"],"picked":"Flying Knee+1","floor":18},{"not_picked":["Poisoned Stab+1","Sucker Punch+1"],"picked":"Distraction+1","floor":22},{"not_picked":["Prepared+1","Quick Slash"],"picked":"Catalyst+1","floor":25},{"not_picked":["Dagger Spray+1","Prepared","Slice"],"picked":"SKIP","floor":28},{"not_picked":["Well Laid Plans","Reflex","Acrobatics+1"],"picked":"SKIP","floor":30},{"not_picked":["Leg Sweep","Outmaneuver+1"],"picked":"Blade Dance","floor":35},{"not_picked":["Sucker Punch","Backflip+1","Tools of the Trade"],"picked":"SKIP","floor":36},{"not_picked":["Flechettes+1","Eviscerate+1","Terror"],"picked":"SKIP","floor":38},{"not_picked":["Well Laid Plans","Dagger Spray+1","Terror"],"picked":"Singing Bowl","floor":45},{"not_picked":["Reflex+1","Backstab","Backflip+1"],"picked":"Singing Bowl","floor":46},{"not_picked":["Sucker Punch","Deflect+1","Slice"],"picked":"Singing Bowl","floor":47},{"not_picked":["Bane+1","Sucker Punch+1","Finisher"],"picked":"Singing Bowl","floor":48}],"player_experience":242897,"relics_obtained":[{"floor":9,"key":"The Courier"},{"floor":11,"key":"MawBank"},{"floor":26,"key":"Bag of Preparation"},{"floor":28,"key":"Matryoshka"},{"floor":43,"key":"War Paint"},{"floor":43,"key":"Singing Bowl"}],"event_choices":[{"damage_healed":0,"gold_gain":0,"player_choice":"Ignored","damage_taken":0,"max_hp_gain":0,"max_hp_loss":0,"event_name":"Liars Game","floor":4,"gold_loss":0},{"damage_healed":21,"gold_gain":0,"player_choice":"Healed","damage_taken":0,"max_hp_gain":0,"max_hp_loss":0,"event_name":"The Cleric","floor":8,"gold_loss":35},{"damage_healed":0,"gold_gain":75,"player_choice":"Gather Gold","damage_taken":11,"max_hp_gain":0,"max_hp_loss":0,"event_name":"World of Goop","floor":14,"gold_loss":0},{"damage_healed":0,"gold_gain":0,"player_choice":"Obtained Relic","damage_taken":0,"relics_obtained":["Blood Vial"],"max_hp_gain":0,"max_hp_loss":0,"event_name":"Addict","floor":19,"gold_loss":85},{"damage_healed":0,"gold_gain":0,"player_choice":"Fight","damage_taken":0,"max_hp_gain":0,"max_hp_loss":0,"event_name":"Colosseum","floor":21,"gold_loss":0},{"damage_healed":0,"gold_gain":0,"player_choice":"Fled From Nobs","damage_taken":0,"max_hp_gain":0,"max_hp_loss":0,"event_name":"Colosseum","floor":21,"gold_loss":0},{"damage_healed":0,"gold_gain":100,"player_choice":"Pray","damage_taken":0,"max_hp_gain":0,"max_hp_loss":0,"event_name":"Golden Shrine","floor":31,"gold_loss":0},{"damage_healed":0,"gold_gain":0,"player_choice":"Memory 1","damage_taken":0,"max_hp_gain":0,"max_hp_loss":0,"event_name":"SensoryStone","floor":37,"gold_loss":0},{"damage_healed":22,"gold_gain":0,"player_choice":"Writhe","damage_taken":0,"max_hp_gain":0,"max_hp_loss":0,"event_name":"Winding Halls","floor":39,"gold_loss":0,"cards_obtained":["Writhe"]},{"cards_removed":["Strike_G"],"damage_healed":0,"gold_gain":0,"player_choice":"Removed Attack","damage_taken":0,"max_hp_gain":0,"max_hp_loss":0,"event_name":"Falling","floor":44,"gold_loss":0}],"is_beta":false,"boss_relics":[{"not_picked":["Calling Bell","Lizard Tail"],"picked":"Tiny House"},{"not_picked":["White Beast Statue","Runic Pyramid"],"picked":"Fusion Hammer"}],"items_purged_floors":[7,41],"is_endless":false,"potions_floor_spawned":[2,3,5,10,25,28,30,35,36,47,48],"killed_by":"Donu and Deca","ascension_level":0}