{"path_per_floor":["M","?","?","$","M","E","M","E","T","E","M","?","M","E","R","B",null,"M","$","M","?","M","E","R"],"character_chosen":"IRONCLAD","items_purchased":["Inflame","Apotheosis"],"gold_per_floor":[118,118,118,44,59,119,137,164,187,216,233,233,249,274,274,372,402,413,129,141,41,53,80,80,80],"floor_reached":25,"campfire_rested":1,"playtime":1944,"current_hp_per_floor":[75,63,63,63,71,53,64,58,58,52,56,80,80,70,70,65,85,68,68,51,51,47,39,64,0],"items_purged":["Defend_R"],"gold":80,"score":264,"play_id":"3938d246-ab6d-4093-be85-affd0a37e35c","local_time":"20180324194540","is_prod":false,"is_daily":false,"is_ascension_mode":true,"campfire_upgraded":1,"timestamp":1521942340,"path_taken":["M","?","?","?","M","E","M","E","T","E","M","?","M","E","R","BOSS","M","$","M","?","M","E","R","E"],"build_version":"2018-03-22v2","purchased_purges":1,"victory":false,"master_deck":["Strike_R","Strike_R","Strike_R","Strike_R","Strike_R","Defend_R","Defend_R","Defend_R","Bash","Clash+1","Thunderclap","Inflame","Anger","Uppercut","Twin Strike","Headbutt","Evolve","Searing Blow+1","Pommel Strike+1","Reaper","Pommel Strike","Armaments","Apotheosis","J.A.X."],"max_hp_per_floor":[80,80,80,80,80,80,80,80,80,80,80,80,80,80,80,80,85,85,85,85,85,85,85,85,85],"relics":["Burning Blood","Blood Vial","Tiny Chest","Gambling Chip","Oddly Smooth Stone","Bag of Marbles","Ornamental Fan","Tiny House","Peace Pipe"],"card_choices":[{"not_picked":["Iron Wave","Shrug It Off"],"picked":"Clash","floor":0},{"not_picked":["Flame Barrier","Warcry"],"picked":"Thunderclap","floor":1},{"not_picked":["Iron Wave","Ghostly Armor"],"picked":"Anger","floor":5},{"not_picked":["Second Wind","Burning Pact"],"picked":"Uppercut","floor":6},{"not_picked":["Shrug It Off","Clothesline"],"picked":"Twin Strike","floor":8},{"not_picked":["Sword Boomerang","Metallicize"],"picked":"Headbutt","floor":10},{"not_picked":["Warcry","Anger"],"picked":"Evolve","floor":11},{"not_picked":["Wild Strike","Thunderclap"],"picked":"Searing Blow","floor":13},{"not_picked":["Disarm","Fiend Fire"],"picked":"Pommel Strike","floor":14},{"not_picked":["Barricade","Juggernaut"],"picked":"Reaper","floor":16},{"not_picked":["Seeing Red","Havoc"],"picked":"Pommel Strike","floor":17},{"not_picked":["True Grit","Sword Boomerang"],"picked":"Armaments","floor":18}],"player_experience":212849,"potions_floor_usage":[7,16,23,23,25,25],"damage_taken":[{"damage":11,"enemies":"Jaw Worm","floor":1,"turns":3},{"damage":0,"enemies":"Small Slimes","floor":5,"turns":3},{"damage":26,"enemies":"Lagavulin","floor":6,"turns":5},{"damage":0,"enemies":"Cultist","floor":7,"turns":2},{"damage":14,"enemies":"3 Sentries","floor":8,"turns":5},{"damage":14,"enemies":"Gremlin Nob","floor":10,"turns":3},{"damage":4,"enemies":"Looter","floor":11,"turns":2},{"damage":6,"enemies":"Blue Slaver","floor":13,"turns":2},{"damage":16,"enemies":"3 Sentries","floor":14,"turns":4},{"damage":28,"enemies":"Slime Boss","floor":16,"turns":8},{"damage":23,"enemies":"2 Thieves","floor":18,"turns":3},{"damage":25,"enemies":"Chosen","floor":20,"turns":4},{"damage":12,"enemies":"Centurion and Healer","floor":22,"turns":5},{"damage":27,"enemies":"Book of Stabbing","floor":23,"turns":5},{"damage":98,"enemies":"Slavers","floor":25,"turns":5}],"event_choices":[{"event_name":"Scrap Ooze","player_choice":"success","floor":2,"damage_taken":12},{"event_name":"Living Wall","player_choice":"Grow","floor":3,"damage_taken":0},{"event_name":"Big Fish","player_choice":"Banana","floor":12,"damage_taken":0},{"event_name":"Drug Dealer","player_choice":"Got JAXXED","floor":21,"damage_taken":0}],"boss_relics":[{"not_picked":["White Beast Statue","Sozu"],"picked":"Tiny House"}],"potions_floor_spawned":[6,8,11,13,14,20,23],"seed_played":"-5311514151609184841","killed_by":"Slavers","ascension_level":1,"is_trial":false}