{"gold_per_floor":[111,10,10,10,27,90,18,52,129,146,157,169,217,217],"floor_reached":14,"playtime":640,"items_purged":[],"score":175,"play_id":"23a77732-0418-4ed8-9cff-e1559afa20de","local_time":"20190115235920","is_ascension_mode":true,"campfire_choices":[],"neow_cost":"NONE","seed_source_timestamp":459446005068400,"circlet_count":0,"master_deck":["AscendersBane","Strike_B","Strike_B","Strike_B","Defend_B","Defend_B","Defend_B","Defend_B","Zap","Dualcast","Conserve Battery","Gash","Sunder","Chill","Capacitor","Hello World","Skim","Glacier","Coolheaded"],"relics":["Cracked Core","Tiny Chest","Vajra","Ornamental Fan","Oddly Smooth Stone"],"potions_floor_usage":[6,6,8],"damage_taken":[{"damage":7,"enemies":"Jaw Worm","floor":1,"turns":3},{"damage":0,"enemies":"Small Slimes","floor":5,"turns":3},{"damage":13,"enemies":"Lagavulin","floor":6,"turns":6},{"damage":11,"enemies":"3 Sentries","floor":8,"turns":13},{"damage":1,"enemies":"Cultist","floor":10,"turns":3},{"damage":13,"enemies":"Red Slaver","floor":11,"turns":5},{"damage":20,"enemies":"Gremlin Gang","floor":12,"turns":5},{"damage":8,"enemies":"Exordium Wildlife","floor":14,"turns":1}],"seed_played":"5744511204583539692","potions_obtained":[{"floor":4,"key":"Poison Potion"},{"floor":6,"key":"FocusPotion"},{"floor":11,"key":"Ancient Potion"},{"floor":12,"key":"AttackPotion"}],"is_trial":false,"path_per_floor":["M","$","?","?","M","E","$","E","T","M","M","M","T","M"],"character_chosen":"DEFECT","items_purchased":["Gash","Strength Potion","Capacitor"],"campfire_rested":0,"item_purchase_floors":[2,2,7],"current_hp_per_floor":[64,64,64,64,64,51,51,40,40,39,26,6,6,0],"gold":217,"neow_bonus":"TEN_PERCENT_HP_BONUS","is_prod":false,"is_daily":false,"chose_seed":false,"campfire_upgraded":0,"win_rate":0,"timestamp":1547625560,"path_taken":["M","$","?","?","?","E","?","E","T","?","M","M","?","M"],"build_version":"2019-01-10","purchased_purges":0,"victory":false,"max_hp_per_floor":[78,78,78,78,78,78,78,78,78,78,78,78,78,78],"card_choices":[{"not_picked":["Beam Cell","Leap"],"picked":"Conserve Battery","floor":1},{"not_picked":["Double Energy","Barrage"],"picked":"Sunder","floor":5},{"not_picked":["Conserve Battery","Go for the Eyes"],"picked":"Chill","floor":6},{"not_picked":["Sunder","Recycle"],"picked":"Hello World","floor":8},{"not_picked":["Melter","Auto Shields"],"picked":"Skim","floor":10},{"not_picked":["Rainbow","Turbo"],"picked":"Glacier","floor":11},{"not_picked":["Sweeping Beam","Fusion"],"picked":"Coolheaded","floor":12}],"player_experience":486145,"relics_obtained":[{"floor":6,"key":"Tiny Chest"},{"floor":8,"key":"Vajra"},{"floor":9,"key":"Ornamental Fan"},{"floor":13,"key":"Oddly Smooth Stone"}],"event_choices":[{"cards_removed":["Strike_B"],"damage_healed":0,"gold_gain":0,"player_choice":"Forget","damage_taken":0,"max_hp_gain":0,"max_hp_loss":0,"event_name":"Living Wall","floor":3,"gold_loss":0},{"damage_healed":0,"gold_gain":0,"player_choice":"Got Potions","damage_taken":0,"max_hp_gain":0,"max_hp_loss":0,"event_name":"Lab","floor":4,"gold_loss":0}],"is_beta":false,"boss_relics":[],"items_purged_floors":[],"is_endless":false,"potions_floor_spawned":[6,11,12],"killed_by":"Exordium Wildlife","ascension_level":15}