{"gold_per_floor":[111,127,140,160,175,175,210,210,210,60,60,77,77,107,107,204,204,224,224,239,62,82,82,181,181,252,19,33,133,159,179,179,179],"floor_reached":33,"playtime":1211,"items_purged":["Strike_B","Pain"],"score":357,"play_id":"0e1e5e54-24a4-4620-aa61-0b06e39084d3","local_time":"20190304055437","is_ascension_mode":false,"campfire_choices":[{"data":"1","floor":8,"key":"LIFT"},{"data":"2","floor":13,"key":"LIFT"},{"floor":15,"key":"REST"},{"floor":23,"key":"REST"},{"data":"3","floor":25,"key":"LIFT"},{"floor":32,"key":"REST"}],"neow_cost":"","seed_source_timestamp":0,"circlet_count":0,"master_deck":["Strike_B","Strike_B","Strike_B","Defend_B","Defend_B","Defend_B","Defend_B","Zap+1","Dualcast","Doom and Gloom+1","Storm","Ball Lightning+1","Echo Form","Defragment","Genetic Algorithm","Seek","Hologram+1","Writhe","Defragment","Consume","Defragment","Coolheaded","Barrage+1","Sunder+1"],"relics":["Cracked Core","Girya","Pen Nib","WarpedTongs","Whetstone","Philosopher\u0027s Stone","Blue Candle","Dodecahedron","Runic Capacitor","Ginger","Question Card","DataDisk"],"potions_floor_usage":[16,29,29,33,33,33],"damage_taken":[{"damage":1,"enemies":"Jaw Worm","floor":1,"turns":3},{"damage":0,"enemies":"Small Slimes","floor":2,"turns":3},{"damage":1,"enemies":"Cultist","floor":3,"turns":3},{"damage":10,"enemies":"Red Slaver","floor":4,"turns":4},{"damage":10,"enemies":"Looter","floor":5,"turns":2},{"damage":26,"enemies":"3 Sentries","floor":7,"turns":6},{"damage":3,"enemies":"2 Fungi Beasts","floor":12,"turns":3},{"damage":14,"enemies":"Lagavulin","floor":14,"turns":6},{"damage":22,"enemies":"Hexaghost","floor":16,"turns":6},{"damage":38,"enemies":"2 Thieves","floor":18,"turns":3},{"damage":2,"enemies":"Spheric Guardian","floor":20,"turns":3},{"damage":24,"enemies":"Snake Plant","floor":22,"turns":3},{"damage":23,"enemies":"Centurion and Healer","floor":28,"turns":5},{"damage":3,"enemies":"Colosseum Slavers","floor":29,"turns":2},{"damage":5,"enemies":"Colosseum Nobs","floor":29,"turns":3},{"damage":0,"enemies":"Snecko","floor":31,"turns":4},{"damage":27,"enemies":"Automaton","floor":33,"turns":6}],"seed_played":"3506162913044647253","potions_obtained":[{"floor":3,"key":"GamblersBrew"},{"floor":4,"key":"PowerPotion"},{"floor":12,"key":"PowerPotion"},{"floor":20,"key":"Fire Potion"},{"floor":29,"key":"SkillPotion"},{"floor":31,"key":"Energy Potion"}],"is_trial":true,"path_per_floor":["M","M","M","M","M","?","E","R","T","$","?","M","R","E","R","B",null,"M","?","M","$","M","R","?","R","T","$","M","?","T","M","R","B"],"character_chosen":"DEFECT","items_purchased":["Defragment","Defragment","Runic Capacitor","Defragment"],"campfire_rested":3,"item_purchase_floors":[10,21,27,27],"current_hp_per_floor":[74,74,73,63,53,53,27,27,27,27,27,24,24,10,32,10,75,37,37,35,35,11,33,33,33,33,33,10,2,2,2,24,0],"gold":179,"neow_bonus":"","is_prod":false,"is_daily":false,"chose_seed":false,"campfire_upgraded":0,"win_rate":0,"timestamp":1551707677,"path_taken":["M","M","M","M","M","?","E","R","T","$","?","?","R","E","R","BOSS","M","?","M","$","M","R","?","R","T","$","M","?","?","M","R","BOSS"],"build_version":"2019-01-23","purchased_purges":2,"victory":false,"max_hp_per_floor":[75,75,75,75,75,75,75,75,75,75,75,75,75,75,75,75,75,75,75,75,75,75,75,75,75,75,75,75,75,75,75,75,75],"card_choices":[{"not_picked":["Cold Snap","Leap"],"picked":"Doom and Gloom","floor":1},{"not_picked":["Reprogram","Go for the Eyes"],"picked":"Storm","floor":2},{"not_picked":["Redo","Rebound","Leap"],"picked":"SKIP","floor":3},{"not_picked":["Go for the Eyes","Fusion"],"picked":"Ball Lightning","floor":4},{"not_picked":["Skim","Leap","Rip and Tear"],"picked":"SKIP","floor":5},{"not_picked":["Sunder","Redo"],"picked":"Echo Form","floor":7},{"not_picked":["Chaos","Conserve Battery"],"picked":"Genetic Algorithm","floor":12},{"not_picked":["Compile Driver","Rebound","Go for the Eyes"],"picked":"SKIP","floor":14},{"not_picked":["All For One","Multi-Cast"],"picked":"Seek","floor":16},{"not_picked":["Steam Power","Conserve Battery"],"picked":"Hologram+1","floor":18},{"not_picked":["Streamline+1","Heatsinks","FTL"],"picked":"SKIP","floor":20},{"not_picked":["Gash","Hologram"],"picked":"Consume","floor":22},{"not_picked":["Steam","Leap"],"picked":"Coolheaded","floor":28},{"not_picked":["Beam Cell","Reboot"],"picked":"Barrage+1","floor":29},{"not_picked":["Sweeping Beam","Scrape","Recycle+1"],"picked":"Sunder+1","floor":31}],"player_experience":782821,"relics_obtained":[{"floor":7,"key":"Girya"},{"floor":9,"key":"Pen Nib"},{"floor":14,"key":"Whetstone"},{"floor":26,"key":"Dodecahedron"},{"floor":29,"key":"Ginger"},{"floor":29,"key":"Question Card"},{"floor":30,"key":"DataDisk"}],"event_choices":[{"damage_healed":0,"gold_gain":0,"player_choice":"Grow","damage_taken":0,"max_hp_gain":0,"max_hp_loss":0,"event_name":"Living Wall","floor":6,"gold_loss":0,"cards_upgraded":["Zap"]},{"damage_healed":0,"gold_gain":0,"player_choice":"Rummage","damage_taken":0,"relics_obtained":["WarpedTongs"],"max_hp_gain":0,"max_hp_loss":0,"event_name":"Accursed Blacksmith","floor":11,"gold_loss":0,"cards_obtained":["Pain"]},{"damage_healed":0,"gold_gain":0,"player_choice":"Opened","damage_taken":0,"relics_obtained":["Blue Candle"],"max_hp_gain":0,"max_hp_loss":0,"event_name":"The Mausoleum","floor":19,"gold_loss":0,"cards_obtained":["Writhe"]},{"damage_healed":0,"gold_gain":99,"player_choice":"Stole From Cult","damage_taken":0,"max_hp_gain":0,"max_hp_loss":0,"event_name":"Nest","floor":24,"gold_loss":0},{"damage_healed":0,"gold_gain":0,"player_choice":"Fight","damage_taken":0,"max_hp_gain":0,"max_hp_loss":0,"event_name":"Colosseum","floor":29,"gold_loss":0},{"damage_healed":0,"gold_gain":0,"player_choice":"Fought Nobs","damage_taken":0,"max_hp_gain":0,"max_hp_loss":0,"event_name":"Colosseum","floor":29,"gold_loss":0}],"is_beta":false,"boss_relics":[{"not_picked":["Tiny House","White Beast Statue"],"picked":"Philosopher\u0027s Stone"}],"items_purged_floors":[10,21],"is_endless":true,"potions_floor_spawned":[3,4,12,20,22,29,31],"killed_by":"Automaton","ascension_level":0}