{"gold_per_floor":[115,65,79,10,10,10,37,55,55,55,120,133,133,133],"floor_reached":14,"playtime":285,"items_purged":[],"score":170,"play_id":"737bcdbc-6036-42cf-863f-cfcc9c0c5ce3","local_time":"20181029123404","is_ascension_mode":true,"campfire_choices":[{"data":"Fusion","floor":6,"key":"SMITH"},{"data":"Streamline","floor":10,"key":"SMITH"},{"data":"Glacier","floor":13,"key":"SMITH"}],"neow_cost":"NONE","seed_source_timestamp":9594502228361018,"circlet_count":0,"master_deck":["Strike_B","Strike_B","Defend_B","Defend_B","Defend_B","Defend_B","Zap","Dualcast","AscendersBane","Beam Cell","Fusion+1","Streamline+1","Turbo","Glacier+1","Sweeping Beam","Leap"],"relics":["Cracked Core","NeowsBlessing","Bottled Flame","Letter Opener","Vajra"],"potions_floor_usage":[11,14,14],"damage_taken":[{"damage":0,"enemies":"Cultist","floor":1,"turns":1},{"damage":0,"enemies":"2 Louse","floor":3,"turns":1},{"damage":0,"enemies":"Gremlin Nob","floor":7,"turns":1},{"damage":12,"enemies":"Jaw Worm","floor":8,"turns":3},{"damage":32,"enemies":"Gremlin Nob","floor":11,"turns":4},{"damage":12,"enemies":"Exordium Wildlife","floor":12,"turns":2},{"damage":6,"enemies":"Lagavulin","floor":14,"turns":2}],"seed_played":"1366591867413585589","potions_obtained":[{"floor":7,"key":"Ancient Potion"},{"floor":11,"key":"LiquidBronze"},{"floor":12,"key":"GamblersBrew"}],"is_trial":false,"path_per_floor":["M","?","M","$","?","R","E","M","T","R","?","M","R"],"character_chosen":"DEFECT","items_purchased":["Streamline","Turbo"],"campfire_rested":0,"item_purchase_floors":[4,4],"current_hp_per_floor":[68,68,68,68,61,61,61,49,49,49,17,5,5,0],"gold":133,"neow_bonus":"THREE_ENEMY_KILL","is_prod":false,"is_daily":false,"chose_seed":false,"campfire_upgraded":3,"win_rate":0,"timestamp":1540841644,"path_taken":["M","?","?","$","?","R","E","M","T","R","?","M","R","E"],"build_version":"2018-10-25v2","purchased_purges":0,"victory":false,"max_hp_per_floor":[75,75,75,75,75,75,75,75,75,75,75,75,75,75],"card_choices":[{"not_picked":["Rebound","Redo"],"picked":"Beam Cell","floor":1},{"not_picked":["Ball Lightning","Rip and Tear"],"picked":"Fusion","floor":3},{"not_picked":["Redo","Barrage","Compile Driver"],"picked":"SKIP","floor":7},{"not_picked":["Steam","Darkness"],"picked":"Glacier","floor":8},{"not_picked":["Barrage","Compile Driver"],"picked":"Sweeping Beam","floor":11},{"not_picked":["Heatsinks","Barrage"],"picked":"Leap","floor":12}],"player_experience":326538,"relics_obtained":[{"floor":7,"key":"Bottled Flame"},{"floor":9,"key":"Letter Opener"},{"floor":11,"key":"Vajra"}],"event_choices":[{"cards_removed":["Strike_B"],"damage_healed":0,"gold_gain":0,"player_choice":"Card Removal","damage_taken":0,"max_hp_gain":0,"max_hp_loss":0,"event_name":"The Cleric","floor":2,"gold_loss":50},{"cards_removed":["Strike_B"],"damage_healed":0,"gold_gain":0,"player_choice":"Card Removal","damage_taken":7,"max_hp_gain":0,"max_hp_loss":0,"event_name":"Golden Wing","floor":5,"gold_loss":0},{"damage_healed":0,"gold_gain":0,"player_choice":"Searched \u00272\u0027 times","damage_taken":0,"max_hp_gain":0,"max_hp_loss":0,"event_name":"Dead Adventurer","floor":11,"gold_loss":0}],"is_beta":false,"boss_relics":[],"items_purged_floors":[],"is_endless":false,"potions_floor_spawned":[7,11,12],"killed_by":"Lagavulin","ascension_level":10}