{"path_per_floor":["M","M","?","?","M","E","R","?","T","E","$","R","M","M","R"],"character_chosen":"IRONCLAD","items_purchased":["Transmutation","Warcry"],"gold_per_floor":[116,134,134,209,229,264,264,264,264,299,62,62,80,105,105,105],"floor_reached":16,"campfire_rested":1,"playtime":1421,"current_hp_per_floor":[72,70,52,41,46,39,39,39,39,42,42,42,40,35,56,0],"items_purged":[],"gold":105,"score":110,"play_id":"65378847-0e77-4150-b291-3af2ebae3845","local_time":"20180407001550","is_prod":false,"is_daily":false,"is_ascension_mode":false,"campfire_upgraded":2,"timestamp":1523052950,"path_taken":["M","M","?","?","M","E","R","?","T","E","?","R","?","M","R","BOSS"],"build_version":"2018-04-05v2","purchased_purges":0,"victory":false,"master_deck":["Strike_R","Strike_R","Strike_R","Strike_R","Strike_R","Defend_R","Defend_R","Defend_R","Defend_R","Bash","Shrug It Off","Pommel Strike+1","Armaments+1","Rage","Warcry","Transmutation+1","Warcry","Warcry","Iron Wave"],"max_hp_per_floor":[72,72,72,72,72,72,72,72,72,72,72,72,72,72,72,72],"relics":["Burning Blood","Torii","Golden Idol","Matryoshka","Bronze Scales","Thread and Needle","Omamori"],"card_choices":[{"not_picked":["True Grit","Twin Strike"],"picked":"Shrug It Off","floor":1},{"not_picked":["Searing Blow","Flex"],"picked":"Pommel Strike","floor":2},{"not_picked":["Bloodletting","Clothesline"],"picked":"Armaments","floor":5},{"not_picked":["Carnage","Limit Break"],"picked":"Rage","floor":6},{"not_picked":["Reckless Charge","Offering"],"picked":"Warcry","floor":10},{"not_picked":["Flex","Twin Strike"],"picked":"Warcry","floor":13},{"not_picked":["Twin Strike","Armaments"],"picked":"Iron Wave","floor":14}],"player_experience":35203,"potions_floor_usage":[16],"damage_taken":[{"damage":2,"enemies":"Small Slimes","floor":1,"turns":4},{"damage":8,"enemies":"Jaw Worm","floor":2,"turns":5},{"damage":1,"enemies":"2 Louse","floor":5,"turns":3},{"damage":13,"enemies":"3 Sentries","floor":6,"turns":10},{"damage":3,"enemies":"Gremlin Nob","floor":10,"turns":5},{"damage":8,"enemies":"2 Fungi Beasts","floor":13,"turns":4},{"damage":11,"enemies":"Exordium Thugs","floor":14,"turns":6},{"damage":59,"enemies":"Hexaghost","floor":16,"turns":16}],"event_choices":[{"event_name":"Golden Idol","player_choice":"Take Damage","floor":3,"damage_taken":0},{"event_name":"World of Goop","player_choice":"Gather Gold","floor":4,"damage_taken":0},{"event_name":"Upgrade Shrine","player_choice":"Upgraded","floor":8,"damage_taken":0}],"boss_relics":[],"potions_floor_spawned":[13],"seed_played":"6268528925569760205","killed_by":"Hexaghost","ascension_level":0,"is_trial":false}