{"gold_per_floor":[119,130,130,1,18,18,31,45,93,93,93,93,118,129,129,129],"floor_reached":16,"playtime":427,"items_purged":["Defend_G"],"score":199,"play_id":"58e2c5b8-28b2-4bf0-96df-b8f008f56990","local_time":"20181008153140","is_ascension_mode":true,"campfire_choices":[{"data":"Dagger Spray","floor":6,"key":"SMITH"},{"data":"Quick Slash","floor":10,"key":"SMITH"},{"data":"Backstab","floor":12,"key":"SMITH"},{"data":"Neutralize","floor":15,"key":"SMITH"}],"neow_cost":"NONE","seed_source_timestamp":284575685721449,"circlet_count":0,"master_deck":["Defend_G","Defend_G","Defend_G","Strike_G","Strike_G","Strike_G","Strike_G","Strike_G","Survivor","Neutralize+1","AscendersBane","Dagger Spray+1","Backstab+1","Flying Knee","Deflect","Quick Slash+1","Die Die Die","PiercingWail"],"relics":["Ring of the Snake","Art of War","Pantograph"],"potions_floor_usage":[13],"damage_taken":[{"damage":2,"enemies":"Cultist","floor":1,"turns":5},{"damage":6,"enemies":"2 Louse","floor":2,"turns":2},{"damage":0,"enemies":"Small Slimes","floor":5,"turns":4},{"damage":6,"enemies":"Exordium Thugs","floor":7,"turns":4},{"damage":3,"enemies":"Blue Slaver","floor":8,"turns":3},{"damage":4,"enemies":"3 Sentries","floor":13,"turns":6},{"damage":0,"enemies":"Exordium Wildlife","floor":14,"turns":3},{"damage":64,"enemies":"Hexaghost","floor":16,"turns":12}],"seed_played":"4266464946167047571","potions_obtained":[{"floor":5,"key":"AttackPotion"},{"floor":7,"key":"Energy Potion"}],"is_trial":false,"path_per_floor":["M","M","?","$","M","R","M","M","T","R","?","R","E","M","R"],"character_chosen":"THE_SILENT","items_purchased":["Flying Knee"],"campfire_rested":0,"item_purchase_floors":[4],"current_hp_per_floor":[63,57,50,50,50,50,44,41,41,41,41,41,37,37,37,0],"gold":129,"neow_bonus":"TEN_PERCENT_HP_BONUS","is_prod":false,"is_daily":false,"chose_seed":false,"campfire_upgraded":4,"win_rate":0,"timestamp":1538980300,"path_taken":["M","M","?","$","M","R","M","M","T","R","?","R","E","?","R","BOSS"],"build_version":"2018-10-04v2","purchased_purges":1,"victory":false,"max_hp_per_floor":[72,72,72,72,72,72,72,72,72,72,72,72,72,72,72,72],"card_choices":[{"not_picked":["Finisher","Blur"],"picked":"Dagger Spray","floor":1},{"not_picked":["Noxious Fumes","Tactician"],"picked":"Backstab","floor":2},{"not_picked":["Bane","Dodge and Roll"],"picked":"Deflect","floor":5},{"not_picked":["Poisoned Stab","Blade Dance"],"picked":"Quick Slash","floor":7},{"not_picked":["Outmaneuver","Poisoned Stab","Caltrops"],"picked":"SKIP","floor":8},{"not_picked":["Eviscerate","Bouncing Flask"],"picked":"Die Die Die","floor":13},{"not_picked":["Crippling Poison","Backflip"],"picked":"PiercingWail","floor":14}],"player_experience":692344,"relics_obtained":[{"floor":9,"key":"Art of War"},{"floor":13,"key":"Pantograph"}],"event_choices":[{"event_name":"Golden Wing","player_choice":"Card Removal","floor":3,"damage_taken":0},{"event_name":"Dead Adventurer","player_choice":"Searched \u00271\u0027 times","floor":11,"damage_taken":0}],"is_beta":false,"boss_relics":[],"items_purged_floors":[4],"is_endless":false,"potions_floor_spawned":[5,7],"killed_by":"Hexaghost","ascension_level":19}