{"path_per_floor":["M","M","M","?","M","R","E","$","T","R","E","R","?","?","R","B",null,"M","?","M","$","?","R","E","R","T","?","E","$","R","M","R","B",null,"M","$","?","M","?","R","E"],"character_chosen":"IRONCLAD","items_purchased":["Pummel","Metallicize","Kunai"],"gold_per_floor":[117,130,148,148,165,165,191,112,164,164,193,193,193,193,193,272,272,291,214,232,154,154,154,185,185,185,185,216,216,216,230,230,304,304,322,60,60,74,0,0,26,26],"floor_reached":42,"campfire_rested":2,"playtime":1828,"current_hp_per_floor":[72,71,70,63,63,63,57,57,57,57,51,51,56,56,56,27,71,56,56,62,62,62,62,39,39,39,23,19,19,44,46,71,25,70,61,61,61,52,52,52,14,0],"items_purged":[],"gold":26,"score":772,"play_id":"39040985-889c-4c94-b68c-024fa6849b98","local_time":"20180425205523","is_prod":false,"is_daily":false,"chose_seed":false,"is_ascension_mode":true,"campfire_upgraded":7,"timestamp":1524682523,"path_taken":["M","M","M","?","?","R","E","?","T","R","E","R","?","?","R","BOSS","M","?","M","$","?","R","E","R","T","?","E","$","R","M","R","BOSS","M","$","?","M","?","R","E","M"],"build_version":"2018-04-19","seed_source_timestamp":218058670430332,"purchased_purges":0,"victory":false,"master_deck":["Strike_R","Strike_R","Strike_R","Defend_R","Defend_R","Defend_R","Defend_R","Bash+1","AscendersBane","Pommel Strike","Whirlwind+1","Anger+1","Twin Strike","Iron Wave+1","Pummel","True Grit+1","Impervious","Double Tap+1","J.A.X.","Metallicize","Iron Wave+1","Offering","Flame Barrier","Demon Form+1","Thunderclap+1","Shrug It Off"],"max_hp_per_floor":[80,80,80,80,80,80,80,80,80,80,80,80,85,85,85,85,85,85,85,85,85,85,85,85,85,85,85,85,85,85,85,85,85,85,85,85,85,85,85,85,85,85],"relics":["Burning Blood","Mercury Hourglass","Happy Flower","Bag of Preparation","Runic Dome","Anchor","Art of War","Nilry\u0027s Codex","Prayer Wheel","Runic Pyramid","Kunai","Red Mask","Frozen Egg 2"],"card_choices":[{"not_picked":["Second Wind","Searing Blow"],"picked":"Pommel Strike","floor":1},{"not_picked":["Heavy Blade","Armaments"],"picked":"Whirlwind","floor":2},{"not_picked":["Cleave","Blood for Blood"],"picked":"Anger","floor":3},{"not_picked":["Armaments","Ghostly Armor"],"picked":"Twin Strike","floor":5},{"not_picked":["Corruption","Wild Strike"],"picked":"Iron Wave","floor":7},{"not_picked":["Hemokinesis","Iron Wave"],"picked":"True Grit","floor":11},{"not_picked":["Exhume","Brutality"],"picked":"Double Tap","floor":16},{"not_picked":["Carnage","Perfected Strike"],"picked":"Iron Wave","floor":24},{"not_picked":["Infernal Blade","Sword Boomerang"],"picked":"Offering","floor":28},{"not_picked":["Sword Boomerang","Uppercut"],"picked":"Flame Barrier","floor":31},{"not_picked":["Feed","Juggernaut"],"picked":"Demon Form","floor":33},{"not_picked":["Clothesline","Body Slam"],"picked":"Thunderclap","floor":35},{"not_picked":["Dual Wield","Flex"],"picked":"Shrug It Off","floor":38}],"player_experience":437090,"potions_floor_usage":[7,11,16,28,33,33],"damage_taken":[{"damage":6,"enemies":"Cultist","floor":1,"turns":4},{"damage":7,"enemies":"Small Slimes","floor":2,"turns":4},{"damage":7,"enemies":"Jaw Worm","floor":3,"turns":3},{"damage":6,"enemies":"Looter","floor":5,"turns":4},{"damage":12,"enemies":"3 Sentries","floor":7,"turns":5},{"damage":12,"enemies":"Gremlin Nob","floor":11,"turns":3},{"damage":35,"enemies":"Hexaghost","floor":16,"turns":11},{"damage":21,"enemies":"Shell Parasite","floor":18,"turns":3},{"damage":0,"enemies":"Spheric Guardian","floor":20,"turns":4},{"damage":29,"enemies":"Slavers","floor":24,"turns":4},{"damage":10,"enemies":"Book of Stabbing","floor":28,"turns":4},{"damage":4,"enemies":"Cultist and Chosen","floor":31,"turns":4},{"damage":52,"enemies":"Champ","floor":33,"turns":8},{"damage":15,"enemies":"Orb Walker","floor":35,"turns":3},{"damage":15,"enemies":"3 Darklings","floor":38,"turns":2},{"damage":44,"enemies":"Giant Head","floor":41,"turns":7},{"damage":19,"enemies":"4 Shapes","floor":42,"turns":2}],"event_choices":[{"event_name":"Golden Wing","player_choice":"Card Removal","floor":4,"damage_taken":0},{"event_name":"Big Fish","player_choice":"Donut","floor":13,"damage_taken":0},{"event_name":"Living Wall","player_choice":"Change","floor":14,"damage_taken":0},{"event_name":"Drug Dealer","player_choice":"Got JAXXED","floor":19,"damage_taken":0},{"event_name":"The Mausoleum","player_choice":"No","floor":22,"damage_taken":0},{"event_name":"Cursed Tome","player_choice":"Obtained Book","floor":27,"damage_taken":0},{"event_name":"Mysterious Sphere","player_choice":"Ignore","floor":37,"damage_taken":0},{"event_name":"Tomb of Lord Red Mask","player_choice":"Paid","floor":39,"damage_taken":0}],"boss_relics":[{"not_picked":["Runic Cube","Black Star"],"picked":"Runic Dome"},{"not_picked":["Velvet Choker","Tiny House"],"picked":"Runic Pyramid"}],"potions_floor_spawned":[1,5,7,11,20,28,35,41],"seed_played":"-5633582986161655365","killed_by":"4 Shapes","ascension_level":13,"is_trial":false}