{"gold_per_floor":[119,137,137,212,223,252,271,303,303,317,330,330,179,179,179,274,274,291,310,220,220,17,51,51,51,78,8,8,25,0,11,11,107,107,125,125,138,13,29,29,49,76,88,100,112,124,154,16,16,16],"floor_reached":51,"playtime":1959,"items_purged":["Strike_R","Strike_R","Regret","Decay"],"score":756,"play_id":"2ff388cf-e50b-4ac0-9a80-28d11b2468d4","local_time":"20180929220133","is_ascension_mode":true,"campfire_choices":[{"data":"Uppercut","floor":12,"key":"SMITH"},{"data":"Pommel Strike","floor":15,"key":"SMITH"},{"data":"Armaments","floor":24,"key":"SMITH"},{"data":"Inflame","floor":28,"key":"SMITH"},{"data":"Spot Weakness","floor":32,"key":"SMITH"},{"data":"Offering","floor":40,"key":"SMITH"},{"floor":46,"key":"REST"},{"floor":49,"key":"REST"}],"neow_cost":"NONE","seed_source_timestamp":1308409816066051,"circlet_count":0,"master_deck":["Defend_R+1","Defend_R","Bash","Headbutt","Headbutt","Disarm","Pommel Strike+1","Disarm","Infernal Blade","Uppercut+1","Offering+1","Offering","Flame Barrier","Flex+1","Armaments+1","Spot Weakness+1","Offering","Shame","Inflame+1","Sword Boomerang+1","Inflame+1","Double Tap","Sever Soul+1","Feed+1","Clash+1","Whirlwind+1","Havoc+1","Flex+1","Shrug It Off+1","Injury","Injury","Madness","Madness","Twin Strike+1"],"relics":["Burning Blood","Red Skull","Mango","Blood Vial","Boot","Mercury Hourglass","Cursed Key","Molten Egg 2","Regal Pillow","Happy Flower","Astrolabe","MawBank","Shuriken"],"potions_floor_usage":[16,50,50],"damage_taken":[{"damage":5,"enemies":"Small Slimes","floor":1,"turns":3},{"damage":8,"enemies":"Jaw Worm","floor":2,"turns":4},{"damage":0,"enemies":"2 Louse","floor":5,"turns":3},{"damage":35,"enemies":"3 Sentries","floor":6,"turns":8},{"damage":5,"enemies":"2 Fungi Beasts","floor":7,"turns":4},{"damage":32,"enemies":"Lagavulin","floor":8,"turns":4},{"damage":0,"enemies":"Looter","floor":10,"turns":3},{"damage":4,"enemies":"Gremlin Gang","floor":11,"turns":4},{"damage":14,"enemies":"Slime Boss","floor":16,"turns":6},{"damage":5,"enemies":"Spheric Guardian","floor":18,"turns":3},{"damage":9,"enemies":"Chosen","floor":19,"turns":3},{"damage":24,"enemies":"Book of Stabbing","floor":23,"turns":7},{"damage":23,"enemies":"Shelled Parasite and Fungi","floor":29,"turns":3},{"damage":0,"enemies":"Snake Plant","floor":31,"turns":2},{"damage":37,"enemies":"Champ","floor":33,"turns":4},{"damage":9,"enemies":"Orb Walker","floor":35,"turns":2},{"damage":12,"enemies":"3 Darklings","floor":37,"turns":1},{"damage":16,"enemies":"Reptomancer","floor":39,"turns":3},{"damage":35,"enemies":"Transient","floor":41,"turns":5},{"damage":51,"enemies":"Maw","floor":47,"turns":5},{"damage":67,"enemies":"Awakened One","floor":50,"turns":8}],"seed_played":"2439210430149889930","potions_obtained":[{"floor":1,"key":"FearPotion"},{"floor":5,"key":"EssenceOfSteel"},{"floor":8,"key":"PowerPotion"},{"floor":11,"key":"Fruit Juice"},{"floor":19,"key":"Strength Potion"},{"floor":36,"key":"SteroidPotion"}],"is_trial":false,"path_per_floor":["M","M","?","?","M","E","M","E","T","M","M","R","$","?","R","B",null,"M","M","?","?","$","E","R","?","T","$","R","M","?","M","R","B",null,"M","?","M","$","M","R","M","T","T","?","?","R","M","$","R","B"],"character_chosen":"IRONCLAD","items_purchased":["Offering","Armaments","Spot Weakness","Inflame"],"campfire_rested":2,"item_purchase_floors":[13,22,22,27],"current_hp_per_floor":[80,78,71,63,69,54,55,29,29,37,41,41,41,41,41,40,99,99,96,96,76,76,60,60,60,60,60,60,45,45,53,53,24,104,101,101,97,97,89,89,62,62,62,49,49,95,52,52,98,39],"gold":16,"neow_bonus":"RANDOM_COMMON_RELIC","is_prod":false,"is_daily":false,"chose_seed":false,"campfire_upgraded":6,"win_rate":0,"timestamp":1538272893,"path_taken":["M","M","?","?","M","E","M","E","T","?","M","R","$","?","R","BOSS","M","M","?","?","$","E","R","?","T","$","R","M","?","?","R","BOSS","M","?","M","$","?","R","M","?","T","?","?","R","?","$","R","BOSS"],"build_version":"2018-09-27","purchased_purges":4,"victory":true,"max_hp_per_floor":[80,80,80,80,80,94,94,94,94,94,94,94,94,94,94,99,99,99,99,99,104,104,104,104,104,104,104,104,104,104,104,104,104,104,104,104,104,104,104,104,104,104,104,104,104,104,104,104,104,104],"card_choices":[{"not_picked":["Sentinel","Combust"],"picked":"Headbutt","floor":1},{"not_picked":["Feel No Pain","Seeing Red"],"picked":"Headbutt","floor":2},{"not_picked":["Wild Strike","Thunderclap"],"picked":"Disarm","floor":5},{"not_picked":["Corruption","Anger"],"picked":"Battle Trance","floor":6},{"not_picked":["Dark Embrace","Sword Boomerang"],"picked":"Pommel Strike","floor":7},{"not_picked":["Cleave","Entrench"],"picked":"Disarm","floor":8},{"not_picked":["Entrench","Rupture"],"picked":"Infernal Blade","floor":10},{"not_picked":["Iron Wave","Dual Wield"],"picked":"Uppercut","floor":11},{"not_picked":["Impervious","Exhume"],"picked":"Offering","floor":16},{"not_picked":["Cleave","Corruption"],"picked":"Flame Barrier","floor":18},{"not_picked":["Pommel Strike","Headbutt"],"picked":"Flex+1","floor":19},{"not_picked":["Thunderclap","Warcry"],"picked":"Offering","floor":23},{"not_picked":["Warcry","Armaments"],"picked":"Sword Boomerang+1","floor":29},{"not_picked":["Armaments+1","Flex+1"],"picked":"Inflame+1","floor":31},{"not_picked":["Immolate+1","Brutality"],"picked":"Double Tap","floor":33},{"not_picked":["Perfected Strike+1","Clothesline+1"],"picked":"Whirlwind+1","floor":35},{"not_picked":["Iron Wave+1","Intimidate"],"picked":"Havoc+1","floor":37},{"not_picked":["Uppercut+1","Dual Wield+1"],"picked":"Flex+1","floor":39},{"not_picked":["Intimidate+1","Armaments+1"],"picked":"Shrug It Off+1","floor":41},{"not_picked":["Combust","Pommel Strike+1"],"picked":"Twin Strike+1","floor":47}],"player_experience":281954,"relics_obtained":[{"floor":6,"key":"Mango"},{"floor":8,"key":"Blood Vial"},{"floor":9,"key":"Boot"},{"floor":23,"key":"Molten Egg 2"},{"floor":26,"key":"Happy Flower"},{"floor":42,"key":"MawBank"},{"floor":43,"key":"Shuriken"}],"event_choices":[{"event_name":"Golden Wing","player_choice":"Card Removal","floor":3,"damage_taken":0},{"event_name":"FaceTrader","player_choice":"Touch","floor":4,"damage_taken":0},{"event_name":"Big Fish","player_choice":"Box","floor":14,"damage_taken":0},{"event_name":"Designer","player_choice":"Full Service","floor":20,"damage_taken":0},{"event_name":"Forgotten Altar","player_choice":"Shed Blood","floor":21,"damage_taken":0},{"event_name":"Addict","player_choice":"Stole Relic","floor":25,"damage_taken":0},{"event_name":"Masked Bandits","player_choice":"Paid Fearfully","floor":30,"damage_taken":0},{"event_name":"The Lab","player_choice":"Got Potions","floor":36,"damage_taken":0},{"event_name":"Winding Halls","player_choice":"Embrace Madness","floor":44,"damage_taken":0},{"event_name":"Falling","player_choice":"Removed Skill","floor":45,"damage_taken":0}],"is_beta":false,"boss_relics":[{"not_picked":["Philosopher\u0027s Stone","Busted Crown"],"picked":"Cursed Key"},{"not_picked":["Calling Bell","Velvet Choker"],"picked":"Astrolabe"}],"items_purged_floors":[13,22,38,48],"is_endless":false,"potions_floor_spawned":[1,5,8,10,11,19,33,37,41],"ascension_level":1}