{"gold_per_floor":[17,36,54,54,69,96,96,115,172,172,186,200,200,235,235,331,331,347,365,256,256,256,355,355,367,367,367,386,286,286],"floor_reached":30,"playtime":1287,"items_purged":["Strike_B","Writhe"],"score":360,"play_id":"0ff10d6f-bfc0-4618-ac21-d22a6c345b54","local_time":"20180919165729","is_ascension_mode":true,"campfire_choices":[{"data":"Lockon","floor":7,"key":"SMITH"},{"floor":10,"key":"REST"},{"floor":13,"key":"REST"},{"data":"Ball Lightning","floor":15,"key":"SMITH"},{"data":"Storm","floor":24,"key":"SMITH"},{"data":"Chaos","floor":27,"key":"SMITH"}],"neow_cost":"NO_GOLD","seed_source_timestamp":426780738581743,"circlet_count":0,"master_deck":["Strike_B","Strike_B","Strike_B","Defend_B","Defend_B","Defend_B","Defend_B","Zap","Dualcast","Biased Cognition+1","Go for the Eyes","Lockon+1","Ball Lightning+1","Doom and Gloom","Auto Shields","Conserve Battery","Cold Snap","Echo Form","Storm+1","Auto Shields","Chaos+1","Amplify","Conserve Battery","Lockon+1","Rebound+1","Self Repair","Cold Snap","Chaos"],"relics":["Cracked Core","Letter Opener","Tiny Chest","Bag of Marbles","Orrery","Boot","Torii","Happy Flower"],"potions_floor_usage":[14,18,28],"damage_taken":[{"damage":1,"enemies":"Cultist","floor":1,"turns":3},{"damage":4,"enemies":"Jaw Worm","floor":2,"turns":3},{"damage":0,"enemies":"2 Louse","floor":3,"turns":1},{"damage":0,"enemies":"Blue Slaver","floor":5,"turns":2},{"damage":25,"enemies":"Lagavulin","floor":6,"turns":4},{"damage":6,"enemies":"Gremlin Gang","floor":8,"turns":2},{"damage":0,"enemies":"3 Louse","floor":11,"turns":2},{"damage":10,"enemies":"Exordium Thugs","floor":12,"turns":4},{"damage":0,"enemies":"Gremlin Nob","floor":14,"turns":2},{"damage":36,"enemies":"Slime Boss","floor":16,"turns":8},{"damage":12,"enemies":"Chosen","floor":18,"turns":5},{"damage":8,"enemies":"Shell Parasite","floor":19,"turns":7},{"damage":4,"enemies":"Cultist and Chosen","floor":25,"turns":5},{"damage":35,"enemies":"Shelled Parasite and Fungi","floor":28,"turns":5},{"damage":24,"enemies":"Snake Plant","floor":30,"turns":1}],"seed_played":"2525083654073946562","potions_obtained":[{"floor":2,"key":"SpeedPotion"},{"floor":5,"key":"SkillPotion"},{"floor":6,"key":"EssenceOfSteel"},{"floor":18,"key":"Weak Potion"},{"floor":25,"key":"LiquidBronze"}],"is_trial":false,"path_per_floor":["M","M","M","?","M","E","R","M","T","R","M","M","R","E","R","B",null,"M","M","$","?","?","?","R","M","T","R","M","$"],"character_chosen":"DEFECT","items_purchased":["Self Repair"],"campfire_rested":2,"item_purchase_floors":[20],"current_hp_per_floor":[67,63,63,63,63,38,38,32,32,54,54,44,66,66,66,30,64,52,44,44,44,44,44,44,47,47,47,19,19,0],"gold":286,"neow_bonus":"THREE_RARE_CARDS","is_prod":false,"is_daily":false,"chose_seed":false,"campfire_upgraded":4,"win_rate":0,"timestamp":1537390649,"path_taken":["M","M","?","?","M","E","R","M","T","R","M","M","R","E","R","BOSS","M","?","$","?","?","?","R","M","T","R","M","$","M"],"build_version":"2018-09-06","purchased_purges":2,"victory":false,"max_hp_per_floor":[75,75,75,75,75,75,75,75,75,75,75,75,75,75,75,75,75,75,75,75,75,75,75,75,75,75,75,75,75,75],"card_choices":[{"not_picked":["Multi-Cast","Amplify"],"picked":"Biased Cognition","floor":0},{"not_picked":["Leap","Beam Cell"],"picked":"Go for the Eyes","floor":1},{"not_picked":["Turbo","Leap"],"picked":"Lockon","floor":2},{"not_picked":["Steam","Rip and Tear"],"picked":"Ball Lightning","floor":3},{"not_picked":["Streamline","Compile Driver"],"picked":"Doom and Gloom","floor":5},{"not_picked":["Melter","Multi-Cast"],"picked":"Auto Shields","floor":6},{"not_picked":["Compile Driver","Gash"],"picked":"Conserve Battery","floor":8},{"not_picked":["Turbo","Force Field","Chill"],"picked":"SKIP","floor":11},{"not_picked":["Turbo","Rip and Tear","Scrape"],"picked":"SKIP","floor":12},{"not_picked":["Go for the Eyes","BootSequence"],"picked":"Cold Snap","floor":14},{"not_picked":["Buffer","Hyperbeam"],"picked":"Echo Form","floor":16},{"not_picked":["Beam Cell","Conserve Battery"],"picked":"Storm","floor":17},{"not_picked":["Conserve Battery","Leap"],"picked":"Auto Shields","floor":17},{"not_picked":["Hello World","Steam"],"picked":"Chaos","floor":17},{"not_picked":["Compile Driver","Reprogram"],"picked":"Amplify","floor":17},{"not_picked":["FTL","Reinforced Body"],"picked":"Conserve Battery","floor":17},{"not_picked":["Barrage","Hologram"],"picked":"Lockon+1","floor":18},{"not_picked":["Stack","Streamline"],"picked":"Rebound+1","floor":19},{"not_picked":["Darkness","Consume+1"],"picked":"Cold Snap","floor":25},{"not_picked":["Hyperbeam","Go for the Eyes"],"picked":"Chaos","floor":28}],"player_experience":207608,"relics_obtained":[{"floor":6,"key":"Letter Opener"},{"floor":9,"key":"Tiny Chest"},{"floor":14,"key":"Bag of Marbles"},{"floor":26,"key":"Happy Flower"}],"event_choices":[{"event_name":"Living Wall","player_choice":"Grow","floor":4,"damage_taken":0},{"event_name":"WeMeetAgain","player_choice":"Potion","floor":21,"damage_taken":0},{"event_name":"The Mausoleum","player_choice":"Yes","floor":22,"damage_taken":0},{"event_name":"Nest","player_choice":"Stole From Cult","floor":23,"damage_taken":0}],"is_beta":false,"boss_relics":[{"not_picked":["Lizard Tail","Eternal Feather"],"picked":"Orrery"}],"items_purged_floors":[20,29],"is_endless":false,"potions_floor_spawned":[2,5,6,11,18,25],"killed_by":"Snake Plant","ascension_level":7}