{"gold_per_floor":[114,131,131,58,73,99,99,116,116,116,116],"floor_reached":11,"playtime":839,"items_purged":[],"score":73,"play_id":"ceaec923-d73b-4209-95ac-dab944f28888","local_time":"20180629175530","is_ascension_mode":false,"campfire_choices":[{"data":"Catalyst","floor":7,"key":"SMITH"},{"data":"Normality","floor":10,"key":"PURGE"}],"neow_cost":"NONE","seed_source_timestamp":10560003250090210,"circlet_count":0,"master_deck":["Defend_G","Defend_G","Defend_G","Defend_G","Defend_G","Strike_G","Strike_G","Strike_G","Strike_G","Strike_G","Survivor","Neutralize","Burst","Catalyst+1","Poisoned Stab","Noxious Fumes","Calculated Gamble","Dodge and Roll","PiercingWail"],"relics":["Ring of the Snake","Mango","Calipers","Peace Pipe"],"potions_floor_usage":[8],"damage_taken":[{"damage":0,"enemies":"Small Slimes","floor":1,"turns":4},{"damage":1,"enemies":"Cultist","floor":2,"turns":5},{"damage":10,"enemies":"Jaw Worm","floor":5,"turns":5},{"damage":24,"enemies":"Lagavulin","floor":6,"turns":6},{"damage":45,"enemies":"Gremlin Gang","floor":8,"turns":4},{"damage":4,"enemies":"2 Fungi Beasts","floor":11,"turns":3}],"seed_played":"8179121150609294256","potions_obtained":[{"floor":1,"key":"Dexterity Potion"},{"floor":2,"key":"PowerPotion"}],"is_trial":false,"path_per_floor":["M","M","?","$","M","E","R","M","T","R"],"character_chosen":"THE_SILENT","items_purchased":["Noxious Fumes"],"campfire_rested":0,"item_purchase_floors":[4],"current_hp_per_floor":[70,69,83,83,73,49,49,4,4,4,0],"gold":116,"neow_bonus":"ONE_RANDOM_RARE_CARD","is_prod":false,"is_daily":false,"chose_seed":false,"campfire_upgraded":1,"win_rate":0,"timestamp":1530320130,"path_taken":["M","M","?","$","M","E","R","M","T","R","?"],"build_version":"2018-06-28","purchased_purges":0,"victory":false,"max_hp_per_floor":[70,70,84,84,84,84,84,84,84,84,84],"card_choices":[{"not_picked":["Reflex","Prepared"],"picked":"Catalyst","floor":1},{"not_picked":["Cloak And Dagger","Dodge and Roll"],"picked":"Poisoned Stab","floor":2},{"not_picked":["Cloak And Dagger","Endless Agony"],"picked":"Calculated Gamble","floor":5},{"not_picked":["Blade Dance","Blur"],"picked":"Dodge and Roll","floor":6},{"not_picked":["Dagger Spray","Dagger Throw"],"picked":"PiercingWail","floor":8}],"player_experience":96213,"relics_obtained":[{"floor":6,"key":"Calipers"},{"floor":9,"key":"Peace Pipe"}],"event_choices":[{"event_name":"Accursed Blacksmith","player_choice":"Rummage","floor":3,"damage_taken":0}],"boss_relics":[],"items_purged_floors":[],"is_endless":false,"potions_floor_spawned":[1,2],"killed_by":"2 Fungi Beasts","ascension_level":0}