{"gold_per_floor":[110,110,5,25,25,25,44,44,71,71,135,135,147,160,160,239,239,249,164,181,181,191,191,191],"floor_reached":24,"playtime":1765,"items_purged":["Strike_B"],"score":335,"play_id":"9f1706b5-2b3e-4c06-9883-0877417aae25","local_time":"20190123184511","is_ascension_mode":true,"campfire_choices":[{"data":"Zap","floor":6,"key":"SMITH"},{"data":"Recycle","floor":8,"key":"SMITH"},{"data":"Tempest","floor":15,"key":"SMITH"},{"floor":23,"key":"REST"}],"neow_cost":"NONE","seed_source_timestamp":459629067509862,"circlet_count":0,"master_deck":["AscendersBane","Strike_B","Strike_B","Strike_B","Defend_B","Defend_B","Defend_B","Defend_B","Zap+1","Compile Driver","Self Repair","Conserve Battery","Tempest+1","BootSequence","Recycle+1","Cold Snap","Cold Snap","All For One","Seek","Chill","Ball Lightning","Melter+1"],"relics":["Cracked Core","Boot","Symbiotic Virus","Black Star","Ornamental Fan"],"potions_floor_usage":[11,14,24],"damage_taken":[{"damage":0,"enemies":"Small Slimes","floor":1,"turns":2},{"damage":0,"enemies":"Cultist","floor":4,"turns":4},{"damage":4,"enemies":"2 Louse","floor":7,"turns":4},{"damage":26,"enemies":"Lagavulin Event","floor":11,"turns":5},{"damage":0,"enemies":"Large Slime","floor":13,"turns":4},{"damage":0,"enemies":"Exordium Thugs","floor":14,"turns":3},{"damage":12,"enemies":"The Guardian","floor":16,"turns":13},{"damage":2,"enemies":"Spheric Guardian","floor":18,"turns":3},{"damage":23,"enemies":"Shell Parasite","floor":20,"turns":7},{"damage":17,"enemies":"Sentry and Sphere","floor":22,"turns":4},{"damage":58,"enemies":"Gremlin Leader","floor":24,"turns":4}],"seed_played":"-3431191291343763776","potions_obtained":[{"floor":4,"key":"Poison Potion"},{"floor":7,"key":"FearPotion"},{"floor":12,"key":"Swift Potion"},{"floor":18,"key":"EssenceOfSteel"}],"is_trial":false,"path_per_floor":["?","$","?","M","?","?","?","?"],"character_chosen":"DEFECT","items_purchased":["Conserve Battery"],"campfire_rested":1,"item_purchase_floors":[3],"current_hp_per_floor":[64,64,64,71,71,71,71,71,71,71,52,52,59,66,66,61,69,71,71,55,35,25,47,0],"gold":191,"neow_bonus":"THREE_CARDS","is_prod":false,"is_daily":false,"chose_seed":false,"campfire_upgraded":3,"win_rate":0,"timestamp":1548265511,"path_taken":["M","?","?","M","?","R","?","R","T","$","?","?","M","M","R","BOSS","M","?","M","?","M","R","E"],"build_version":"2019-01-22","purchased_purges":1,"victory":false,"max_hp_per_floor":[71,71,71,71,71,71,71,71,71,71,71,71,71,71,71,71,71,71,71,71,76,76,76,76],"card_choices":[{"not_picked":["Turbo","Barrage"],"picked":"Compile Driver","floor":0},{"not_picked":["Rebound","Go for the Eyes"],"picked":"Self Repair","floor":1},{"not_picked":["Coolheaded","Ball Lightning"],"picked":"Tempest","floor":4},{"not_picked":["Self Repair","Sweeping Beam"],"picked":"Recycle","floor":7},{"not_picked":["Steam Power","Darkness"],"picked":"Cold Snap","floor":11},{"not_picked":["Barrage","Redo"],"picked":"Cold Snap","floor":13},{"not_picked":["Stack","Skim"],"picked":"All For One","floor":14},{"not_picked":["All For One","Core Surge"],"picked":"Seek","floor":16},{"not_picked":["Coolheaded","Streamline+1"],"picked":"Chill","floor":18},{"not_picked":["Sweeping Beam","Cold Snap"],"picked":"Ball Lightning","floor":20},{"not_picked":["Redo","Storm"],"picked":"Melter+1","floor":22}],"player_experience":831803,"relics_obtained":[{"floor":9,"key":"Boot"}],"event_choices":[{"cards_removed":["Dualcast"],"damage_healed":0,"gold_gain":0,"player_choice":"Offered Basic","damage_taken":0,"max_hp_gain":0,"max_hp_loss":0,"event_name":"Bonfire Elementals","floor":2,"gold_loss":0},{"damage_healed":0,"gold_gain":0,"player_choice":"1 cards matched","damage_taken":0,"max_hp_gain":0,"max_hp_loss":0,"event_name":"Match and Keep!","floor":5,"gold_loss":0,"cards_obtained":["BootSequence"]},{"damage_healed":0,"gold_gain":0,"player_choice":"Searched \u00272\u0027 times","damage_taken":0,"relics_obtained":["Symbiotic Virus"],"max_hp_gain":0,"max_hp_loss":0,"event_name":"Dead Adventurer","floor":11,"gold_loss":0},{"damage_healed":0,"gold_gain":0,"player_choice":"Got Potions","damage_taken":0,"max_hp_gain":0,"max_hp_loss":0,"event_name":"Lab","floor":12,"gold_loss":0},{"damage_healed":0,"gold_gain":0,"player_choice":"Obtained Relic","damage_taken":0,"relics_obtained":["Ornamental Fan"],"max_hp_gain":0,"max_hp_loss":0,"event_name":"Addict","floor":19,"gold_loss":85},{"damage_healed":0,"gold_gain":0,"player_choice":"Shed Blood","damage_taken":25,"max_hp_gain":5,"max_hp_loss":0,"event_name":"Forgotten Altar","floor":21,"gold_loss":0}],"is_beta":true,"boss_relics":[{"not_picked":["Calling Bell","Runic Dome"],"picked":"Black Star"}],"items_purged_floors":[3],"is_endless":false,"potions_floor_spawned":[4,7,18,20],"killed_by":"Gremlin Leader","ascension_level":16}