{"gold_per_floor":[115,135,5,5,5,5,37,49,49,66,66,82,82,99,99,170,170,187,11,11,22,37,68,68,68],"floor_reached":25,"playtime":960,"items_purged":["Strike_B"],"score":471,"play_id":"122fe3a8-e138-488e-b8f0-8b8b9af00820","local_time":"20190117194931","is_ascension_mode":true,"campfire_choices":[{"data":"Genetic Algorithm","floor":6,"key":"SMITH"},{"data":"Zap","floor":11,"key":"SMITH"},{"data":"Chaos","floor":13,"key":"SMITH"},{"data":"Biased Cognition","floor":15,"key":"SMITH"},{"floor":24,"key":"REST"}],"neow_cost":"NONE","seed_source_timestamp":616937032366100,"circlet_count":0,"master_deck":["AscendersBane","Strike_B","Strike_B","Defend_B","Defend_B","Defend_B","Defend_B","Zap+1","Dualcast","Sweeping Beam","Genetic Algorithm+1","Hello World","Coolheaded","Biased Cognition+1","BootSequence","Chaos+1","Coolheaded","Go for the Eyes","Biased Cognition","Chaos","Panacea","Static Discharge","Capacitor+1","Chill+1"],"relics":["Cracked Core","NeowsBlessing","Mercury Hourglass","The Courier","Philosopher\u0027s Stone","Lantern"],"potions_floor_usage":[16,23],"damage_taken":[{"damage":0,"enemies":"2 Louse","floor":1,"turns":1},{"damage":0,"enemies":"Cultist","floor":2,"turns":1},{"damage":0,"enemies":"Gremlin Nob","floor":7,"turns":1},{"damage":1,"enemies":"Jaw Worm","floor":8,"turns":4},{"damage":3,"enemies":"Exordium Thugs","floor":10,"turns":4},{"damage":0,"enemies":"Red Slaver","floor":12,"turns":4},{"damage":1,"enemies":"Blue Slaver","floor":14,"turns":3},{"damage":23,"enemies":"Hexaghost","floor":16,"turns":8},{"damage":0,"enemies":"Spheric Guardian","floor":18,"turns":3},{"damage":0,"enemies":"2 Thieves","floor":21,"turns":3},{"damage":27,"enemies":"Snecko","floor":22,"turns":6},{"damage":7,"enemies":"Gremlin Leader","floor":23,"turns":9},{"damage":42,"enemies":"Slavers","floor":25,"turns":3}],"seed_played":"-6160380455244525961","potions_obtained":[{"floor":2,"key":"PowerPotion"},{"floor":12,"key":"Fire Potion"},{"floor":21,"key":"Strength Potion"},{"floor":23,"key":"Poison Potion"}],"is_trial":false,"path_per_floor":["M","M","$","?","$","R","E","M","T","M","R","M","R","M","R","B",null,"M","$","?","M","M","E","R","E"],"character_chosen":"DEFECT","items_purchased":["Hello World","Coolheaded","Panacea","Static Discharge"],"campfire_rested":1,"item_purchase_floors":[3,3,19,19],"current_hp_per_floor":[64,64,64,64,64,64,64,63,63,60,60,60,60,59,59,36,62,62,62,55,55,28,21,42,0],"gold":68,"neow_bonus":"THREE_ENEMY_KILL","is_prod":false,"is_daily":false,"chose_seed":false,"campfire_upgraded":4,"win_rate":0,"timestamp":1547783371,"path_taken":["M","M","$","?","?","R","E","M","T","M","R","M","R","M","R","BOSS","M","?","?","M","?","E","R","E"],"build_version":"2019-01-17","purchased_purges":1,"victory":false,"max_hp_per_floor":[71,71,71,71,71,71,71,71,71,71,71,71,71,71,71,71,71,71,71,71,71,71,71,71,71],"card_choices":[{"not_picked":["Leap","Rip and Tear"],"picked":"Sweeping Beam","floor":1},{"not_picked":["Steam","Recycle"],"picked":"Genetic Algorithm","floor":2},{"not_picked":["Turbo","Rip and Tear"],"picked":"Biased Cognition","floor":7},{"not_picked":["Coolheaded","Self Repair"],"picked":"BootSequence","floor":8},{"not_picked":["Coolheaded","Turbo"],"picked":"Chaos","floor":10},{"not_picked":["Sweeping Beam","Skim"],"picked":"Coolheaded","floor":12},{"not_picked":["Gash","Melter"],"picked":"Go for the Eyes","floor":14},{"not_picked":["Buffer","Thunder Strike"],"picked":"Biased Cognition","floor":16},{"not_picked":["Leap","Cold Snap"],"picked":"Chaos","floor":18},{"not_picked":["Rebound+1","Chill+1"],"picked":"Capacitor+1","floor":21},{"not_picked":["Streamline","Scrape+1"],"picked":"Chill+1","floor":22},{"not_picked":["Barrage+1","Gash+1","Redo"],"picked":"SKIP","floor":23}],"player_experience":520072,"relics_obtained":[{"floor":7,"key":"Mercury Hourglass"},{"floor":9,"key":"The Courier"},{"floor":23,"key":"Lantern"}],"event_choices":[{"cards_removed":["Strike_B"],"damage_healed":0,"gold_gain":0,"player_choice":"Offered Basic","damage_taken":0,"max_hp_gain":0,"max_hp_loss":0,"event_name":"Bonfire Elementals","floor":4,"gold_loss":0},{"damage_healed":0,"gold_gain":0,"player_choice":"","damage_taken":7,"max_hp_gain":0,"max_hp_loss":0,"event_name":"Knowing Skull","floor":20,"potions_obtained":[],"gold_loss":0,"cards_obtained":[]}],"is_beta":false,"boss_relics":[{"not_picked":["Empty Cage","Cursed Key"],"picked":"Philosopher\u0027s Stone"}],"items_purged_floors":[19],"is_endless":false,"potions_floor_spawned":[2,12,14,21,23],"killed_by":"Slavers","ascension_level":18}