{"gold_per_floor":[112,112,112,37,113,113,142,142,142,168,68,86,106,131,131,228,228,228],"floor_reached":18,"playtime":549,"items_purged":["Strike_R","Strike_R"],"score":174,"play_id":"4895a91b-1685-4366-b5d7-008cc49bc9fc","local_time":"20190125181950","is_ascension_mode":true,"campfire_choices":[{"data":"Bash","floor":6,"key":"SMITH"},{"floor":8,"key":"REST"},{"floor":15,"key":"REST"}],"neow_cost":"NONE","seed_source_timestamp":1436450249436204,"circlet_count":0,"master_deck":["Strike_R","Strike_R","Strike_R","Defend_R+1","Defend_R+1","Bash+1","Exhume+1","Havoc+1","Havoc+1","Dark Embrace"],"relics":["Burning Blood","Toxic Egg 2","Pen Nib","Shuriken","Kunai","Odd Mushroom","Empty Cage"],"potions_floor_usage":[],"damage_taken":[{"damage":13,"enemies":"Jaw Worm","floor":1,"turns":3},{"damage":38,"enemies":"Lagavulin","floor":7,"turns":9},{"damage":28,"enemies":"Gremlin Nob","floor":10,"turns":5},{"damage":0,"enemies":"2 Louse","floor":12,"turns":2},{"damage":0,"enemies":"Small Slimes","floor":13,"turns":3},{"damage":13,"enemies":"The Mushroom Lair","floor":14,"turns":4},{"damage":51,"enemies":"Slime Boss","floor":16,"turns":14},{"damage":0,"enemies":"3 Byrds","floor":18,"turns":1}],"seed_played":"6506309445072124143","potions_obtained":[{"floor":0,"key":"FairyPotion"},{"floor":0,"key":"SmokeBomb"},{"floor":0,"key":"SteroidPotion"}],"is_trial":false,"path_per_floor":["M","?","?","$","T","R","E","R","T","E","$","M","M","?","R","B",null,"M"],"character_chosen":"IRONCLAD","items_purchased":[],"campfire_rested":2,"item_purchase_floors":[],"current_hp_per_floor":[73,78,61,61,61,61,29,54,54,32,32,38,44,37,62,17,85,85],"gold":228,"neow_bonus":"THREE_SMALL_POTIONS","is_prod":false,"is_daily":false,"chose_seed":false,"campfire_upgraded":1,"win_rate":0,"timestamp":1548458390,"path_taken":["M","?","?","$","?","R","E","R","T","E","$","M","M","?","R","BOSS","M"],"build_version":"2019-01-23","purchased_purges":2,"victory":false,"max_hp_per_floor":[80,85,85,85,85,85,85,85,85,85,85,85,85,85,85,85,85,85],"card_choices":[{"not_picked":["Body Slam","Whirlwind","Clothesline"],"picked":"SKIP","floor":1},{"not_picked":["Rage+1","Infernal Blade+1"],"picked":"Exhume+1","floor":7},{"not_picked":["Wild Strike","Carnage"],"picked":"Havoc+1","floor":10},{"not_picked":["Rage+1","Seeing Red+1"],"picked":"Havoc+1","floor":12},{"not_picked":["Anger","Thunderclap","Body Slam"],"picked":"SKIP","floor":13},{"not_picked":["Brutality","Juggernaut"],"picked":"Dark Embrace","floor":16}],"player_experience":511745,"relics_obtained":[{"floor":5,"key":"Toxic Egg 2"},{"floor":7,"key":"Pen Nib"},{"floor":9,"key":"Shuriken"},{"floor":10,"key":"Kunai"},{"floor":14,"key":"Odd Mushroom"}],"event_choices":[{"damage_healed":0,"gold_gain":0,"player_choice":"Donut","damage_taken":0,"max_hp_gain":5,"max_hp_loss":0,"event_name":"Big Fish","floor":2,"gold_loss":0},{"damage_healed":0,"gold_gain":0,"player_choice":"Entered Light","damage_taken":17,"max_hp_gain":0,"max_hp_loss":0,"event_name":"Shining Light","floor":3,"gold_loss":0,"cards_upgraded":["Defend_R","Defend_R"]},{"damage_healed":0,"gold_gain":0,"player_choice":"Fought Mushrooms","damage_taken":0,"max_hp_gain":0,"max_hp_loss":0,"event_name":"Mushrooms","floor":14,"gold_loss":0}],"is_beta":true,"boss_relics":[{"not_picked":["Philosopher\u0027s Stone","Tiny House"],"picked":"Empty Cage"}],"items_purged_floors":[4,11],"is_endless":false,"potions_floor_spawned":[7,10,13,16],"killed_by":"3 Byrds","ascension_level":1}