{"gold_per_floor":[115,127,127,147,97,123,123,151,151,165,165,181,196,121,121,220,220,231,62,81,97,115,115,146,146,223,243,158,158,158,176,176,279,279,295,295,40,50,67,67,98,98,98,115,115,166,243,243,243,243],"floor_reached":50,"playtime":2661,"items_purged":["Defend_G","Strike_G","Strike_G"],"score":664,"play_id":"7f08efdd-eba7-42dd-9905-322e2f353232","local_time":"20190305222029","is_ascension_mode":true,"campfire_choices":[{"floor":7.0,"key":"REST"},{"data":"Bouncing Flask","floor":11.0,"key":"SMITH"},{"data":"Catalyst","floor":15.0,"key":"SMITH"},{"data":"Burst","floor":23.0,"key":"SMITH"},{"data":"Well Laid Plans","floor":25.0,"key":"SMITH"},{"data":"Catalyst","floor":30.0,"key":"SMITH"},{"data":"Deadly Poison","floor":32.0,"key":"SMITH"},{"data":"Outmaneuver","floor":40,"key":"SMITH"},{"floor":42,"key":"REST"},{"floor":49,"key":"RECALL"}],"neow_cost":"NONE","seed_source_timestamp":0,"circlet_count":0,"master_deck":["Defend_G","Defend_G","Defend_G","Defend_G","Strike_G","Survivor","Neutralize+1","Bouncing Flask+1","Leg Sweep","Finisher+1","Deadly Poison+1","Catalyst+1","Outmaneuver+1","Burst+1","Well Laid Plans+1","Backstab","Catalyst+1","Grand Finale","Backflip+1","Catalyst+1","Well Laid Plans","Calculated Gamble","Clumsy"],"special_seed":0,"relics":["Ring of the Snake","NeowsBlessing","Bronze Scales","Mercury Hourglass","Whetstone","Runic Dome","Smiling Mask","Potion Belt","Bag of Marbles","Cursed Key","Dream Catcher","Toolbox","PreservedInsect","Boot","Tough Bandages","Singing Bowl"],"potions_floor_usage":[46],"damage_taken":[{"damage":0.0,"enemies":"2 Louse","floor":1.0,"turns":1.0},{"damage":0.0,"enemies":"Cultist","floor":2.0,"turns":1.0},{"damage":0.0,"enemies":"Small Slimes","floor":4.0,"turns":1.0},{"damage":53.0,"enemies":"Gremlin Nob","floor":6.0,"turns":6.0},{"damage":8.0,"enemies":"Lagavulin","floor":8.0,"turns":8.0},{"damage":0.0,"enemies":"Looter","floor":10.0,"turns":3.0},{"damage":14.0,"enemies":"Lots of Slimes","floor":12.0,"turns":2.0},{"damage":1.0,"enemies":"Blue Slaver","floor":13.0,"turns":2.0},{"damage":1.0,"enemies":"The Guardian","floor":16.0,"turns":5.0},{"damage":14.0,"enemies":"2 Thieves","floor":18.0,"turns":4.0},{"damage":0.0,"enemies":"Spheric Guardian","floor":20.0,"turns":2.0},{"damage":0.0,"enemies":"Chosen and Byrds","floor":21.0,"turns":3.0},{"damage":7.0,"enemies":"Snake Plant","floor":22.0,"turns":2.0},{"damage":10.0,"enemies":"Gremlin Leader","floor":24.0,"turns":3.0},{"damage":16.0,"enemies":"Centurion and Healer","floor":27.0,"turns":5.0},{"damage":0.0,"enemies":"Snecko","floor":31.0,"turns":4.0},{"damage":0.0,"enemies":"Collector","floor":33.0,"turns":2.0},{"damage":31.0,"enemies":"3 Darklings","floor":35.0,"turns":5.0},{"damage":0.0,"enemies":"Orb Walker","floor":38.0,"turns":1.0},{"damage":0,"enemies":"Sphere and 2 Shapes","floor":39,"turns":3},{"damage":11,"enemies":"Nemesis","floor":41,"turns":5},{"damage":0,"enemies":"Maw","floor":44,"turns":2},{"damage":34,"enemies":"2 Orb Walkers","floor":46,"turns":3},{"damage":16,"enemies":"Awakened One","floor":50,"turns":2}],"seed_played":"1804379521080084158","potions_obtained":[{"floor":1.0,"key":"SteroidPotion"},{"floor":6.0,"key":"Swift Potion"},{"floor":8.0,"key":"SpeedPotion"},{"floor":10.0,"key":"AttackPotion"},{"floor":22.0,"key":"Fire Potion"},{"floor":31.0,"key":"Explosive Potion"},{"floor":33.0,"key":"GhostInAJar"},{"floor":35.0,"key":"SpeedPotion"},{"floor":41,"key":"EssenceOfSteel"}],"is_trial":false,"path_per_floor":["M","M","?","M","?","E","R","E","T","M","R","M","M","$","R","B",null,"M","$","M","M","M","R","E","R","T","M","?","?","R","M","R","B",null,"M","?","$","M","M","R","E","R","T","M","?","?","T","?","R","B"],"character_chosen":"THE_SILENT","items_purchased":["Well Laid Plans","Toolbox"],"campfire_rested":2,"item_purchase_floors":[19,37],"current_hp_per_floor":[70,70,70,70,70,17,38,30,30,30,30,16,15,15,15,14,70,56,56,56,56,49,49,39,39,39,23,23,23,23,23,23,23,70,39,39,39,39,39,39,28,49,49,49,49,15,15,15,15,0],"gold":243,"neow_bonus":"THREE_ENEMY_KILL","is_prod":false,"is_daily":false,"chose_seed":false,"campfire_upgraded":7,"win_rate":0,"timestamp":1551853229,"path_taken":["M","M","?","?","?","E","R","E","T","M","R","M","M","$","R","BOSS","M","$","M","M","M","R","E","R","T","M","?","?","R","M","R","BOSS","M","?","$","M","M","R","E","R","T","?","?","?","?","?","R","BOSS"],"build_version":"2019-01-23","purchased_purges":3,"victory":false,"max_hp_per_floor":[70,70,70,70,70,70,70,70,70,70,70,70,70,70,70,70,70,70,70,70,70,70,70,70,70,70,70,70,70,70,70,70,70,70,70,70,70,70,70,70,70,70,70,70,66,66,66,66,66,66],"card_choices":[{"not_picked":["Backflip","Bane"],"picked":"Bouncing Flask","floor":1.0},{"not_picked":["Bane","Wraith Form v2"],"picked":"Leg Sweep","floor":2.0},{"not_picked":["Slice","Dodge and Roll","Deflect"],"picked":"SKIP","floor":4.0},{"not_picked":["Dodge and Roll","Quick Slash"],"picked":"Deadly Poison","floor":6.0},{"not_picked":["Leg Sweep","Slice","Blade Dance"],"picked":"SKIP","floor":8.0},{"not_picked":["Underhanded Strike","Bane","Unload"],"picked":"SKIP","floor":10.0},{"not_picked":["Underhanded Strike","Quick Slash"],"picked":"Catalyst","floor":12.0},{"not_picked":["Skewer","Poisoned Stab"],"picked":"Outmaneuver","floor":13.0},{"not_picked":["Grand Finale","Doppelganger"],"picked":"Burst","floor":16.0},{"not_picked":["Bouncing Flask","Dagger Throw","Underhanded Strike"],"picked":"SKIP","floor":18.0},{"not_picked":["Cloak And Dagger","Prepared"],"picked":"Backstab","floor":20.0},{"not_picked":["Dagger Throw","Caltrops"],"picked":"Catalyst","floor":21.0},{"not_picked":["Flying Knee","Deflect","Dagger Spray"],"picked":"SKIP","floor":22.0},{"not_picked":["Deflect","Tactician","Reflex"],"picked":"SKIP","floor":24.0},{"not_picked":["All Out Attack","Dodge and Roll","Quick Slash"],"picked":"SKIP","floor":27.0},{"not_picked":["Slice","Leg Sweep","Endless Agony"],"picked":"SKIP","floor":31.0},{"not_picked":["Phantasmal Killer","Malaise"],"picked":"Grand Finale","floor":33.0},{"not_picked":["Sucker Punch","Poisoned Stab"],"picked":"Backflip+1","floor":35.0},{"not_picked":["PiercingWail","Bullet Time","Acrobatics"],"picked":"SKIP","floor":38.0},{"not_picked":["Underhanded Strike","Bane"],"picked":"Catalyst+1","floor":39},{"not_picked":["PiercingWail+1","Riddle With Holes"],"picked":"Well Laid Plans","floor":41},{"not_picked":["Choke","Prepared"],"picked":"Calculated Gamble","floor":42},{"not_picked":["A Thousand Cuts","Quick Slash","Dodge and Roll+1"],"picked":"SKIP","floor":44}],"player_experience":208876,"relics_obtained":[{"floor":6.0,"key":"Bronze Scales"},{"floor":8.0,"key":"Mercury Hourglass"},{"floor":9.0,"key":"Whetstone"},{"floor":24.0,"key":"Smiling Mask"},{"floor":41,"key":"PreservedInsect"},{"floor":43,"key":"Boot"},{"floor":46,"key":"Tough Bandages"},{"floor":47,"key":"Singing Bowl"}],"event_choices":[{"damage_healed":0.0,"max_hp_gain":0.0,"max_hp_loss":0.0,"gold_gain":0.0,"cards_transformed":["Strike_G"],"event_name":"Transmorgrifier","player_choice":"Transformed","floor":3.0,"gold_loss":0.0,"damage_taken":0.0,"cards_obtained":["Finisher"]},{"cards_removed":["Strike_G"],"damage_healed":0.0,"max_hp_gain":0.0,"max_hp_loss":0.0,"gold_gain":0.0,"event_name":"The Cleric","player_choice":"Card Removal","floor":5.0,"gold_loss":50.0,"damage_taken":0.0},{"damage_healed":0.0,"max_hp_gain":0.0,"max_hp_loss":0.0,"gold_gain":0.0,"event_name":"Addict","player_choice":"Obtained Relic","floor":28.0,"gold_loss":85.0,"damage_taken":0.0,"relics_obtained":["Potion Belt"]},{"damage_healed":0.0,"max_hp_gain":0.0,"max_hp_loss":0.0,"gold_gain":0.0,"event_name":"The Mausoleum","player_choice":"Opened","floor":29.0,"gold_loss":0.0,"damage_taken":0.0,"relics_obtained":["Bag of Marbles"]},{"damage_healed":0.0,"max_hp_gain":0.0,"max_hp_loss":0.0,"gold_gain":0.0,"event_name":"WeMeetAgain","player_choice":"Gave Potion","floor":36.0,"gold_loss":0.0,"damage_taken":0.0,"relics_obtained":["Dream Catcher"]},{"damage_healed":0,"gold_gain":0,"player_choice":"Max HP","damage_taken":0,"max_hp_gain":0,"max_hp_loss":4,"event_name":"Winding Halls","floor":45,"gold_loss":0},{"damage_healed":0,"gold_gain":0,"player_choice":"Fight","damage_taken":0,"max_hp_gain":0,"max_hp_loss":0,"event_name":"Mysterious Sphere","floor":46,"gold_loss":0},{"cards_removed":["Writhe"],"damage_healed":0,"gold_gain":0,"player_choice":"Purged","damage_taken":0,"max_hp_gain":0,"max_hp_loss":0,"event_name":"Purifier","floor":48,"gold_loss":0}],"is_beta":false,"boss_relics":[{"not_picked":["White Beast Statue","Lizard Tail"],"picked":"Runic Dome"},{"not_picked":["Sozu","Empty Cage"],"picked":"Cursed Key"}],"items_purged_floors":[14,19,37],"is_endless":false,"potions_floor_spawned":[1,6,8,10,22,31,33,35,41,44],"killed_by":"Awakened One","ascension_level":3}