{"gold_per_floor":[117,192,192,212,212,239,239,257,287,303,303,332,332,352,352,352],"floor_reached":16,"playtime":517,"items_purged":[],"score":198,"play_id":"233d833a-df38-4181-bb00-517bc7d53ad4","local_time":"20181220215205","is_ascension_mode":true,"campfire_choices":[{"floor":7,"key":"REST"},{"data":"Juggernaut","floor":11,"key":"SMITH"},{"data":"True Grit","floor":13,"key":"SMITH"},{"data":"Evolve","floor":15,"key":"SMITH"}],"neow_cost":"NONE","seed_source_timestamp":616118668529197,"circlet_count":0,"master_deck":["AscendersBane","Strike_R","Strike_R","Strike_R","Strike_R","Defend_R","Defend_R","Defend_R","Defend_R","Bash","Reaper","Twin Strike","Evolve+1","Second Wind","Juggernaut+1","True Grit+1","Pummel"],"relics":["Burning Blood","Singing Bowl","Tiny Chest","Anchor"],"potions_floor_usage":[6,16,16],"damage_taken":[{"damage":3,"enemies":"Jaw Worm","floor":1,"turns":5},{"damage":17,"enemies":"2 Louse","floor":4,"turns":3},{"damage":68,"enemies":"Lagavulin","floor":6,"turns":8},{"damage":10,"enemies":"Cultist","floor":8,"turns":5},{"damage":17,"enemies":"Blue Slaver","floor":10,"turns":5},{"damage":20,"enemies":"3 Sentries","floor":12,"turns":8},{"damage":9,"enemies":"Looter","floor":14,"turns":4},{"damage":28,"enemies":"Slime Boss","floor":16,"turns":8}],"seed_played":"-7442962556064570251","potions_obtained":[{"floor":4,"key":"Regen Potion"},{"floor":6,"key":"SteroidPotion"},{"floor":8,"key":"Swift Potion"},{"floor":14,"key":"Block Potion"}],"is_trial":false,"path_per_floor":["M","?","?","M","?","E","R","M","T","M","R","E","R","M","R","B"],"character_chosen":"IRONCLAD","items_purchased":[],"campfire_rested":1,"item_purchase_floors":[],"current_hp_per_floor":[71,60,60,57,57,15,37,37,37,32,32,30,30,31,31,3],"gold":352,"neow_bonus":"ONE_RANDOM_RARE_CARD","is_prod":false,"is_daily":false,"chose_seed":false,"campfire_upgraded":3,"win_rate":0,"timestamp":1545310325,"path_taken":["M","?","?","M","?","E","R","M","T","?","R","E","R","M","R","BOSS"],"build_version":"2018-12-13","purchased_purges":0,"victory":false,"max_hp_per_floor":[75,75,75,75,75,75,75,75,75,75,75,75,75,75,75,75],"card_choices":[{"not_picked":["Warcry","Disarm"],"picked":"Twin Strike","floor":1},{"not_picked":["Cleave","Warcry","Burning Pact"],"picked":"SKIP","floor":4},{"not_picked":["Armaments","Headbutt"],"picked":"Evolve","floor":6},{"not_picked":["Iron Wave","Metallicize"],"picked":"Second Wind","floor":8},{"not_picked":["Warcry","Reckless Charge"],"picked":"Juggernaut","floor":10},{"not_picked":["Second Wind","Rampage"],"picked":"True Grit","floor":12},{"not_picked":["Sword Boomerang","Disarm"],"picked":"Pummel","floor":14}],"player_experience":751813,"relics_obtained":[{"floor":6,"key":"Singing Bowl"},{"floor":9,"key":"Tiny Chest"},{"floor":12,"key":"Anchor"}],"event_choices":[{"damage_healed":0,"gold_gain":75,"player_choice":"Gather Gold","damage_taken":11,"max_hp_gain":0,"max_hp_loss":0,"event_name":"World of Goop","floor":2,"gold_loss":0},{"damage_healed":0,"gold_gain":0,"player_choice":"Ignored","damage_taken":0,"max_hp_gain":0,"max_hp_loss":0,"event_name":"Golden Idol","floor":3,"gold_loss":0},{"cards_removed":["Strike_R"],"damage_healed":0,"gold_gain":0,"player_choice":"Purged","damage_taken":0,"max_hp_gain":0,"max_hp_loss":0,"event_name":"Purifier","floor":5,"gold_loss":0}],"is_beta":false,"boss_relics":[],"items_purged_floors":[],"is_endless":false,"potions_floor_spawned":[4,6,8,14],"killed_by":"Slime Boss","ascension_level":16}