{"gold_per_floor":[19,19,19,19,34,34,47,47,47,58,71,88,104,129,129,232,232,249,174,174,37,37,62,62,76,76,76,111,111,126,73,73,174,174,189,189,189,41,41,41,41],"floor_reached":41,"playtime":2152,"items_purged":[],"score":717,"play_id":"f7c5253a-5202-4c76-8cb2-beb8f080bef5","local_time":"20181019022309","is_ascension_mode":true,"campfire_choices":[{"data":"Zap","floor":6,"key":"SMITH"},{"data":"Sweeping Beam","floor":8,"key":"SMITH"},{"data":"Hologram","floor":15,"key":"SMITH"},{"data":"Creative AI","floor":24,"key":"SMITH"},{"data":"Thunder Strike","floor":27,"key":"SMITH"},{"data":"Echo Form","floor":32,"key":"SMITH"},{"data":"Madness","floor":40,"key":"SMITH"}],"neow_cost":"NO_GOLD","seed_source_timestamp":370180775685848,"circlet_count":0,"master_deck":["Zap+1","Dualcast","Deep Breath","Trip+1","White Noise","Sweeping Beam+1","Leap","Chill","Ball Lightning","BootSequence","Hologram+1","Thunder Strike+1","Creative AI+1","Turbo","Compile Driver","Steam","Hello World","Chaos","Ball Lightning+1","Echo Form+1","Reinforced Body","Turbo+1","Gash","Lockon","Conserve Battery","Barrage+1","Madness","Madness+1"],"relics":["Cracked Core","Meat on the Bone","Lantern","Pandora\u0027s Box","FaceOfCleric","Bag of Preparation","Oddly Smooth Stone","Peace Pipe","Eternal Feather","PreservedInsect"],"potions_floor_usage":[12,14,33],"damage_taken":[{"damage":0,"enemies":"Small Slimes","floor":1,"turns":2},{"damage":1,"enemies":"Cultist","floor":5,"turns":3},{"damage":7,"enemies":"Jaw Worm","floor":7,"turns":2},{"damage":13,"enemies":"Lots of Slimes","floor":10,"turns":3},{"damage":0,"enemies":"3 Louse","floor":11,"turns":2},{"damage":0,"enemies":"Large Slime","floor":12,"turns":4},{"damage":0,"enemies":"Exordium Wildlife","floor":13,"turns":2},{"damage":40,"enemies":"Gremlin Nob","floor":14,"turns":4},{"damage":0,"enemies":"Slime Boss","floor":16,"turns":6},{"damage":0,"enemies":"3 Byrds","floor":18,"turns":4},{"damage":9,"enemies":"Book of Stabbing","floor":23,"turns":4},{"damage":2,"enemies":"Chosen","floor":25,"turns":3},{"damage":29,"enemies":"Slavers","floor":28,"turns":5},{"damage":22,"enemies":"Snake Plant","floor":30,"turns":3},{"damage":10,"enemies":"Automaton","floor":33,"turns":8},{"damage":5,"enemies":"3 Shapes","floor":35,"turns":5},{"damage":100,"enemies":"Reptomancer","floor":41,"turns":3}],"seed_played":"-4915023711090385506","potions_obtained":[{"floor":5,"key":"Regen Potion"},{"floor":7,"key":"Strength Potion"},{"floor":11,"key":"SpeedPotion"},{"floor":13,"key":"Poison Potion"},{"floor":25,"key":"GamblersBrew"},{"floor":30,"key":"FocusPotion"}],"is_trial":false,"path_per_floor":["M","?","?","?","M","R","M","R","T","M","M","M","M","E","R","B",null,"M","?","?","$","?","E","R","M","T","R","E","?","M","$","R","B",null,"M","?","?","$","?","R"],"character_chosen":"DEFECT","items_purchased":["Echo Form","Conserve Battery","PreservedInsect"],"campfire_rested":0,"item_purchase_floors":[21,31,38],"current_hp_per_floor":[68,68,68,68,67,67,60,60,60,47,47,47,47,28,28,40,66,66,66,66,66,66,58,58,57,57,57,41,67,46,46,46,49,72,68,81,91,91,80,91,0],"gold":41,"neow_bonus":"RANDOM_COLORLESS_2","is_prod":false,"is_daily":false,"chose_seed":false,"campfire_upgraded":7,"win_rate":0,"timestamp":1539940989,"path_taken":["M","?","?","?","M","R","M","R","T","?","M","M","M","E","R","BOSS","M","?","?","$","?","E","R","M","T","R","E","?","?","?","R","BOSS","M","?","?","$","?","R","E"],"build_version":"2018-10-18","purchased_purges":0,"victory":false,"max_hp_per_floor":[75,75,75,75,75,75,75,75,75,75,75,75,75,75,75,75,75,75,75,75,75,75,76,76,77,77,77,78,78,79,79,79,80,80,81,81,91,91,91,91,91],"card_choices":[{"not_picked":["Steam","Aggregate"],"picked":"White Noise","floor":1},{"not_picked":["Genetic Algorithm","Steam Power"],"picked":"Sweeping Beam","floor":5},{"not_picked":["Reprogram","Streamline"],"picked":"Leap","floor":7},{"not_picked":["Barrage","Stack"],"picked":"Chill","floor":10},{"not_picked":["Coolheaded","Loop"],"picked":"Ball Lightning","floor":11},{"not_picked":["Cold Snap","Steam"],"picked":"BootSequence","floor":12},{"not_picked":["Multi-Cast","Sweeping Beam"],"picked":"Hologram","floor":13},{"not_picked":["Redo","Steam"],"picked":"Thunder Strike","floor":14},{"not_picked":["All For One","Core Surge"],"picked":"Creative AI","floor":16},{"not_picked":["Cold Snap","Rebound"],"picked":"Ball Lightning+1","floor":18},{"not_picked":["Stack","Sunder"],"picked":"Reinforced Body","floor":23},{"not_picked":["Leap+1","Sweeping Beam"],"picked":"Turbo+1","floor":25},{"not_picked":["Streamline","Meteor Strike"],"picked":"Gash","floor":28},{"not_picked":["Undo+1","Turbo"],"picked":"Lockon","floor":30},{"not_picked":["Meteor Strike","Reboot"],"picked":"Echo Form","floor":33},{"not_picked":["Redo","Reprogram"],"picked":"Barrage+1","floor":35}],"player_experience":298970,"relics_obtained":[{"floor":9,"key":"Meat on the Bone"},{"floor":14,"key":"Lantern"},{"floor":23,"key":"Bag of Preparation"},{"floor":26,"key":"Oddly Smooth Stone"},{"floor":28,"key":"Peace Pipe"}],"event_choices":[{"cards_removed":["Strike_B"],"damage_healed":0,"gold_gain":0,"player_choice":"Purged","damage_taken":0,"max_hp_gain":0,"max_hp_loss":0,"event_name":"Purifier","floor":2,"gold_loss":0},{"damage_healed":0,"gold_gain":0,"player_choice":"Forge","damage_taken":0,"max_hp_gain":0,"max_hp_loss":0,"event_name":"Accursed Blacksmith","floor":3,"gold_loss":0,"cards_upgraded":["Trip"]},{"damage_healed":0,"gold_gain":0,"player_choice":"Leave","damage_taken":0,"max_hp_gain":0,"max_hp_loss":0,"event_name":"The Cleric","floor":4,"gold_loss":0},{"cards_removed":["Undo"],"damage_healed":0,"gold_gain":0,"player_choice":"Gave Gold","damage_taken":0,"max_hp_gain":0,"max_hp_loss":0,"event_name":"Beggar","floor":19,"gold_loss":75},{"cards_removed":["Compile Driver"],"damage_healed":0,"gold_gain":0,"player_choice":"Elegance","damage_taken":0,"max_hp_gain":0,"max_hp_loss":0,"event_name":"Back to Basics","floor":20,"gold_loss":0},{"damage_healed":0,"gold_gain":0,"player_choice":"Trade","damage_taken":0,"relics_obtained":["FaceOfCleric"],"max_hp_gain":0,"max_hp_loss":0,"event_name":"FaceTrader","floor":22,"gold_loss":0},{"damage_healed":26,"gold_gain":0,"player_choice":"Heal","damage_taken":0,"max_hp_gain":0,"max_hp_loss":0,"event_name":"The Library","floor":29,"gold_loss":0},{"damage_healed":13,"gold_gain":0,"player_choice":"Full Heal","damage_taken":0,"max_hp_gain":0,"max_hp_loss":0,"event_name":"Wheel of Change","floor":36,"gold_loss":0},{"cards_removed":["Echo Form"],"damage_healed":0,"gold_gain":0,"player_choice":"Offered Rare","damage_taken":0,"max_hp_gain":10,"max_hp_loss":0,"event_name":"Bonfire Elementals","floor":37,"gold_loss":0},{"damage_healed":0,"gold_gain":0,"player_choice":"Embrace Madness","damage_taken":11,"max_hp_gain":0,"max_hp_loss":0,"event_name":"Winding Halls","floor":39,"gold_loss":0,"cards_obtained":["Madness","Madness"]}],"is_beta":false,"boss_relics":[{"not_picked":["White Beast Statue","Empty Cage"],"picked":"Pandora\u0027s Box"},{"not_picked":["Tiny House","Coffee Dripper"],"picked":"Eternal Feather"}],"items_purged_floors":[],"is_endless":false,"potions_floor_spawned":[5,7,11,13,25,30],"killed_by":"Reptomancer","ascension_level":9}