{"gold_per_floor":[109,59,59,73,84,84,118,118,118,89,89,108,125,137,137,137],"floor_reached":16,"playtime":782,"items_purged":[],"score":127,"play_id":"8a0dd372-206a-4bcc-bbfc-96bb58469ede","local_time":"20190306172701","is_ascension_mode":false,"campfire_choices":[{"data":"Footwork","floor":6,"key":"SMITH"},{"data":"Neutralize","floor":8,"key":"SMITH"},{"data":"Deflect","floor":11,"key":"SMITH"},{"data":"Predator","floor":15,"key":"SMITH"}],"neow_cost":"NONE","seed_source_timestamp":22540612801051,"circlet_count":0,"master_deck":["Defend_G","Defend_G","Defend_G","Defend_G","Defend_G","Strike_G","Strike_G","Strike_G","Strike_G","Survivor","Neutralize+1","Footwork+1","Deflect+1","Burst","Crippling Poison","Predator+1"],"relics":["Ring of the Snake","Boot","Paper Crane","Blood Vial"],"potions_floor_usage":[7,7,7,16,16],"damage_taken":[{"damage":0,"enemies":"Jaw Worm","floor":1,"turns":5},{"damage":0,"enemies":"Small Slimes","floor":4,"turns":5},{"damage":0,"enemies":"Cultist","floor":5,"turns":5},{"damage":0,"enemies":"Gremlin Nob","floor":7,"turns":3},{"damage":0,"enemies":"Large Slime","floor":12,"turns":12},{"damage":0,"enemies":"Blue Slaver","floor":13,"turns":6},{"damage":6,"enemies":"Looter","floor":14,"turns":4},{"damage":66,"enemies":"Slime Boss","floor":16,"turns":14}],"seed_played":"-1330750824030816386","potions_obtained":[{"floor":1,"key":"SteroidPotion"},{"floor":3,"key":"AttackPotion"},{"floor":3,"key":"SteroidPotion"},{"floor":3,"key":"Poison Potion"},{"floor":7,"key":"FearPotion"},{"floor":12,"key":"FearPotion"}],"is_trial":false,"path_per_floor":["M","?","?","M","M","R","E","R","T","?","R","M","M","M","R","B"],"character_chosen":"THE_SILENT","items_purchased":[],"campfire_rested":0,"item_purchase_floors":[],"current_hp_per_floor":[70,70,70,70,70,70,70,70,70,70,70,70,70,64,64,0],"gold":137,"neow_bonus":"RANDOM_COMMON_RELIC","is_prod":false,"is_daily":false,"chose_seed":false,"campfire_upgraded":4,"win_rate":0,"timestamp":1551922021,"path_taken":["M","?","?","M","?","R","E","R","T","?","R","M","M","M","R","BOSS"],"build_version":"2019-01-23","purchased_purges":0,"victory":false,"max_hp_per_floor":[70,70,70,70,70,70,70,70,70,70,70,70,70,70,70,70],"card_choices":[{"not_picked":["Flechettes","Endless Agony"],"picked":"Footwork","floor":1},{"not_picked":["Dagger Throw","Sucker Punch"],"picked":"Deflect","floor":4},{"not_picked":["Flying Knee","Dodge and Roll","Distraction"],"picked":"SKIP","floor":5},{"not_picked":["PiercingWail","Deflect","Slice"],"picked":"SKIP","floor":7},{"not_picked":["PiercingWail","Deadly Poison"],"picked":"Burst","floor":12},{"not_picked":["Slice","Terror"],"picked":"Crippling Poison","floor":13},{"not_picked":["Outmaneuver","Cloak And Dagger"],"picked":"Predator","floor":14}],"player_experience":312918,"relics_obtained":[{"floor":7,"key":"Paper Crane"},{"floor":9,"key":"Blood Vial"}],"event_choices":[{"cards_removed":["Strike_G"],"damage_healed":0,"gold_gain":0,"player_choice":"Card Removal","damage_taken":0,"max_hp_gain":0,"max_hp_loss":0,"event_name":"The Cleric","floor":2,"gold_loss":50},{"damage_healed":0,"gold_gain":0,"player_choice":"Got Potions","damage_taken":0,"max_hp_gain":0,"max_hp_loss":0,"event_name":"Lab","floor":3,"gold_loss":0},{"damage_healed":0,"gold_gain":0,"player_choice":"Left Gold","damage_taken":0,"max_hp_gain":0,"max_hp_loss":0,"event_name":"World of Goop","floor":10,"gold_loss":29}],"is_beta":false,"boss_relics":[],"items_purged_floors":[],"is_endless":false,"potions_floor_spawned":[1,7,12],"killed_by":"Slime Boss","ascension_level":0}