{"gold_per_floor":[110,110,110,123,27,27,56,67,67,85,85,100,125,125,125,249,249,269,12,25,45,69,108,133,58,58,79,79,102,102,133,133,253,253,271,287,620,580,15,15,15,15,15,25,37,0,100,115,115,115],"floor_reached":51,"playtime":2195,"items_purged":[],"score":789,"play_id":"cbae00b8-af94-4488-aa7f-06cfea91afbc","local_time":"20190306214010","is_ascension_mode":false,"campfire_choices":[{"data":"True Grit","floor":6,"key":"SMITH"},{"data":"Perfected Strike","floor":11,"key":"SMITH"},{"data":"Body Slam","floor":15,"key":"SMITH"},{"data":"Armaments","floor":28,"key":"SMITH"},{"data":"Pommel Strike","floor":30,"key":"SMITH"},{"data":"Bash","floor":32,"key":"SMITH"},{"data":"Clothesline","floor":40,"key":"SMITH"},{"data":"Pommel Strike","floor":42,"key":"SMITH"},{"data":"Pommel Strike","floor":49,"key":"SMITH"}],"neow_cost":"NONE","seed_source_timestamp":2459782228348300,"circlet_count":0,"master_deck":["Strike_R","Strike_R","Strike_R","Defend_R","Defend_R","Defend_R","Defend_R","Bash+1","Armaments+1","Twin Strike","Twin Strike","True Grit+1","Body Slam+1","Twin Strike","Perfected Strike+1","Pommel Strike+1","Armaments+1","Pommel Strike+1","Pommel Strike+1","Shrug It Off+1","Clothesline+1","Clothesline+1","Cleave+1","Perfected Strike+1","Flex+1","Armaments+1"],"relics":["Philosopher\u0027s Stone","Incense Burner","Magic Flower","Odd Mushroom","Snecko Eye","Toy Ornithopter","Mango","Potion Belt","Anchor","Coffee Dripper","Self Forming Clay","Nunchaku","The Courier","Red Mask","Peace Pipe"],"potions_floor_usage":[7,16,21,23,23,33,50,50,50,50,50],"damage_taken":[{"damage":0,"enemies":"2 Louse","floor":1,"turns":2},{"damage":8,"enemies":"Small Slimes","floor":4,"turns":4},{"damage":9,"enemies":"3 Sentries","floor":7,"turns":8},{"damage":0,"enemies":"Cultist","floor":8,"turns":2},{"damage":4,"enemies":"3 Louse","floor":10,"turns":3},{"damage":0,"enemies":"Looter","floor":12,"turns":1},{"damage":6,"enemies":"The Mushroom Lair","floor":13,"turns":4},{"damage":21,"enemies":"The Guardian","floor":16,"turns":10},{"damage":9,"enemies":"3 Byrds","floor":18,"turns":4},{"damage":7,"enemies":"Chosen","floor":20,"turns":3},{"damage":11,"enemies":"Shelled Parasite and Fungi","floor":21,"turns":4},{"damage":0,"enemies":"Centurion and Healer","floor":22,"turns":4},{"damage":44,"enemies":"Book of Stabbing","floor":23,"turns":5},{"damage":2,"enemies":"3 Cultists","floor":24,"turns":4},{"damage":0,"enemies":"Snecko","floor":27,"turns":3},{"damage":3,"enemies":"Snake Plant","floor":29,"turns":2},{"damage":0,"enemies":"Gremlin Leader","floor":31,"turns":4},{"damage":23,"enemies":"Collector","floor":33,"turns":8},{"damage":0,"enemies":"3 Shapes","floor":35,"turns":3},{"damage":0,"enemies":"Orb Walker","floor":36,"turns":2},{"damage":0,"enemies":"Jaw Worm Horde","floor":44,"turns":3},{"damage":1,"enemies":"Spire Growth","floor":45,"turns":3},{"damage":17,"enemies":"Mind Bloom Boss Battle","floor":47,"turns":8},{"damage":1,"enemies":"4 Shapes","floor":48,"turns":5},{"damage":47,"enemies":"Donu and Deca","floor":50,"turns":7}],"seed_played":"-325771634872787270","potions_obtained":[{"floor":4,"key":"Energy Potion"},{"floor":8,"key":"BloodPotion"},{"floor":10,"key":"AttackPotion"},{"floor":13,"key":"Strength Potion"},{"floor":20,"key":"Weak Potion"},{"floor":21,"key":"LiquidBronze"},{"floor":23,"key":"Swift Potion"},{"floor":27,"key":"Regen Potion"},{"floor":29,"key":"PowerPotion"},{"floor":36,"key":"Block Potion"},{"floor":38,"key":"Fire Potion"}],"is_trial":false,"path_per_floor":["M","?","?","M","$","R","E","M","T","M","R","M","?","?","R","B",null,"M","$","M","M","M","E","M","?","T","M","R","M","R","E","R","B",null,"M","M","?","?","$","R","$","R","T","M","M","?","?","M","R","B",null],"character_chosen":"IRONCLAD","items_purchased":["Twin Strike","True Grit","Toy Ornithopter","Armaments","Self Forming Clay","Nunchaku"],"campfire_rested":0,"item_purchase_floors":[5,5,19,19,39,39],"current_hp_per_floor":[80,80,80,72,72,72,63,63,63,59,59,59,53,33,33,12,80,71,71,64,61,61,59,57,57,57,57,57,54,54,54,54,39,94,94,94,94,94,94,94,94,94,94,94,93,93,76,75,75,87],"gold":115,"neow_bonus":"BOSS_RELIC","is_prod":false,"is_daily":false,"chose_seed":false,"campfire_upgraded":9,"win_rate":0,"timestamp":1551937210,"path_taken":["M","?","?","M","$","R","E","M","T","M","R","?","?","?","R","BOSS","M","$","M","M","M","E","M","?","T","M","R","M","R","E","R","BOSS","M","M","?","?","$","R","$","R","T","M","?","?","?","M","R","BOSS"],"build_version":"2019-01-23","purchased_purges":0,"victory":true,"max_hp_per_floor":[80,80,80,80,80,80,80,80,80,80,80,80,80,80,80,80,80,80,80,80,80,80,94,94,94,94,94,94,94,94,94,94,94,94,94,94,94,94,94,94,94,94,94,94,94,94,94,94,94,94],"card_choices":[{"not_picked":["Headbutt","Shrug It Off"],"picked":"Armaments","floor":1},{"not_picked":["Sentinel","Havoc"],"picked":"Twin Strike","floor":4},{"not_picked":["Ghostly Armor","Armaments"],"picked":"Body Slam","floor":7},{"not_picked":["Reckless Charge","Metallicize"],"picked":"Twin Strike","floor":8},{"not_picked":["Pummel","Searing Blow"],"picked":"Perfected Strike","floor":10},{"not_picked":["Combust","Intimidate","Heavy Blade"],"picked":"SKIP","floor":12},{"not_picked":["Warcry","Burning Pact+1"],"picked":"Pommel Strike","floor":18},{"not_picked":["Intimidate","Sword Boomerang"],"picked":"Pommel Strike","floor":20},{"not_picked":["Second Wind+1","Anger"],"picked":"Pommel Strike","floor":21},{"not_picked":["Burning Pact","Pummel","Dual Wield"],"picked":"SKIP","floor":22},{"not_picked":["Clash","Flame Barrier+1","Havoc"],"picked":"SKIP","floor":23},{"not_picked":["Anger","Disarm+1","Spot Weakness"],"picked":"SKIP","floor":24},{"not_picked":["Evolve","Fire Breathing"],"picked":"Shrug It Off+1","floor":27},{"not_picked":["Warcry+1","Offering"],"picked":"Clothesline+1","floor":29},{"not_picked":["Disarm+1","Clash+1"],"picked":"Clothesline","floor":31},{"not_picked":["Searing Blow+1","Fire Breathing","Cleave+1"],"picked":"SKIP","floor":35},{"not_picked":["Searing Blow+1","Fire Breathing"],"picked":"Cleave+1","floor":35},{"not_picked":["Body Slam+1","Shrug It Off"],"picked":"Perfected Strike+1","floor":36},{"not_picked":["Anger+1","Warcry+1","Metallicize+1"],"picked":"SKIP","floor":44},{"not_picked":["Wild Strike+1","Anger+1"],"picked":"Flex+1","floor":45},{"not_picked":["Cleave","Whirlwind+1"],"picked":"Armaments+1","floor":48}],"player_experience":801808,"relics_obtained":[{"floor":7,"key":"Incense Burner"},{"floor":9,"key":"Magic Flower"},{"floor":13,"key":"Odd Mushroom"},{"floor":23,"key":"Mango"},{"floor":26,"key":"Potion Belt"},{"floor":31,"key":"Anchor"},{"floor":43,"key":"The Courier"},{"floor":47,"key":"Peace Pipe"}],"event_choices":[{"damage_healed":0,"gold_gain":0,"player_choice":"Grow","damage_taken":0,"max_hp_gain":0,"max_hp_loss":0,"event_name":"Living Wall","floor":2,"gold_loss":0,"cards_upgraded":["Armaments"]},{"cards_removed":["Strike_R"],"damage_healed":0,"gold_gain":0,"player_choice":"Purged","damage_taken":0,"max_hp_gain":0,"max_hp_loss":0,"event_name":"Purifier","floor":3,"gold_loss":0},{"damage_healed":0,"gold_gain":0,"player_choice":"Fought Mushrooms","damage_taken":0,"max_hp_gain":0,"max_hp_loss":0,"event_name":"Mushrooms","floor":13,"gold_loss":0},{"damage_healed":0,"gold_gain":0,"player_choice":"Take Damage","damage_taken":20,"relics_obtained":["Golden Idol"],"max_hp_gain":0,"max_hp_loss":0,"event_name":"Golden Idol","floor":14,"gold_loss":0},{"cards_removed":["Strike_R"],"damage_healed":0,"gold_gain":0,"player_choice":"Gave Gold","damage_taken":0,"max_hp_gain":0,"max_hp_loss":0,"event_name":"Beggar","floor":25,"gold_loss":75},{"damage_healed":0,"gold_gain":333,"player_choice":"Gave Idol","damage_taken":0,"max_hp_gain":0,"max_hp_loss":0,"event_name":"The Moai Head","floor":37,"relics_lost":["Golden Idol"],"gold_loss":0},{"damage_healed":0,"gold_gain":0,"player_choice":"Bought 3 Potions","damage_taken":0,"max_hp_gain":0,"max_hp_loss":0,"event_name":"The Woman in Blue","floor":38,"gold_loss":0},{"damage_healed":0,"gold_gain":0,"player_choice":"Paid","damage_taken":0,"relics_obtained":["Red Mask"],"max_hp_gain":0,"max_hp_loss":0,"event_name":"Tomb of Lord Red Mask","floor":46,"gold_loss":37},{"damage_healed":0,"gold_gain":0,"player_choice":"Fight","damage_taken":0,"max_hp_gain":0,"max_hp_loss":0,"event_name":"MindBloom","floor":47,"gold_loss":0}],"is_beta":false,"boss_relics":[{"not_picked":["Busted Crown","Cursed Key"],"picked":"Snecko Eye"},{"not_picked":["Velvet Choker","Runic Pyramid"],"picked":"Coffee Dripper"}],"items_purged_floors":[],"is_endless":false,"potions_floor_spawned":[4,8,10,13,20,21,23,27,29,36,45],"ascension_level":0}