{"gold_per_floor":[113,129,146,71,81,81,6,6,6,6,339,339,368,48,48,48],"floor_reached":16,"playtime":428,"items_purged":["Strike_B","Strike_B"],"score":216,"play_id":"6ed5aabb-631c-4e50-b7a3-2834efe6e5b9","local_time":"20190215201514","is_ascension_mode":true,"campfire_choices":[{"data":"Zap","floor":6,"key":"SMITH"},{"data":"Dualcast","floor":8,"key":"SMITH"},{"data":"Auto Shields","floor":10,"key":"SMITH"},{"floor":15,"key":"REST"}],"neow_cost":"NONE","seed_source_timestamp":814848659482800,"circlet_count":0,"master_deck":["AscendersBane","Defend_B","Defend_B","Defend_B","Defend_B","Zap+1","Dualcast+1","Ball Lightning","Hologram","Ball Lightning","Auto Shields+1","Hologram","Defragment","Leap+1"],"relics":["Cracked Core","Unceasing Top","Old Coin","Toxic Egg 2","Bag of Preparation"],"potions_floor_usage":[13],"damage_taken":[{"damage":2,"enemies":"Cultist","floor":1,"turns":4},{"damage":4,"enemies":"Small Slimes","floor":2,"turns":3},{"damage":7,"enemies":"2 Louse","floor":3,"turns":2},{"damage":3,"enemies":"Blue Slaver","floor":5,"turns":3},{"damage":32,"enemies":"Gremlin Nob","floor":11,"turns":4},{"damage":17,"enemies":"3 Sentries","floor":13,"turns":8},{"damage":36,"enemies":"The Guardian","floor":16,"turns":2}],"seed_played":"1371432261410813807","potions_obtained":[{"floor":1,"key":"LiquidBronze"},{"floor":11,"key":"SpeedPotion"}],"is_trial":false,"path_per_floor":["M","M","M","?","M","R","$","R","T","R","E","?","E","$","R","B"],"character_chosen":"DEFECT","items_purchased":["Bag of Preparation","Leap+1"],"campfire_rested":1,"item_purchase_floors":[14,14],"current_hp_per_floor":[69,65,58,58,55,55,55,55,55,55,23,23,6,6,29,0],"gold":48,"neow_bonus":"TEN_PERCENT_HP_BONUS","is_prod":false,"is_daily":false,"chose_seed":false,"campfire_upgraded":3,"win_rate":0,"timestamp":1550290514,"path_taken":["M","M","?","?","M","R","$","R","T","R","E","?","E","?","R","BOSS"],"build_version":"2019-01-23","purchased_purges":2,"victory":false,"max_hp_per_floor":[78,78,78,78,78,78,78,78,78,78,78,78,78,78,78,78],"card_choices":[{"not_picked":["Consume","Rebound"],"picked":"Ball Lightning","floor":1},{"not_picked":["Compile Driver","Beam Cell"],"picked":"Hologram","floor":2},{"not_picked":["Beam Cell","Blizzard"],"picked":"Ball Lightning","floor":3},{"not_picked":["Heatsinks","Barrage"],"picked":"Auto Shields","floor":5},{"not_picked":["Gash","Barrage"],"picked":"Hologram","floor":11},{"not_picked":["Auto Shields","Fission"],"picked":"Defragment","floor":13}],"player_experience":711328,"relics_obtained":[{"floor":9,"key":"Unceasing Top"},{"floor":11,"key":"Old Coin"},{"floor":13,"key":"Toxic Egg 2"}],"event_choices":[{"cards_removed":["Strike_B"],"damage_healed":0,"gold_gain":0,"player_choice":"Card Removal","damage_taken":0,"max_hp_gain":0,"max_hp_loss":0,"event_name":"The Cleric","floor":4,"gold_loss":75},{"cards_removed":["Strike_B"],"damage_healed":0,"gold_gain":0,"player_choice":"Forget","damage_taken":0,"max_hp_gain":0,"max_hp_loss":0,"event_name":"Living Wall","floor":12,"gold_loss":0}],"is_beta":false,"boss_relics":[],"items_purged_floors":[7,14],"is_endless":false,"potions_floor_spawned":[1,11],"killed_by":"The Guardian","ascension_level":20}