{"gold_per_floor":[112,112,126,51,68,68,82,182,182,214,234,266,277,287,287,384,384,400,400,415,515,193,193,207,59,59,73,73,73,73,86,86,86],"floor_reached":33,"playtime":1562,"items_purged":["Defend_R","Bash","Carnage+1"],"score":259,"play_id":"1496df89-1643-49fe-a9cb-01b425253d2b","local_time":"20181215115214","is_ascension_mode":false,"campfire_choices":[{"data":"Clash","floor":6,"key":"SMITH"},{"data":"Carnage","floor":15,"key":"SMITH"},{"floor":23,"key":"REST"},{"data":"Demon Form","floor":28,"key":"SMITH"},{"floor":32,"key":"REST"}],"neow_cost":"NONE","seed_source_timestamp":198732403754757,"circlet_count":0,"master_deck":["Strike_R+1","Defend_R","Defend_R","Defend_R","Metallicize","Headbutt+1","Clash+1","Ghostly Armor","Heavy Blade","Heavy Blade","Cleave+1","Bludgeon+1","Bludgeon+1","Flame Barrier+1","Barricade+1","Headbutt+1","Inflame+1","Whirlwind+1","Demon Form+1","Flex","Inflame+1"],"relics":["Burning Blood","Red Skull","Paper Frog","Molten Egg 2","Astrolabe","Dead Branch","Gremlin Horn","Happy Flower","Shuriken"],"potions_floor_usage":[10,10,13,16,18,18,21,31,33,33],"damage_taken":[{"damage":4,"enemies":"2 Louse","floor":1,"turns":3},{"damage":7,"enemies":"Jaw Worm","floor":3,"turns":3},{"damage":0,"enemies":"Cultist","floor":5,"turns":2},{"damage":0,"enemies":"Exordium Thugs","floor":7,"turns":3},{"damage":26,"enemies":"3 Sentries","floor":10,"turns":6},{"damage":0,"enemies":"Looter","floor":11,"turns":3},{"damage":20,"enemies":"Lagavulin","floor":12,"turns":4},{"damage":2,"enemies":"Blue Slaver","floor":13,"turns":2},{"damage":1,"enemies":"Large Slime","floor":14,"turns":3},{"damage":7,"enemies":"Slime Boss","floor":16,"turns":8},{"damage":5,"enemies":"Shell Parasite","floor":18,"turns":4},{"damage":10,"enemies":"Spheric Guardian","floor":20,"turns":4},{"damage":21,"enemies":"Colosseum Slavers","floor":21,"turns":3},{"damage":32,"enemies":"Colosseum Nobs","floor":21,"turns":6},{"damage":10,"enemies":"Snecko","floor":24,"turns":4},{"damage":2,"enemies":"Cultist and Chosen","floor":27,"turns":4},{"damage":32,"enemies":"Snake Plant","floor":31,"turns":3},{"damage":58,"enemies":"Collector","floor":33,"turns":6}],"seed_played":"-5948978961104785949","potions_obtained":[{"floor":5,"key":"LiquidBronze"},{"floor":7,"key":"Strength Potion"},{"floor":10,"key":"Explosive Potion"},{"floor":12,"key":"Strength Potion"},{"floor":13,"key":"FearPotion"},{"floor":16,"key":"EssenceOfSteel"},{"floor":20,"key":"EssenceOfSteel"},{"floor":21,"key":"Explosive Potion"},{"floor":24,"key":"AttackPotion"},{"floor":31,"key":"AttackPotion"}],"is_trial":false,"path_per_floor":["M","?","M","$","M","R","M","?","T","E","M","E","M","M","R","B",null,"M","?","M","?","$","R","M","$","T","M","R","?","?","M","R","B"],"character_chosen":"IRONCLAD","items_purchased":["Whirlwind+1","Happy Flower","Flex"],"campfire_rested":2,"item_purchase_floors":[22,22,25],"current_hp_per_floor":[80,64,63,63,69,69,75,75,75,55,61,47,51,56,56,55,80,80,80,76,35,35,59,55,55,55,59,59,59,59,33,57,0],"gold":86,"neow_bonus":"TRANSFORM_CARD","is_prod":false,"is_daily":false,"chose_seed":false,"campfire_upgraded":3,"win_rate":0,"timestamp":1544892734,"path_taken":["M","?","M","$","M","R","M","?","T","E","M","E","?","M","R","BOSS","M","?","M","?","$","R","M","$","T","M","R","?","?","?","R","BOSS"],"build_version":"2018-12-13","purchased_purges":3,"victory":false,"max_hp_per_floor":[80,80,80,80,80,80,80,80,80,80,80,80,80,80,80,80,80,80,80,80,80,80,80,80,80,80,80,80,80,80,80,80,80],"card_choices":[{"not_picked":["Anger","Intimidate"],"picked":"Headbutt","floor":1},{"not_picked":["Power Through","Sword Boomerang"],"picked":"Clash","floor":3},{"not_picked":["Combust","Havoc"],"picked":"Ghostly Armor","floor":5},{"not_picked":["Clothesline","Warcry"],"picked":"Heavy Blade","floor":7},{"not_picked":["Dark Embrace","Searing Blow"],"picked":"Carnage","floor":10},{"not_picked":["Sword Boomerang","True Grit"],"picked":"Heavy Blade","floor":11},{"not_picked":["True Grit","Entrench","Rupture"],"picked":"SKIP","floor":12},{"not_picked":["Wild Strike+1","Searing Blow+1","Anger+1"],"picked":"SKIP","floor":13},{"not_picked":["Clash+1","Disarm"],"picked":"Cleave+1","floor":14},{"not_picked":["Feed+1","Barricade"],"picked":"Bludgeon+1","floor":16},{"not_picked":["Twin Strike+1","Clothesline+1"],"picked":"Headbutt+1","floor":18},{"not_picked":["Body Slam+1","Cleave+1","Armaments"],"picked":"SKIP","floor":20},{"not_picked":["Thunderclap+1","Wild Strike+1"],"picked":"Demon Form","floor":24},{"not_picked":["Combust","Sword Boomerang+1"],"picked":"Inflame+1","floor":27},{"not_picked":["Burning Pact+1","Metallicize","Sword Boomerang+1"],"picked":"SKIP","floor":31}],"player_experience":311954,"relics_obtained":[{"floor":9,"key":"Red Skull"},{"floor":10,"key":"Paper Frog"},{"floor":12,"key":"Molten Egg 2"},{"floor":21,"key":"Dead Branch"},{"floor":21,"key":"Gremlin Horn"},{"floor":26,"key":"Shuriken"}],"event_choices":[{"damage_healed":0,"gold_gain":0,"player_choice":"Entered Light","damage_taken":16,"max_hp_gain":0,"max_hp_loss":0,"event_name":"Shining Light","floor":2,"gold_loss":0,"cards_upgraded":["Strike_R","Headbutt"]},{"damage_healed":0,"gold_gain":100,"player_choice":"Gold","damage_taken":0,"max_hp_gain":0,"max_hp_loss":0,"event_name":"Wheel of Change","floor":8,"gold_loss":0},{"damage_healed":0,"gold_gain":0,"player_choice":"Read","damage_taken":0,"max_hp_gain":0,"max_hp_loss":0,"event_name":"The Library","floor":19,"gold_loss":0,"cards_obtained":["Inflame"]},{"damage_healed":0,"gold_gain":0,"player_choice":"Fight","damage_taken":0,"max_hp_gain":0,"max_hp_loss":0,"event_name":"Colosseum","floor":21,"gold_loss":0},{"damage_healed":0,"gold_gain":0,"player_choice":"Fought Nobs","damage_taken":0,"max_hp_gain":0,"max_hp_loss":0,"event_name":"Colosseum","floor":21,"gold_loss":0},{"damage_healed":0,"gold_gain":0,"player_choice":"Ignored","damage_taken":0,"max_hp_gain":0,"max_hp_loss":0,"event_name":"Vampires","floor":29,"gold_loss":0},{"damage_healed":0,"gold_gain":0,"player_choice":"Upgraded","damage_taken":0,"max_hp_gain":0,"max_hp_loss":0,"event_name":"Upgrade Shrine","floor":30,"gold_loss":0,"cards_upgraded":["Inflame"]}],"is_beta":false,"boss_relics":[{"not_picked":["Pandora\u0027s Box","Calling Bell"],"picked":"Astrolabe"}],"items_purged_floors":[4,22,25],"is_endless":false,"potions_floor_spawned":[5,7,10,12,13,16,20,21,24,31],"killed_by":"Collector","ascension_level":0}