{"path_per_floor":["M","?","?","M","?","?","R","M","T","R","$","?","E","M","R","B",null,"M","M","M","?","M","R","E","?","T","$"],"character_chosen":"THE_SILENT","items_purchased":["Apotheosis","Juzu Bracelet","Thread and Needle","Slice"],"gold_per_floor":[109,109,109,125,300,300,300,310,363,363,26,26,61,80,80,206,244,260,279,293,293,306,306,350,350,350,7,7],"floor_reached":28,"campfire_rested":2,"playtime":1883,"current_hp_per_floor":[68,68,68,68,68,68,68,68,68,68,68,68,35,24,45,9,75,75,75,35,35,21,43,10,1,1,1,0],"items_purged":[],"gold":7,"score":236,"play_id":"e8426dbe-eb85-4b9e-b260-d01a218a8cce","local_time":"20180330102304","is_prod":false,"is_daily":false,"is_ascension_mode":false,"campfire_upgraded":2,"timestamp":1522365784,"path_taken":["M","?","?","?","?","?","R","M","T","R","$","?","E","M","R","BOSS","M","M","M","?","M","R","E","?","T","?","M"],"build_version":"2018-03-22v2","purchased_purges":0,"victory":false,"master_deck":["Defend_G+1","Defend_G","Defend_G","Defend_G","Strike_G","Strike_G","Strike_G","Strike_G","Strike_G+1","Survivor","Neutralize","Poisoned Stab+1","Slice+1","Doubt","Calculated Gamble+1","Injury","Apotheosis","Injury","Blade Dance","Quick Slash","Night Terror","Sucker Punch","Cloak And Dagger","Die Die Die","Predator+1","Dagger Throw+1","Dagger Spray","Clumsy","Slice"],"max_hp_per_floor":[70,70,70,70,70,70,70,70,70,70,70,70,70,70,70,70,75,75,75,75,75,75,75,75,75,75,75,75],"relics":["Cursed Key","Oddly Smooth Stone","Juzu Bracelet","Golden Idol","Happy Flower","Tiny House","Ancient Tea Set","Unceasing Top","Thread and Needle"],"card_choices":[{"not_picked":["Acrobatics","Flying Knee"],"picked":"Poisoned Stab","floor":1},{"not_picked":["Acrobatics","Bouncing Flask"],"picked":"Slice","floor":4},{"not_picked":["Footwork","After Image"],"picked":"Calculated Gamble","floor":8},{"not_picked":["Expertise","Dagger Throw"],"picked":"Blade Dance","floor":13},{"not_picked":["Noxious Fumes","Bouncing Flask"],"picked":"Quick Slash","floor":14},{"not_picked":["Tactician","Tools of the Trade"],"picked":"Night Terror","floor":16},{"not_picked":["Reflex","Outmaneuver"],"picked":"Sucker Punch","floor":17},{"not_picked":["Dodge and Roll","Footwork"],"picked":"Cloak And Dagger","floor":18},{"not_picked":["Choke","Bane"],"picked":"Die Die Die","floor":19},{"not_picked":["Dodge and Roll","Deadly Poison"],"picked":"Predator","floor":20},{"not_picked":["Dodge and Roll","Accuracy"],"picked":"Dagger Throw","floor":22},{"not_picked":["Flying Knee","Deflect"],"picked":"Dagger Spray","floor":24}],"player_experience":59358,"potions_floor_usage":[16,19,20,20,28],"damage_taken":[{"damage":2,"enemies":"Small Slimes","floor":1,"turns":4},{"damage":0,"enemies":"Jaw Worm","floor":4,"turns":3},{"damage":0,"enemies":"2 Louse","floor":8,"turns":3},{"damage":33,"enemies":"Lagavulin","floor":13,"turns":8},{"damage":11,"enemies":"Red Slaver","floor":14,"turns":4},{"damage":36,"enemies":"The Guardian","floor":16,"turns":9},{"damage":0,"enemies":"Chosen","floor":18,"turns":4},{"damage":0,"enemies":"3 Byrds","floor":19,"turns":4},{"damage":40,"enemies":"Snake Plant","floor":20,"turns":5},{"damage":14,"enemies":"Snecko","floor":22,"turns":5},{"damage":33,"enemies":"Slavers","floor":24,"turns":5},{"damage":35,"enemies":"Cultist and Chosen","floor":28,"turns":3}],"event_choices":[{"event_name":"Living Wall","player_choice":"Grow","floor":2,"damage_taken":0},{"event_name":"Purifier","player_choice":"One Purge","floor":3,"damage_taken":0},{"event_name":"Liars Game","player_choice":"agreed","floor":5,"damage_taken":0},{"event_name":"Upgrade Shrine","player_choice":"Upgraded","floor":6,"damage_taken":0},{"event_name":"Golden Idol","player_choice":"Take Wound","floor":12,"damage_taken":0},{"event_name":"Beggar","player_choice":"Ignored","floor":21,"damage_taken":0},{"event_name":"Cursed Tome","player_choice":"Stopped","floor":25,"damage_taken":0}],"boss_relics":[{"not_picked":["The Specimen","White Beast Statue"],"picked":"Tiny House"}],"potions_floor_spawned":[4,16,18,24],"seed_played":"-1937188787511169129","killed_by":"Cultist and Chosen","ascension_level":0,"is_trial":false}