{"gold_per_floor":[118,133,150,150,150,180,200,200],"floor_reached":8,"playtime":372,"items_purged":[],"score":87,"play_id":"3f3b1336-a735-4364-97bb-3f4dc798e848","local_time":"20181115141648","is_ascension_mode":true,"campfire_choices":[],"neow_cost":"NONE","seed_source_timestamp":16253405922217,"circlet_count":0,"master_deck":["AscendersBane","Strike_R","Strike_R","Strike_R","Strike_R","Strike_R","Defend_R","Defend_R","Defend_R","Defend_R","Bash","Dropkick","Carnage","Limit Break","Battle Trance","Flame Barrier"],"relics":["Burning Blood","Omamori","Sundial","CultistMask","Oddly Smooth Stone"],"potions_floor_usage":[6,8,8],"damage_taken":[{"damage":4,"enemies":"2 Louse","floor":1,"turns":4},{"damage":18,"enemies":"Small Slimes","floor":2,"turns":5},{"damage":1,"enemies":"Cultist","floor":3,"turns":3},{"damage":45,"enemies":"3 Sentries","floor":6,"turns":10},{"damage":6,"enemies":"Exordium Wildlife","floor":7,"turns":3},{"damage":28,"enemies":"Lagavulin","floor":8,"turns":3}],"seed_played":"-8166951398676942572","potions_obtained":[{"floor":1,"key":"GamblersBrew"},{"floor":2,"key":"EssenceOfSteel"},{"floor":7,"key":"SteroidPotion"}],"is_trial":false,"path_per_floor":["M","M","M","?","?","E","M","E"],"character_chosen":"IRONCLAD","items_purchased":[],"campfire_rested":0,"item_purchase_floors":[],"current_hp_per_floor":[74,62,67,67,67,28,28,0],"gold":200,"neow_bonus":"RANDOM_COMMON_RELIC","is_prod":false,"is_daily":false,"chose_seed":false,"campfire_upgraded":0,"win_rate":0,"timestamp":1542309408,"path_taken":["M","M","M","?","?","E","?","E"],"build_version":"2018-11-14","purchased_purges":0,"victory":false,"max_hp_per_floor":[80,80,80,80,80,80,80,80],"card_choices":[{"not_picked":["Wild Strike","Cleave"],"picked":"Dropkick","floor":1},{"not_picked":["Seeing Red","Havoc"],"picked":"Carnage","floor":2},{"not_picked":["Battle Trance","Shrug It Off"],"picked":"Limit Break","floor":3},{"not_picked":["Dual Wield","Heavy Blade"],"picked":"Battle Trance","floor":6},{"not_picked":["Sword Boomerang","Shockwave"],"picked":"Flame Barrier","floor":7}],"player_experience":365480,"relics_obtained":[{"floor":6,"key":"Oddly Smooth Stone"}],"event_choices":[{"damage_healed":0,"gold_gain":0,"player_choice":"Box","damage_taken":0,"relics_obtained":["Sundial"],"max_hp_gain":0,"max_hp_loss":0,"event_name":"Big Fish","floor":4,"gold_loss":0,"cards_obtained":["Regret"]},{"damage_healed":0,"gold_gain":0,"player_choice":"Trade","damage_taken":0,"relics_obtained":["CultistMask"],"max_hp_gain":0,"max_hp_loss":0,"event_name":"FaceTrader","floor":5,"gold_loss":0}],"is_beta":true,"boss_relics":[],"items_purged_floors":[],"is_endless":false,"potions_floor_spawned":[1,2,7],"killed_by":"Lagavulin","ascension_level":10}