{"gold_per_floor":[117,135,148,19,19,19,194,212,212,237,258,273,297,297],"floor_reached":14,"playtime":625,"items_purged":[],"score":129,"play_id":"60eb67eb-ab45-42e2-8bb4-de3b2d6a77c7","local_time":"20181030212612","is_ascension_mode":true,"campfire_choices":[{"data":"Hologram","floor":6,"key":"SMITH"}],"neow_cost":"NONE","seed_source_timestamp":267241855577530,"circlet_count":0,"master_deck":["Strike_B","Strike_B","Strike_B","Strike_B","Defend_B","Defend_B","Defend_B","Defend_B","Zap","Dualcast","AscendersBane","Go for the Eyes","Coolheaded","Hologram+1","Meteor Strike","Cold Snap","Doubt","Fission","Storm","Blizzard","Turbo","Streamline"],"relics":["Nuclear Battery","Golden Idol","Mercury Hourglass"],"potions_floor_usage":[14],"damage_taken":[{"damage":6,"enemies":"Small Slimes","floor":1,"turns":4},{"damage":3,"enemies":"2 Louse","floor":2,"turns":3},{"damage":0,"enemies":"Cultist","floor":3,"turns":4},{"damage":0,"enemies":"Large Slime","floor":8,"turns":9},{"damage":7,"enemies":"Blue Slaver","floor":10,"turns":3},{"damage":9,"enemies":"Red Slaver","floor":11,"turns":2},{"damage":5,"enemies":"Large Slime","floor":12,"turns":6},{"damage":3,"enemies":"Blue Slaver","floor":13,"turns":3},{"damage":24,"enemies":"Gremlin Nob","floor":14,"turns":3}],"seed_played":"3224622776770680635","potions_obtained":[{"floor":1,"key":"Strength Potion"},{"floor":10,"key":"LiquidBronze"}],"is_trial":false,"path_per_floor":["M","M","M","$","?","R","?","M","T","M","M","M","M"],"character_chosen":"DEFECT","items_purchased":["Meteor Strike","Cold Snap"],"campfire_rested":0,"item_purchase_floors":[4,4],"current_hp_per_floor":[62,59,59,59,41,41,41,41,41,34,25,20,17,0],"gold":297,"neow_bonus":"BOSS_RELIC","is_prod":false,"is_daily":false,"chose_seed":false,"campfire_upgraded":1,"win_rate":0,"timestamp":1540959972,"path_taken":["M","M","M","$","?","R","?","M","T","M","?","M","M","E"],"build_version":"2018-10-25v2","purchased_purges":0,"victory":false,"max_hp_per_floor":[75,75,75,75,75,75,75,75,75,75,75,75,75,75],"card_choices":[{"not_picked":["Blizzard","Steam"],"picked":"Go for the Eyes","floor":1},{"not_picked":["Rip and Tear","Loop"],"picked":"Coolheaded","floor":2},{"not_picked":["Streamline","Stack"],"picked":"Hologram","floor":3},{"not_picked":["Genetic Algorithm","Undo"],"picked":"Fission","floor":8},{"not_picked":["Go for the Eyes","Rebound"],"picked":"Storm","floor":10},{"not_picked":["Scrape","Ball Lightning"],"picked":"Blizzard","floor":11},{"not_picked":["Reinforced Body","Melter"],"picked":"Turbo","floor":12},{"not_picked":["Conserve Battery","Gash"],"picked":"Streamline","floor":13}],"player_experience":332813,"relics_obtained":[{"floor":9,"key":"Mercury Hourglass"}],"event_choices":[{"damage_healed":0,"gold_gain":0,"player_choice":"Take Damage","damage_taken":18,"relics_obtained":["Golden Idol"],"max_hp_gain":0,"max_hp_loss":0,"event_name":"Golden Idol","floor":5,"gold_loss":0},{"damage_healed":0,"gold_gain":175,"player_choice":"AGREE","damage_taken":0,"max_hp_gain":0,"max_hp_loss":0,"event_name":"Liars Game","floor":7,"gold_loss":0,"cards_obtained":["Doubt"]}],"is_beta":false,"boss_relics":[],"items_purged_floors":[],"is_endless":false,"potions_floor_spawned":[1,10],"killed_by":"Gremlin Nob","ascension_level":10}