{"gold_per_floor":[111,111,53,103,117,117,143,143,170,186,221,221,249,259,259,337,337,349,349,349,362,362,362,381,416,466,484,484,500,88,108,108,108],"floor_reached":33,"playtime":1818,"items_purged":["Decay"],"score":581,"play_id":"610bd2fa-ee64-498c-a647-963c836f234a","local_time":"20181008220555","is_ascension_mode":true,"campfire_choices":[{"data":"Dagger Spray","floor":6,"key":"SMITH"},{"data":"Cloak And Dagger","floor":8,"key":"SMITH"},{"floor":12,"key":"REST"},{"floor":15,"key":"REST"},{"data":"Choke","floor":23,"key":"SMITH"},{"data":"Well Laid Plans","floor":28,"key":"SMITH"},{"data":"Leg Sweep","floor":32,"key":"SMITH"}],"neow_cost":"TEN_PERCENT_HP_LOSS","seed_source_timestamp":11118492408713,"circlet_count":0,"master_deck":["Defend_G","Defend_G","Defend_G","Defend_G","Defend_G","Survivor","Neutralize+1","AscendersBane","Choke+1","Slice","Dagger Spray+1","Cloak And Dagger+1","Well Laid Plans+1","Die Die Die","Escape Plan","Bite","Bite","Bite","Bite+1","Bite","Leg Sweep+1","PiercingWail"],"special_seed":0,"relics":["Ring of the Snake","Incense Burner","StoneCalendar","Bird Faced Urn","Happy Flower","Letter Opener","Smiling Mask","Busted Crown","Question Card","Whetstone","Mercury Hourglass"],"potions_floor_usage":[7,16,16,25,33],"damage_taken":[{"damage":2.0,"enemies":"2 Louse","floor":1.0,"turns":3.0},{"damage":0,"enemies":"Jaw Worm","floor":5,"turns":4},{"damage":3,"enemies":"Lagavulin","floor":7,"turns":7},{"damage":3,"enemies":"Small Slimes","floor":10,"turns":3},{"damage":30,"enemies":"Gremlin Nob","floor":11,"turns":4},{"damage":26,"enemies":"3 Sentries","floor":13,"turns":5},{"damage":1,"enemies":"Blue Slaver","floor":14,"turns":3},{"damage":25,"enemies":"The Guardian","floor":16,"turns":15},{"damage":21,"enemies":"Spheric Guardian","floor":18,"turns":6},{"damage":25,"enemies":"Shell Parasite","floor":21,"turns":5},{"damage":17,"enemies":"Sentry and Sphere","floor":24,"turns":6},{"damage":1,"enemies":"Gremlin Leader","floor":25,"turns":6},{"damage":3,"enemies":"Cultist and Chosen","floor":27,"turns":7},{"damage":22,"enemies":"Snake Plant","floor":29,"turns":6},{"damage":11,"enemies":"3 Cultists","floor":31,"turns":4},{"damage":59,"enemies":"Collector","floor":33,"turns":9}],"seed_played":"4840727196492148259","potions_obtained":[{"floor":5,"key":"Regen Potion"},{"floor":11,"key":"Energy Potion"},{"floor":13,"key":"Weak Potion"},{"floor":16,"key":"SpeedPotion"},{"floor":18,"key":"GamblersBrew"},{"floor":25,"key":"GamblersBrew"}],"is_trial":false,"path_per_floor":["M","?","$","?","M","R","E","R","T","M","E","R","E","M","R","B",null,"M","?","?","M","?","R","M","E","T","M","R","M","$","M","R"],"character_chosen":"THE_SILENT","items_purchased":["Slice","Mercury Hourglass","PiercingWail"],"campfire_rested":2,"item_purchase_floors":[3,30,30],"current_hp_per_floor":[57,46,46,40,40,40,52,52,52,49,21,39,15,16,34,11,48,29,29,29,20,20,20,21,34,34,42,42,31,31,29,29,0],"gold":108,"neow_bonus":"ONE_RARE_RELIC","is_prod":false,"is_daily":false,"chose_seed":false,"campfire_upgraded":5,"win_rate":0,"timestamp":1539003955,"path_taken":["M","?","$","?","M","R","E","R","T","M","E","R","E","M","R","BOSS","M","?","?","M","?","R","M","E","T","M","R","M","$","M","R","BOSS"],"build_version":"2018-10-04v2","purchased_purges":1,"victory":false,"max_hp_per_floor":[60,60,60,60,60,60,60,60,60,60,60,60,60,60,60,60,60,60,60,42,42,42,42,42,42,42,42,42,42,42,42,42,42],"card_choices":[{"not_picked":["Prepared","Riddle With Holes"],"picked":"Choke","floor":1.0},{"not_picked":["Crippling Poison","Concentrate"],"picked":"Dagger Spray","floor":5},{"not_picked":["Dodge and Roll","Prepared"],"picked":"Cloak And Dagger","floor":7},{"not_picked":["Dagger Spray","Choke"],"picked":"Well Laid Plans","floor":10},{"not_picked":["Underhanded Strike","Bouncing Flask","Expertise"],"picked":"SKIP","floor":11},{"not_picked":["Dagger Spray","Acrobatics"],"picked":"Die Die Die","floor":13},{"not_picked":["Well Laid Plans","Deflect"],"picked":"Escape Plan","floor":14},{"not_picked":["Blade Dance"],"picked":"SKIP","floor":18},{"not_picked":["Outmaneuver"],"picked":"SKIP","floor":21},{"not_picked":[],"picked":"Leg Sweep","floor":24},{"not_picked":["Quick Slash"],"picked":"SKIP","floor":25},{"not_picked":["Deadly Poison","Flying Knee"],"picked":"SKIP","floor":27},{"not_picked":["Deadly Poison","Bane"],"picked":"SKIP","floor":29},{"not_picked":["Flying Knee","Riddle With Holes"],"picked":"SKIP","floor":31}],"player_experience":695066,"relics_obtained":[{"floor":7,"key":"Bird Faced Urn"},{"floor":9,"key":"Happy Flower"},{"floor":11,"key":"Letter Opener"},{"floor":13,"key":"Smiling Mask"},{"floor":25,"key":"Question Card"},{"floor":26,"key":"Whetstone"}],"event_choices":[{"event_name":"Scrap Ooze","player_choice":"success","floor":2.0,"damage_taken":11.0},{"event_name":"FaceTrader","player_choice":"Touch","floor":4,"damage_taken":0},{"event_name":"Ghosts","player_choice":"Ignored","floor":19,"damage_taken":0},{"event_name":"Vampires","player_choice":"Became a vampire","floor":20,"damage_taken":0},{"event_name":"Forgotten Altar","player_choice":"Smashed Altar","floor":22,"damage_taken":0}],"is_beta":false,"boss_relics":[{"not_picked":["Fusion Hammer","Tiny House"],"picked":"Busted Crown"}],"items_purged_floors":[30],"is_endless":false,"potions_floor_spawned":[5,11,13,16,18,21,25,31],"killed_by":"Collector","ascension_level":19}