{"gold_per_floor":[115,129,129,129,14,14,31,31,31,56,56,66,66,78,78,154,154,165,6,6,6,17,17,48,48,48,48],"floor_reached":27,"playtime":1110,"items_purged":["Strike_G"],"score":483,"play_id":"61898ebe-32a9-4355-8fe3-cab267618718","local_time":"20190226011709","is_ascension_mode":true,"campfire_choices":[{"data":"Dagger Spray","floor":6.0,"key":"SMITH"},{"data":"Calculated Gamble","floor":8.0,"key":"SMITH"},{"data":"Well Laid Plans","floor":13.0,"key":"SMITH"},{"data":"Neutralize","floor":15.0,"key":"SMITH"},{"data":"Noxious Fumes","floor":23.0,"key":"SMITH"}],"neow_cost":"NONE","seed_source_timestamp":182122003215784,"circlet_count":0,"master_deck":["AscendersBane","Defend_G","Defend_G","Defend_G+1","Defend_G+1","Defend_G","Strike_G","Survivor","Neutralize+1","Calculated Gamble+1","Dagger Spray+1","Well Laid Plans+1","Deadly Poison","Flying Knee","Backflip","Sucker Punch+1","Slice+1","Burst","Noxious Fumes+1","Crippling Poison","Eviscerate+1","Expertise","Catalyst","After Image"],"special_seed":0,"relics":["Ring of the Snake","Dream Catcher","Molten Egg 2","Regal Pillow","Busted Crown","Nilry\u0027s Codex","Gremlin Horn","Calipers"],"potions_floor_usage":[27],"damage_taken":[{"damage":1.0,"enemies":"Cultist","floor":1.0,"turns":4.0},{"damage":11.0,"enemies":"Jaw Worm","floor":2.0,"turns":7.0},{"damage":0.0,"enemies":"2 Louse","floor":7.0,"turns":2.0},{"damage":19.0,"enemies":"Gremlin Nob","floor":10.0,"turns":4.0},{"damage":5.0,"enemies":"Large Slime","floor":12.0,"turns":5.0},{"damage":0.0,"enemies":"2 Fungi Beasts","floor":14.0,"turns":2.0},{"damage":19.0,"enemies":"Slime Boss","floor":16.0,"turns":8.0},{"damage":4.0,"enemies":"Spheric Guardian","floor":18.0,"turns":5.0},{"damage":7.0,"enemies":"3 Byrds","floor":22.0,"turns":3.0},{"damage":2.0,"enemies":"Gremlin Leader","floor":24.0,"turns":5.0},{"damage":19,"enemies":"Book of Stabbing","floor":27,"turns":5}],"seed_played":"-2885219560603246263","potions_obtained":[{"floor":7.0,"key":"Regen Potion"},{"floor":10.0,"key":"Fire Potion"},{"floor":22.0,"key":"Dexterity Potion"}],"is_trial":false,"path_per_floor":["M","M","?","?","$","R","M","R","T","E","?","M","R","M","R","B",null,"M","$","?","?","M","R","E","?","T","E"],"character_chosen":"THE_SILENT","items_purchased":["Well Laid Plans","Deadly Poison","Crippling Poison"],"campfire_rested":0,"item_purchase_floors":[5,5,19],"current_hp_per_floor":[58,47,27,49,49,49,49,49,49,30,30,25,25,25,25,21,55,51,51,30,30,23,23,21,21,21,2],"gold":48,"neow_bonus":"RANDOM_COMMON_RELIC","is_prod":false,"is_daily":false,"chose_seed":false,"campfire_upgraded":5,"win_rate":0,"timestamp":1551161829,"path_taken":["M","M","?","?","$","R","M","R","T","E","?","M","R","M","R","BOSS","M","$","?","?","M","R","E","?","T","E"],"build_version":"2019-01-23","purchased_purges":1,"victory":false,"max_hp_per_floor":[66,66,66,66,66,66,66,66,66,66,66,66,66,66,66,66,66,66,66,66,66,66,66,66,66,66,66],"card_choices":[{"not_picked":["Bane","Prepared"],"picked":"Calculated Gamble","floor":1.0},{"not_picked":["Setup","Finisher"],"picked":"Dagger Spray","floor":2.0},{"not_picked":["Backflip","Dagger Throw"],"picked":"Flying Knee","floor":7.0},{"not_picked":["Deflect","Setup"],"picked":"Backflip","floor":10.0},{"not_picked":["Deadly Poison","Bouncing Flask"],"picked":"Sucker Punch+1","floor":12.0},{"not_picked":["Prepared","Terror"],"picked":"Slice+1","floor":14.0},{"not_picked":["Storm of Steel","Wraith Form v2"],"picked":"Burst","floor":16.0},{"not_picked":[],"picked":"Noxious Fumes","floor":18.0},{"not_picked":[],"picked":"Catalyst","floor":22.0},{"not_picked":[],"picked":"After Image","floor":24.0}],"player_experience":568958,"relics_obtained":[{"floor":9.0,"key":"Molten Egg 2"},{"floor":10.0,"key":"Regal Pillow"},{"floor":20.0,"key":"Nilry\u0027s Codex"},{"floor":24.0,"key":"Gremlin Horn"},{"floor":26.0,"key":"Calipers"}],"event_choices":[{"damage_healed":0.0,"max_hp_gain":0.0,"max_hp_loss":0.0,"gold_gain":0.0,"event_name":"Shining Light","player_choice":"Entered Light","floor":3.0,"gold_loss":0.0,"damage_taken":20.0,"cards_upgraded":["Defend_G","Defend_G"]},{"damage_healed":22.0,"max_hp_gain":0.0,"max_hp_loss":0.0,"gold_gain":0.0,"event_name":"Big Fish","player_choice":"Banana","floor":4.0,"gold_loss":0.0,"damage_taken":0.0},{"cards_removed":["Strike_G"],"damage_healed":0.0,"max_hp_gain":0.0,"max_hp_loss":0.0,"gold_gain":0.0,"event_name":"Living Wall","player_choice":"Forget","floor":11.0,"gold_loss":0.0,"damage_taken":0.0},{"damage_healed":0.0,"max_hp_gain":0.0,"max_hp_loss":0.0,"gold_gain":0.0,"event_name":"Cursed Tome","player_choice":"Obtained Book","floor":20.0,"gold_loss":0.0,"damage_taken":21.0},{"damage_healed":0.0,"max_hp_gain":0.0,"max_hp_loss":0.0,"gold_gain":0.0,"cards_transformed":["Strike_G","Strike_G"],"event_name":"Drug Dealer","player_choice":"Became Test Subject","floor":21.0,"gold_loss":0.0,"damage_taken":0.0,"cards_obtained":["Eviscerate","Expertise"]},{"damage_healed":0.0,"max_hp_gain":0.0,"max_hp_loss":0.0,"gold_gain":0.0,"event_name":"Beggar","player_choice":"Ignored","floor":25.0,"gold_loss":0.0,"damage_taken":0.0}],"is_beta":false,"boss_relics":[{"not_picked":["Fusion Hammer","White Beast Statue"],"picked":"Busted Crown"}],"items_purged_floors":[19],"is_endless":false,"potions_floor_spawned":[7,10,12,14,22],"killed_by":"Book of Stabbing","ascension_level":18}