{"gold_per_floor":[111,261,261,261,278,307,307,232,257,257,284,284,314,328,328,403,403,413,431,431,13,31,63,63,98,98,98,98,98,98],"floor_reached":30,"playtime":1254,"items_purged":["Doubt","Normality"],"score":562,"play_id":"c6593981-8453-4046-b3ad-af11165c7846","local_time":"20180808194617","is_ascension_mode":true,"campfire_choices":[{"data":"Loop","floor":7,"key":"SMITH"},{"data":"Biased Cognition","floor":10,"key":"SMITH"},{"data":"Auto Shields","floor":15,"key":"SMITH"},{"floor":24,"key":"REST"},{"floor":27,"key":"REST"}],"neow_cost":"NONE","seed_source_timestamp":2423944829949777,"circlet_count":0,"master_deck":["Strike_B+1","Strike_B+1","Strike_B","Defend_B","Defend_B","Defend_B","Defend_B","Zap+1","Dualcast","AscendersBane","Glacier","Loop+1","Biased Cognition+1","Auto Shields+1","Compile Driver","Echo Form","Glacier","Conserve Battery","Self Repair","Rainbow","Go for the Eyes","Ball Lightning+1","Capacitor","Ghostly","Ghostly","Ghostly","Ghostly","Ghostly"],"relics":["Cracked Core","NeowsBlessing","Bronze Scales","Bag of Preparation","Sundial","Whetstone","Potion Belt","Black Star","Ornamental Fan","Symbiotic Virus","Unceasing Top","Emotion Chip","Happy Flower","Juzu Bracelet","Bag of Marbles"],"potions_floor_usage":[16,23,23,23,25,25,30],"damage_taken":[{"damage":0,"enemies":"2 Louse","floor":1,"turns":1},{"damage":0,"enemies":"Small Slimes","floor":5,"turns":1},{"damage":0,"enemies":"Gremlin Nob","floor":6,"turns":1},{"damage":4,"enemies":"3 Sentries","floor":11,"turns":7},{"damage":5,"enemies":"Gremlin Nob","floor":13,"turns":4},{"damage":2,"enemies":"Jaw Worm","floor":14,"turns":3},{"damage":6,"enemies":"Slime Boss","floor":16,"turns":11},{"damage":7,"enemies":"Spheric Guardian","floor":18,"turns":4},{"damage":31,"enemies":"3 Byrds","floor":19,"turns":4},{"damage":17,"enemies":"Snake Plant","floor":22,"turns":5},{"damage":3,"enemies":"Slavers","floor":23,"turns":5},{"damage":12,"enemies":"Book of Stabbing","floor":25,"turns":5},{"damage":35,"enemies":"Gremlin Leader","floor":30,"turns":8}],"seed_played":"-2136071714716491782","potions_obtained":[{"floor":5,"key":"SkillPotion"},{"floor":6,"key":"EssenceOfSteel"},{"floor":16,"key":"FocusPotion"},{"floor":19,"key":"Poison Potion"},{"floor":23,"key":"EntropicBrew"}],"is_trial":false,"path_per_floor":["M","?","?","?","M","E","R","$","T","R","E","T","E","M","R","B",null,"M","M","?","$","M","E","R","E","T","R","?","?"],"character_chosen":"DEFECT","items_purchased":["Symbiotic Virus","Self Repair"],"campfire_rested":2,"item_purchase_floors":[21,21],"current_hp_per_floor":[64,64,64,64,64,64,64,64,64,64,60,60,55,53,53,47,65,58,27,27,27,17,14,35,30,30,51,51,35,0],"gold":98,"neow_bonus":"THREE_ENEMY_KILL","is_prod":false,"is_daily":false,"chose_seed":false,"campfire_upgraded":3,"win_rate":0,"timestamp":1533750377,"path_taken":["M","?","?","?","M","E","R","$","T","R","E","?","E","M","R","BOSS","M","M","?","$","M","E","R","E","T","R","?","?","E"],"build_version":"2018-08-02","purchased_purges":2,"victory":false,"max_hp_per_floor":[71,71,71,71,71,71,71,71,71,71,71,71,71,71,71,71,71,71,71,71,71,71,71,71,71,71,71,71,35,35],"card_choices":[{"not_picked":["Sweeping Beam","Cold Snap"],"picked":"Glacier","floor":1},{"not_picked":["Sweeping Beam","Redo"],"picked":"Loop","floor":5},{"not_picked":["Barrage","Sweeping Beam"],"picked":"Biased Cognition","floor":6},{"not_picked":["Barrage","Undo"],"picked":"Auto Shields","floor":11},{"not_picked":["Auto Shields","Multi-Cast","Storm"],"picked":"SKIP","floor":13},{"not_picked":["Stack","Conserve Battery"],"picked":"Compile Driver","floor":14},{"not_picked":["Biased Cognition","Fission"],"picked":"Echo Form","floor":16},{"not_picked":["Turbo","Sweeping Beam"],"picked":"Glacier","floor":18},{"not_picked":["Rebound","Steam"],"picked":"Conserve Battery","floor":19},{"not_picked":["Steam","Skim"],"picked":"Rainbow","floor":22},{"not_picked":["Cold Snap","Rebound"],"picked":"Go for the Eyes","floor":23},{"not_picked":["Coolheaded+1","Stack"],"picked":"Ball Lightning+1","floor":25}],"player_experience":932507,"relics_obtained":[{"floor":6,"key":"Bronze Scales"},{"floor":9,"key":"Bag of Preparation"},{"floor":11,"key":"Sundial"},{"floor":12,"key":"Whetstone"},{"floor":13,"key":"Potion Belt"},{"floor":23,"key":"Unceasing Top"},{"floor":23,"key":"Emotion Chip"},{"floor":25,"key":"Happy Flower"},{"floor":25,"key":"Juzu Bracelet"},{"floor":26,"key":"Bag of Marbles"}],"event_choices":[{"event_name":"Liars Game","player_choice":"agreed","floor":2,"damage_taken":0},{"event_name":"Living Wall","player_choice":"Grow","floor":3,"damage_taken":0},{"event_name":"Scrap Ooze","player_choice":"unsuccessful","floor":4,"damage_taken":0},{"event_name":"Accursed Blacksmith","player_choice":"Rummage","floor":20,"damage_taken":0},{"event_name":"Transmorgrifier","player_choice":"Transform","floor":28,"damage_taken":0},{"event_name":"Ghosts","player_choice":"Became a Ghost","floor":29,"damage_taken":0}],"is_beta":false,"boss_relics":[{"not_picked":["White Beast Statue","Eternal Feather"],"picked":"Black Star"}],"items_purged_floors":[8,21],"is_endless":false,"potions_floor_spawned":[5,6,11,16,19,23],"killed_by":"Gremlin Leader","ascension_level":15}