{"gold_per_floor":[117,131,141,141,157,157,181,181,181,63,83,83,96,246,246,339,339],"floor_reached":17,"playtime":436,"items_purged":[],"score":298,"play_id":"4a71a15a-9cf4-4ebe-9a7f-ca3c5d27b94a","local_time":"20190303173432","is_ascension_mode":true,"campfire_choices":[{"data":"Zap","floor":6,"key":"SMITH"},{"data":"Sweeping Beam","floor":8,"key":"SMITH"},{"data":"Hello World","floor":12,"key":"SMITH"},{"data":"Defragment","floor":15,"key":"SMITH"}],"neow_cost":"NONE","seed_source_timestamp":206255796942571,"circlet_count":0,"master_deck":["AscendersBane","Strike_B","Strike_B","Strike_B","Strike_B","Defend_B","Defend_B","Defend_B","Defend_B","Zap+1","Dualcast","Beam Cell","Sweeping Beam+1","Rebound","Glacier","Hello World+1","Steam Power","Melter","FTL","Defragment+1","Doubt","Electrodynamics"],"relics":["Runic Dome","Golden Idol","Sundial","Cursed Key"],"potions_floor_usage":[],"damage_taken":[{"damage":1,"enemies":"Cultist","floor":1,"turns":4},{"damage":4,"enemies":"Jaw Worm","floor":2,"turns":4},{"damage":5,"enemies":"2 Louse","floor":3,"turns":4},{"damage":6,"enemies":"Blue Slaver","floor":5,"turns":3},{"damage":3,"enemies":"3 Louse","floor":7,"turns":3},{"damage":9,"enemies":"2 Fungi Beasts","floor":11,"turns":2},{"damage":6,"enemies":"Lots of Slimes","floor":13,"turns":2},{"damage":9,"enemies":"Hexaghost","floor":16,"turns":12}],"seed_played":"-7542050814360700815","potions_obtained":[{"floor":3,"key":"Weak Potion"},{"floor":7,"key":"Weak Potion"}],"is_trial":false,"path_per_floor":["M","M","M","?","M","R","M","R","T","$","M","R","M","?","R","B",null],"character_chosen":"DEFECT","items_purchased":["Steam Power","Melter"],"campfire_rested":0,"item_purchase_floors":[10,10],"current_hp_per_floor":[63,59,54,54,48,48,45,45,45,45,36,36,30,30,30,21,53],"gold":339,"neow_bonus":"BOSS_RELIC","is_prod":false,"is_daily":false,"chose_seed":false,"campfire_upgraded":4,"win_rate":0,"timestamp":1551652472,"path_taken":["M","M","M","?","M","R","M","R","T","$","M","R","M","?","R","BOSS"],"build_version":"2019-01-23","purchased_purges":0,"victory":false,"max_hp_per_floor":[71,71,71,64,64,64,64,64,64,64,64,64,64,64,64,64,64],"card_choices":[{"not_picked":["Redo","Hologram"],"picked":"Beam Cell","floor":1},{"not_picked":["Coolheaded","Recycle"],"picked":"Sweeping Beam","floor":2},{"not_picked":["Beam Cell","Redo"],"picked":"Rebound","floor":3},{"not_picked":["Reprogram","Gash"],"picked":"Glacier","floor":5},{"not_picked":["Meteor Strike","Barrage"],"picked":"Hello World","floor":7},{"not_picked":["Double Energy","Cold Snap"],"picked":"FTL","floor":11},{"not_picked":["Force Field","Compile Driver"],"picked":"Defragment","floor":13},{"not_picked":["Machine Learning","Thunder Strike"],"picked":"Electrodynamics","floor":16}],"player_experience":671512,"relics_obtained":[{"floor":9,"key":"Sundial"}],"event_choices":[{"damage_healed":0,"gold_gain":0,"player_choice":"Lose Max HP","damage_taken":0,"relics_obtained":["Golden Idol"],"max_hp_gain":0,"max_hp_loss":7,"event_name":"Golden Idol","floor":4,"gold_loss":0},{"damage_healed":0,"gold_gain":150,"player_choice":"AGREE","damage_taken":0,"max_hp_gain":0,"max_hp_loss":0,"event_name":"Liars Game","floor":14,"gold_loss":0,"cards_obtained":["Doubt"]}],"is_beta":false,"boss_relics":[{"not_picked":["Eternal Feather","Philosopher\u0027s Stone"],"picked":"Cursed Key"}],"items_purged_floors":[],"is_endless":false,"potions_floor_spawned":[3,7],"ascension_level":20}