{"gold_per_floor":[113,124,399,125,144,144,162,193,193,205,205],"floor_reached":11,"playtime":436,"items_purged":["Regret"],"score":98,"play_id":"e2cc6712-55da-45c5-a263-bde7012e3ae5","local_time":"20180917004849","is_ascension_mode":true,"campfire_choices":[{"data":"Thunder Strike","floor":6,"key":"SMITH"}],"neow_cost":"","seed_source_timestamp":196694980226461,"circlet_count":0,"master_deck":["Strike_B","Strike_B","Strike_B","Strike_B","Defend_B","Defend_B","Defend_B","Defend_B","Zap","Dualcast","Coolheaded","Conserve Battery","Thunder Strike+1","Storm","Ball Lightning","Consume","Hologram","Force Field"],"relics":["Cracked Core","Juzu Bracelet","Omamori","Golden Idol"],"potions_floor_usage":[8],"damage_taken":[{"damage":1,"enemies":"2 Louse","floor":1,"turns":3},{"damage":1,"enemies":"Cultist","floor":2,"turns":3},{"damage":5,"enemies":"Jaw Worm","floor":5,"turns":3},{"damage":2,"enemies":"3 Louse","floor":7,"turns":3},{"damage":43,"enemies":"Gremlin Nob","floor":8,"turns":5},{"damage":2,"enemies":"Large Slime","floor":10,"turns":6}],"seed_played":"-2870221926716814038","potions_obtained":[{"floor":2,"key":"SteroidPotion"},{"floor":7,"key":"PowerPotion"},{"floor":8,"key":"SteroidPotion"}],"is_trial":false,"path_per_floor":["M","M","?","$","M","R","M","E","T","M"],"character_chosen":"DEFECT","items_purchased":["Thunder Strike","Storm","Ball Lightning"],"campfire_rested":0,"item_purchase_floors":[4,4,4],"current_hp_per_floor":[67,66,66,66,61,61,59,16,16,14,0],"gold":205,"neow_bonus":"","is_prod":false,"is_daily":false,"chose_seed":false,"campfire_upgraded":1,"win_rate":0,"timestamp":1537159729,"path_taken":["M","M","?","$","M","R","M","E","T","M","?"],"build_version":"2018-09-06","purchased_purges":1,"victory":false,"max_hp_per_floor":[75,75,75,75,75,75,75,75,75,75,75],"card_choices":[{"not_picked":["Compile Driver","Barrage"],"picked":"Coolheaded","floor":1},{"not_picked":["Stack","Lockon"],"picked":"Conserve Battery","floor":2},{"not_picked":["FTL","Doom and Gloom"],"picked":"Consume","floor":5},{"not_picked":["Stack","Barrage","Reinforced Body"],"picked":"SKIP","floor":7},{"not_picked":["Chill","Sweeping Beam"],"picked":"Hologram","floor":8},{"not_picked":["Gash","Doom and Gloom"],"picked":"Force Field","floor":10}],"player_experience":197459,"relics_obtained":[{"floor":8,"key":"Juzu Bracelet"},{"floor":9,"key":"Omamori"}],"event_choices":[{"event_name":"Golden Shrine","player_choice":"Desecrate","floor":3,"damage_taken":0}],"is_beta":false,"boss_relics":[],"items_purged_floors":[4],"is_endless":false,"potions_floor_spawned":[2,7,8],"ascension_level":6}