{"gold_per_floor":[11,11,29,45,63,63,97,117,185,185,185,210,235,255,255,255],"floor_reached":16,"playtime":1851,"items_purged":[],"score":111,"play_id":"c12a077e-e441-4a8e-bc52-e589015af013","local_time":"20180921231303","is_ascension_mode":true,"campfire_choices":[{"data":"Zap","floor":6,"key":"SMITH"},{"floor":15,"key":"DIG"}],"neow_cost":"NO_GOLD","seed_source_timestamp":239592252536455,"circlet_count":0,"master_deck":["Strike_B","Strike_B","Strike_B","Strike_B","Defend_B","Defend_B","Defend_B","Defend_B","Zap+1","Dualcast","Thunder Strike","Auto Shields","Auto Shields","Conserve Battery","Gash","Conserve Battery","Streamline","Parasite","Regret","Storm","Doom and Gloom","Beam Cell"],"relics":["Cracked Core","Golden Idol","Anchor","The Courier","Shovel","Blood Vial"],"potions_floor_usage":[7,16,16],"damage_taken":[{"damage":2,"enemies":"Small Slimes","floor":1,"turns":5},{"damage":0,"enemies":"2 Louse","floor":3,"turns":4},{"damage":7,"enemies":"Jaw Worm","floor":4,"turns":4},{"damage":13,"enemies":"Lots of Slimes","floor":5,"turns":6},{"damage":8,"enemies":"3 Sentries","floor":7,"turns":8},{"damage":0,"enemies":"3 Louse","floor":8,"turns":4},{"damage":11,"enemies":"2 Fungi Beasts","floor":12,"turns":5},{"damage":2,"enemies":"Gremlin Gang","floor":13,"turns":5},{"damage":11,"enemies":"Exordium Thugs","floor":14,"turns":6},{"damage":27,"enemies":"The Guardian","floor":16,"turns":5}],"seed_played":"-1935919688805216345","potions_obtained":[{"floor":1,"key":"Fire Potion"},{"floor":5,"key":"LiquidBronze"},{"floor":7,"key":"Swift Potion"},{"floor":8,"key":"SkillPotion"}],"is_trial":false,"path_per_floor":["M","?","M","M","M","R","E","M","T","?","?","M","M","M","R"],"character_chosen":"DEFECT","items_purchased":[],"campfire_rested":0,"item_purchase_floors":[],"current_hp_per_floor":[73,55,55,48,35,35,27,27,27,45,45,34,32,21,21,0],"gold":255,"neow_bonus":"THREE_RARE_CARDS","is_prod":false,"is_daily":false,"chose_seed":false,"campfire_upgraded":1,"win_rate":0,"timestamp":1537596783,"path_taken":["M","?","M","M","M","R","E","M","T","?","?","?","M","M","R","BOSS"],"build_version":"2018-09-20","purchased_purges":0,"victory":false,"max_hp_per_floor":[75,75,75,75,75,75,75,75,75,75,75,75,75,75,75,75],"card_choices":[{"not_picked":["Buffer","Amplify"],"picked":"Thunder Strike","floor":0},{"not_picked":["Steam","Leap"],"picked":"Auto Shields","floor":1},{"not_picked":["Stack","Steam"],"picked":"Auto Shields","floor":3},{"not_picked":["Redo","Barrage"],"picked":"Conserve Battery","floor":4},{"not_picked":["Rebound","Auto Shields"],"picked":"Gash","floor":5},{"not_picked":["Steam","Stack"],"picked":"Conserve Battery","floor":7},{"not_picked":["Lockon","Reinforced Body"],"picked":"Streamline","floor":8},{"not_picked":["Darkness","Stack"],"picked":"Storm","floor":12},{"not_picked":["Compile Driver","Turbo"],"picked":"Doom and Gloom","floor":13},{"not_picked":["Steam Power","Barrage"],"picked":"Beam Cell","floor":14}],"player_experience":150427,"relics_obtained":[{"floor":7,"key":"Anchor"},{"floor":9,"key":"The Courier"},{"floor":15,"key":"Blood Vial"}],"event_choices":[{"event_name":"Golden Idol","player_choice":"Take Damage","floor":2,"damage_taken":0},{"event_name":"Mushrooms","player_choice":"Healed and dodged fight","floor":10,"damage_taken":0},{"event_name":"Big Fish","player_choice":"Box","floor":11,"damage_taken":0}],"is_beta":false,"boss_relics":[],"items_purged_floors":[],"is_endless":false,"potions_floor_spawned":[1,5,7,8],"killed_by":"The Guardian","ascension_level":1}