{"gold_per_floor":[360,360,142,160,177,177,199,229,229,83,83,112,62,80,80,185,185,201,214,314,62,62,62],"floor_reached":23,"playtime":1270,"items_purged":["Parasite","Strike_R"],"score":197,"play_id":"a9a80412-7a86-4783-92ac-dfcb5a5a9266","local_time":"20190306212724","is_ascension_mode":false,"campfire_choices":[{"data":"Flex","floor":6,"key":"SMITH"},{"data":"Inflame","floor":11,"key":"SMITH"},{"data":"Whirlwind","floor":15,"key":"SMITH"}],"neow_cost":"CURSE","seed_source_timestamp":36475061765729,"circlet_count":0,"master_deck":["Strike_R","Strike_R","Strike_R","Defend_R","Defend_R+1","Defend_R+1","Defend_R","Bash","Cleave","Shrug It Off","Wild Strike","Evolve","Heavy Blade","Flex+1","Whirlwind+1","Iron Wave","Inflame+1","Battle Trance+1","Pommel Strike","Shrug It Off+1","Demon Form","True Grit+1","Heavy Blade"],"relics":["Burning Blood","Odd Mushroom","Toxic Egg 2","War Paint","Strawberry","Sozu","Unceasing Top","Pantograph","Oddly Smooth Stone"],"potions_floor_usage":[7,7,8,14,18,20],"damage_taken":[{"damage":10,"enemies":"Jaw Worm","floor":1,"turns":4},{"damage":6,"enemies":"Cultist","floor":4,"turns":4},{"damage":0,"enemies":"2 Louse","floor":5,"turns":2},{"damage":32,"enemies":"The Mushroom Lair","floor":7,"turns":5},{"damage":13,"enemies":"Gremlin Nob","floor":8,"turns":4},{"damage":10,"enemies":"3 Sentries","floor":12,"turns":4},{"damage":4,"enemies":"Blue Slaver","floor":14,"turns":3},{"damage":60,"enemies":"The Guardian","floor":16,"turns":10},{"damage":19,"enemies":"Spheric Guardian","floor":18,"turns":4},{"damage":16,"enemies":"Shell Parasite","floor":19,"turns":5},{"damage":24,"enemies":"Colosseum Slavers","floor":20,"turns":4},{"damage":14,"enemies":"Colosseum Nobs","floor":20,"turns":4},{"damage":63,"enemies":"Slavers","floor":23,"turns":6}],"seed_played":"-2073802273948006903","potions_obtained":[{"floor":2,"key":"SkillPotion"},{"floor":2,"key":"Regen Potion"},{"floor":2,"key":"Ancient Potion"},{"floor":7,"key":"Regen Potion"},{"floor":12,"key":"Regen Potion"},{"floor":16,"key":"PowerPotion"}],"is_trial":false,"path_per_floor":["M","?","$","M","M","R","?","E","T","$","R","E","?","M","R","B",null,"M","M","?","$","?","E"],"character_chosen":"IRONCLAD","items_purchased":["Shrug It Off","Wild Strike","Evolve","Inflame","Battle Trance+1","Oddly Smooth Stone"],"campfire_rested":0,"item_purchase_floors":[3,3,3,10,10,21],"current_hp_per_floor":[76,76,76,76,77,77,63,68,68,68,68,71,71,82,82,28,84,71,61,35,35,63,0],"gold":62,"neow_bonus":"TWO_FIFTY_GOLD","is_prod":false,"is_daily":false,"chose_seed":false,"campfire_upgraded":3,"win_rate":0,"timestamp":1551936444,"path_taken":["M","?","$","?","M","R","?","E","T","?","R","E","?","M","R","BOSS","M","M","?","$","?","E"],"build_version":"2019-01-23","purchased_purges":2,"victory":false,"max_hp_per_floor":[80,80,77,77,77,77,77,77,77,77,77,84,84,84,84,84,84,84,84,84,84,84,84],"card_choices":[{"not_picked":["Havoc","Clothesline"],"picked":"Cleave","floor":1},{"not_picked":["Rampage","Flex"],"picked":"Heavy Blade","floor":4},{"not_picked":["Sever Soul","Reckless Charge"],"picked":"Flex","floor":5},{"not_picked":["Power Through","Metallicize"],"picked":"Whirlwind","floor":7},{"not_picked":["Reckless Charge","Thunderclap"],"picked":"Iron Wave","floor":8},{"not_picked":["Evolve","Impervious+1"],"picked":"Pommel Strike","floor":12},{"not_picked":["Bloodletting+1","Anger"],"picked":"Shrug It Off+1","floor":14},{"not_picked":["Brutality","Exhume+1"],"picked":"Demon Form","floor":16},{"not_picked":["Sword Boomerang","Ghostly Armor+1"],"picked":"True Grit+1","floor":18},{"not_picked":["Infernal Blade+1","Havoc+1","True Grit+1"],"picked":"SKIP","floor":19},{"not_picked":["Clash+1","Bloodletting+1"],"picked":"Heavy Blade","floor":20}],"player_experience":326719,"relics_obtained":[{"floor":7,"key":"Odd Mushroom"},{"floor":8,"key":"Toxic Egg 2"},{"floor":9,"key":"War Paint"},{"floor":12,"key":"Strawberry"},{"floor":20,"key":"Unceasing Top"},{"floor":20,"key":"Pantograph"}],"event_choices":[{"damage_healed":0,"gold_gain":0,"player_choice":"Got Potions","damage_taken":0,"max_hp_gain":0,"max_hp_loss":0,"event_name":"Lab","floor":2,"gold_loss":0},{"damage_healed":0,"gold_gain":0,"player_choice":"Fought Mushrooms","damage_taken":0,"max_hp_gain":0,"max_hp_loss":0,"event_name":"Mushrooms","floor":7,"gold_loss":0},{"cards_removed":["Strike_R"],"damage_healed":0,"gold_gain":0,"player_choice":"Card Removal","damage_taken":0,"max_hp_gain":0,"max_hp_loss":0,"event_name":"The Cleric","floor":13,"gold_loss":50},{"damage_healed":0,"gold_gain":0,"player_choice":"Fight","damage_taken":0,"max_hp_gain":0,"max_hp_loss":0,"event_name":"Colosseum","floor":20,"gold_loss":0},{"damage_healed":0,"gold_gain":0,"player_choice":"Fought Nobs","damage_taken":0,"max_hp_gain":0,"max_hp_loss":0,"event_name":"Colosseum","floor":20,"gold_loss":0},{"damage_healed":28,"gold_gain":0,"player_choice":"Heal","damage_taken":0,"max_hp_gain":0,"max_hp_loss":0,"event_name":"The Library","floor":22,"gold_loss":0}],"is_beta":false,"boss_relics":[{"not_picked":["Runic Pyramid","Cursed Key"],"picked":"Sozu"}],"items_purged_floors":[3,21],"is_endless":false,"potions_floor_spawned":[5,7,12,16,18,20],"killed_by":"Slavers","ascension_level":0}