{"gold_per_floor":[209,224,13,13,30,30,40,40,88,103,116,116,116,132,132,132],"floor_reached":16,"playtime":531,"items_purged":[],"score":179,"play_id":"9277d7bd-1d6e-4e9a-b55e-ad149e00b3ec","local_time":"20181004130903","is_ascension_mode":true,"campfire_choices":[{"data":"Zap","floor":6,"key":"SMITH"},{"floor":13,"key":"REST"},{"data":"Tempest","floor":15,"key":"SMITH"}],"neow_cost":"NONE","seed_source_timestamp":1709936800607179,"circlet_count":0,"master_deck":["Strike_B","Strike_B","Strike_B","Defend_B","Defend_B","Defend_B","Defend_B","Zap+1","Dualcast","AscendersBane","Tempest+1","Storm","Conserve Battery","Core Surge","Tempest","Self Repair","Stack","Glacier","Coolheaded"],"relics":["Cracked Core","Bag of Preparation"],"potions_floor_usage":[11,11],"damage_taken":[{"damage":0,"enemies":"Cultist","floor":1,"turns":3},{"damage":1,"enemies":"Small Slimes","floor":2,"turns":3},{"damage":6,"enemies":"2 Louse","floor":5,"turns":2},{"damage":26,"enemies":"Exordium Wildlife","floor":7,"turns":5},{"damage":9,"enemies":"Lots of Slimes","floor":10,"turns":4},{"damage":28,"enemies":"3 Louse","floor":11,"turns":3},{"damage":4,"enemies":"Looter","floor":14,"turns":3},{"damage":41,"enemies":"Hexaghost","floor":16,"turns":9}],"seed_played":"-7454784166072302962","potions_obtained":[{"floor":1,"key":"GamblersBrew"},{"floor":2,"key":"EntropicBrew"},{"floor":14,"key":"Ancient Potion"}],"is_trial":false,"path_per_floor":["M","M","$","?","M","R","M","?","T","M","M","?","R","M","R"],"character_chosen":"DEFECT","items_purchased":["Conserve Battery","Core Surge"],"campfire_rested":1,"item_purchase_floors":[3,3],"current_hp_per_floor":[64,63,63,56,50,50,24,24,24,22,14,14,35,38,38,0],"gold":132,"neow_bonus":"HUNDRED_GOLD","is_prod":false,"is_daily":false,"chose_seed":false,"campfire_upgraded":2,"win_rate":0,"timestamp":1538672943,"path_taken":["M","M","$","?","M","R","M","?","T","M","?","?","R","M","R","BOSS"],"build_version":"2018-09-27","purchased_purges":0,"victory":false,"max_hp_per_floor":[71,71,71,71,71,71,71,71,71,71,71,71,71,71,71,71],"card_choices":[{"not_picked":["Steam","Sweeping Beam"],"picked":"Tempest","floor":1},{"not_picked":["Gash","Sweeping Beam"],"picked":"Storm","floor":2},{"not_picked":["Stack","Rebound"],"picked":"Tempest","floor":5},{"not_picked":["Hello World","Scrape"],"picked":"Self Repair","floor":7},{"not_picked":["Genetic Algorithm","Redo"],"picked":"Stack","floor":10},{"not_picked":["Heatsinks","Go for the Eyes"],"picked":"Glacier","floor":11},{"not_picked":["Redo","BootSequence"],"picked":"Coolheaded","floor":14}],"player_experience":301602,"relics_obtained":[{"floor":9,"key":"Bag of Preparation"}],"event_choices":[{"event_name":"Golden Wing","player_choice":"Card Removal","floor":4,"damage_taken":0},{"event_name":"Shining Light","player_choice":"Ignored","floor":8,"damage_taken":0},{"event_name":"Scrap Ooze","player_choice":"unsuccessful","floor":12,"damage_taken":0}],"is_beta":false,"boss_relics":[],"items_purged_floors":[],"is_endless":false,"potions_floor_spawned":[1,2,7,14],"killed_by":"Hexaghost","ascension_level":18}