{"gold_per_floor":[118,133,133,152,164,194,214,214,267,293,293,293],"floor_reached":12,"playtime":482,"items_purged":[],"score":158,"play_id":"2ab85313-8b61-4624-97b1-bda770cc1337","local_time":"20180809220337","is_ascension_mode":true,"campfire_choices":[{"data":"Neutralize","floor":8,"key":"SMITH"}],"neow_cost":"NONE","seed_source_timestamp":2519355624223246,"circlet_count":0,"master_deck":["Defend_G","Defend_G","Defend_G","Defend_G","Defend_G","Strike_G","Strike_G","Strike_G","Strike_G","Survivor","Neutralize+1","AscendersBane","Die Die Die","Dagger Spray","Deadly Poison","Poisoned Stab","Quick Slash","Catalyst","Blade Dance","Sucker Punch"],"relics":["Ring of the Snake","Shovel","Pen Nib","Darkstone Periapt"],"potions_floor_usage":[6,10,12],"damage_taken":[{"damage":1,"enemies":"Cultist","floor":1,"turns":4},{"damage":0,"enemies":"Small Slimes","floor":2,"turns":2},{"damage":2,"enemies":"2 Louse","floor":4,"turns":3},{"damage":0,"enemies":"2 Fungi Beasts","floor":5,"turns":2},{"damage":18,"enemies":"Lagavulin","floor":6,"turns":8},{"damage":1,"enemies":"Large Slime","floor":7,"turns":6},{"damage":25,"enemies":"Gremlin Nob","floor":10,"turns":4},{"damage":25,"enemies":"Lagavulin","floor":12,"turns":3}],"seed_played":"8012712725802996540","potions_obtained":[{"floor":1,"key":"Dexterity Potion"},{"floor":6,"key":"Ancient Potion"},{"floor":10,"key":"Regen Potion"}],"is_trial":false,"path_per_floor":["M","M","?","M","M","E","M","R","T","E","?"],"character_chosen":"THE_SILENT","items_purchased":[],"campfire_rested":0,"item_purchase_floors":[],"current_hp_per_floor":[58,58,58,56,56,38,37,37,37,12,12,0],"gold":293,"neow_bonus":"TRANSFORM_CARD","is_prod":false,"is_daily":false,"chose_seed":false,"campfire_upgraded":1,"win_rate":0,"timestamp":1533845017,"path_taken":["M","?","?","M","M","E","M","R","T","E","?","E"],"build_version":"2018-08-02","purchased_purges":0,"victory":false,"max_hp_per_floor":[66,66,66,66,66,66,66,66,66,66,66,66],"card_choices":[{"not_picked":["Terror","Prepared"],"picked":"Dagger Spray","floor":1},{"not_picked":["Setup","Dagger Spray"],"picked":"Deadly Poison","floor":2},{"not_picked":["Escape Plan","Cloak And Dagger"],"picked":"Poisoned Stab","floor":4},{"not_picked":["Deflect","Cloak And Dagger"],"picked":"Quick Slash","floor":5},{"not_picked":["Night Terror","Caltrops"],"picked":"Catalyst","floor":6},{"not_picked":["All Out Attack","Deflect"],"picked":"Blade Dance","floor":7},{"not_picked":["Prepared","Reflex"],"picked":"Sucker Punch","floor":10}],"player_experience":940881,"relics_obtained":[{"floor":6,"key":"Shovel"},{"floor":9,"key":"Pen Nib"},{"floor":10,"key":"Darkstone Periapt"}],"event_choices":[{"event_name":"Scrap Ooze","player_choice":"unsuccessful","floor":3,"damage_taken":0},{"event_name":"Golden Idol","player_choice":"Ignored","floor":11,"damage_taken":0}],"is_beta":false,"boss_relics":[],"items_purged_floors":[],"is_endless":false,"potions_floor_spawned":[1,6,10],"killed_by":"Lagavulin","ascension_level":15}