{"gold_per_floor":[117,128,145,96,112,112,143,60,60,74,93,93,93,120,120,216,216,235,248,173,273,273,273,301,301,301,316,336,58,89,107,107,206,206,223,11,30,30,75,75,100,100,127,143,143,143,143,155,155,155,155,155,5,33,33],"floor_reached":55,"playtime":3252,"items_purged":["Strike_R","Strike_R","Strike_R","Strike_R"],"score":1177,"play_id":"8abd1d43-fed6-4801-a2ae-f1c3b77d89a8","local_time":"20190302111429","is_ascension_mode":true,"campfire_choices":[{"data":"Twin Strike","floor":6.0,"key":"SMITH"},{"data":"Body Slam","floor":13.0,"key":"SMITH"},{"floor":15.0,"key":"REST"},{"data":"Body Slam","floor":23.0,"key":"SMITH"},{"data":"Body Slam","floor":25,"key":"SMITH"},{"data":"Barricade","floor":32,"key":"SMITH"},{"data":"Entrench","floor":40,"key":"SMITH"},{"data":"Secret Technique","floor":42,"key":"SMITH"},{"data":"Impervious","floor":45,"key":"SMITH"},{"data":"Impervious","floor":47,"key":"SMITH"},{"floor":49,"key":"RECALL"},{"data":"Rage","floor":52,"key":"SMITH"}],"neow_cost":"PERCENT_DAMAGE","seed_source_timestamp":0,"circlet_count":0,"master_deck":["AscendersBane","Defend_R","Defend_R","Defend_R","Defend_R","Bash","Impervious+1","Ghostly Armor","Seeing Red","Metallicize","Twin Strike+1","Twin Strike","Spot Weakness","Metallicize","Body Slam+1","Berserk","Body Slam+1","Heavy Blade+1","Body Slam+1","Seeing Red","Shrug It Off","Spot Weakness","Good Instincts","Barricade+1","Impervious+1","Entrench+1","Finesse","Secret Technique+1","Good Instincts","Rage+1","Writhe","Pummel","Shrug It Off"],"special_seed":0,"relics":["Burning Blood","Kunai","Paper Frog","Singing Bowl","Coffee Dripper","Pocketwatch","Letter Opener","Oddly Smooth Stone","Vajra","Philosopher\u0027s Stone","Du-Vu Doll","Dream Catcher","Bronze Scales","Ornamental Fan"],"potions_floor_usage":[27,30,30,35,48,50],"damage_taken":[{"damage":7.0,"enemies":"Jaw Worm","floor":1.0,"turns":5.0},{"damage":1.0,"enemies":"2 Louse","floor":2.0,"turns":3.0},{"damage":10.0,"enemies":"Cultist","floor":3.0,"turns":4.0},{"damage":10.0,"enemies":"Exordium Wildlife","floor":5.0,"turns":5.0},{"damage":29.0,"enemies":"Gremlin Nob","floor":7.0,"turns":5.0},{"damage":9.0,"enemies":"2 Fungi Beasts","floor":10.0,"turns":5.0},{"damage":5.0,"enemies":"Blue Slaver","floor":11.0,"turns":6.0},{"damage":15.0,"enemies":"3 Sentries","floor":14.0,"turns":9.0},{"damage":6.0,"enemies":"The Guardian","floor":16.0,"turns":14.0},{"damage":4.0,"enemies":"Shell Parasite","floor":18.0,"turns":8.0},{"damage":8.0,"enemies":"Spheric Guardian","floor":19.0,"turns":3.0},{"damage":26.0,"enemies":"Colosseum Slavers","floor":21.0,"turns":7.0},{"damage":12.0,"enemies":"Colosseum Nobs","floor":21.0,"turns":5.0},{"damage":29,"enemies":"Gremlin Leader","floor":24,"turns":7},{"damage":0,"enemies":"Snake Plant","floor":27,"turns":2},{"damage":2,"enemies":"Sentry and Sphere","floor":28,"turns":5},{"damage":12,"enemies":"Book of Stabbing","floor":30,"turns":4},{"damage":22,"enemies":"Snecko","floor":31,"turns":5},{"damage":8,"enemies":"Automaton","floor":33,"turns":11},{"damage":5,"enemies":"3 Shapes","floor":35,"turns":3},{"damage":6,"enemies":"Orb Walker","floor":37,"turns":3},{"damage":0,"enemies":"2 Orb Walkers","floor":39,"turns":4},{"damage":59,"enemies":"Reptomancer","floor":41,"turns":7},{"damage":12,"enemies":"Spire Growth","floor":44,"turns":2},{"damage":1,"enemies":"Sphere and 2 Shapes","floor":48,"turns":5},{"damage":33,"enemies":"Time Eater","floor":50,"turns":11},{"damage":64,"enemies":"Shield and Spear","floor":54,"turns":9},{"damage":40,"enemies":"The Heart","floor":55,"turns":2}],"seed_played":"-2188464892271557395","potions_obtained":[{"floor":1.0,"key":"Swift Potion"},{"floor":11.0,"key":"Weak Potion"},{"floor":14.0,"key":"AttackPotion"},{"floor":16.0,"key":"EntropicBrew"},{"floor":21.0,"key":"SteroidPotion"},{"floor":24,"key":"GamblersBrew"},{"floor":27,"key":"Energy Potion"},{"floor":33,"key":"SkillPotion"},{"floor":37,"key":"LiquidBronze"},{"floor":44,"key":"SkillPotion"},{"floor":48,"key":"AttackPotion"},{"floor":54,"key":"Weak Potion"}],"is_trial":false,"path_per_floor":["M","M","M","$","M","R","E","$","T","M","M","?","R","E","R","B",null,"M","M","$","?","?","R","E","R","T","M","M","$","E","M","R","B",null,"M","$","M","?","?","R","E","R","T","M","R","?","R","M","R","B",null,"R","$","E","B"],"character_chosen":"IRONCLAD","items_purchased":["Twin Strike","Metallicize","Body Slam","Shrug It Off","Spot Weakness","Good Instincts","Finesse"],"campfire_rested":1,"item_purchase_floors":[4,8,8,29,29,29,36],"current_hp_per_floor":[50,55,51,51,47,47,24,24,24,21,22,22,22,15,39,39,71,73,71,71,45,45,45,24,24,24,32,36,36,30,16,16,14,70,71,71,73,65,73,73,22,22,22,16,16,40,40,45,45,18,77,77,77,19,0],"gold":33,"neow_bonus":"THREE_RARE_CARDS","is_prod":false,"is_daily":false,"chose_seed":false,"campfire_upgraded":10,"win_rate":0,"timestamp":1551514469,"path_taken":["M","M","M","$","M","R","E","$","T","M","M","?","R","E","R","BOSS","M","M","$","?","?","R","E","R","T","?","M","$","E","M","R","BOSS","M","$","M","?","?","R","E","R","T","M","R","?","R","M","R","BOSS","R","$","E","BOSS"],"build_version":"2019-01-23","purchased_purges":4,"victory":false,"max_hp_per_floor":[80,80,80,80,80,80,80,80,80,80,80,80,80,82,82,82,82,82,82,82,82,82,82,84,84,84,86,86,86,86,88,88,88,88,88,88,90,92,94,94,96,96,96,96,96,96,96,96,96,96,96,96,96,96,96],"card_choices":[{"not_picked":["Fiend Fire","Double Tap"],"picked":"Impervious","floor":0.0},{"not_picked":["Intimidate","Twin Strike"],"picked":"Ghostly Armor","floor":1.0},{"not_picked":["Flex","Headbutt"],"picked":"Seeing Red","floor":2.0},{"not_picked":["Havoc","Hemokinesis"],"picked":"Metallicize","floor":3.0},{"not_picked":["Wild Strike","Fiend Fire"],"picked":"Twin Strike","floor":5.0},{"not_picked":["Double Tap","Bloodletting"],"picked":"Spot Weakness","floor":7.0},{"not_picked":["Thunderclap","Armaments","Anger"],"picked":"SKIP","floor":10.0},{"not_picked":["Blood for Blood","Power Through","Anger"],"picked":"SKIP","floor":11.0},{"not_picked":["Thunderclap","Armaments","Second Wind"],"picked":"Singing Bowl","floor":14.0},{"not_picked":["Brutality","Bludgeon"],"picked":"Berserk","floor":16.0},{"not_picked":["Flame Barrier","Feel No Pain"],"picked":"Body Slam","floor":18.0},{"not_picked":["Seeing Red","Thunderclap"],"picked":"Heavy Blade+1","floor":19.0},{"not_picked":["Sever Soul","Pummel+1"],"picked":"Body Slam","floor":21.0},{"not_picked":["Perfected Strike","Pommel Strike","Second Wind"],"picked":"Singing Bowl","floor":24},{"not_picked":["Perfected Strike","Dark Embrace","Searing Blow"],"picked":"Singing Bowl","floor":27},{"not_picked":["Bloodletting","Sword Boomerang"],"picked":"Seeing Red","floor":28},{"not_picked":["Flame Barrier","Havoc"],"picked":"Barricade","floor":30},{"not_picked":["Uppercut+1","Flex","True Grit"],"picked":"Singing Bowl","floor":31},{"not_picked":["Exhume","Barricade"],"picked":"Impervious","floor":33},{"not_picked":["Shrug It Off","Heavy Blade"],"picked":"Entrench","floor":35},{"not_picked":["Spot Weakness","Wild Strike+1","True Grit"],"picked":"Singing Bowl","floor":37},{"not_picked":["Blind","Transmutation"],"picked":"Secret Technique","floor":38},{"not_picked":["Bandage Up","Mind Blast"],"picked":"Good Instincts","floor":38},{"not_picked":["Magnetism","Metamorphosis","Mayhem"],"picked":"Singing Bowl","floor":38},{"not_picked":["Intimidate","Pommel Strike","Clothesline"],"picked":"Singing Bowl","floor":39},{"not_picked":["Clash","True Grit","Clothesline"],"picked":"Singing Bowl","floor":41},{"not_picked":["True Grit","Pommel Strike+1"],"picked":"Rage","floor":44},{"not_picked":["Rampage","Armaments"],"picked":"Pummel","floor":48},{"not_picked":["Reckless Charge+1","Havoc"],"picked":"Shrug It Off","floor":54}],"player_experience":367099,"relics_obtained":[{"floor":7.0,"key":"Kunai"},{"floor":9.0,"key":"Paper Frog"},{"floor":14.0,"key":"Singing Bowl"},{"floor":21.0,"key":"Pocketwatch"},{"floor":21.0,"key":"Letter Opener"},{"floor":24,"key":"Oddly Smooth Stone"},{"floor":30,"key":"Vajra"},{"floor":39,"key":"Du-Vu Doll"},{"floor":41,"key":"Dream Catcher"},{"floor":43,"key":"Bronze Scales"},{"floor":54,"key":"Ornamental Fan"}],"event_choices":[{"cards_removed":["Strike_R"],"damage_healed":0.0,"max_hp_gain":0.0,"max_hp_loss":0.0,"gold_gain":0.0,"event_name":"Living Wall","player_choice":"Forget","floor":12.0,"gold_loss":0.0,"damage_taken":0.0},{"damage_healed":0.0,"max_hp_gain":0.0,"max_hp_loss":0.0,"gold_gain":0.0,"event_name":"Colosseum","player_choice":"Fight","floor":21.0,"gold_loss":0.0,"damage_taken":0.0},{"damage_healed":0.0,"max_hp_gain":0.0,"max_hp_loss":0.0,"gold_gain":0.0,"event_name":"Colosseum","player_choice":"Fought Nobs","floor":21.0,"gold_loss":0.0,"damage_taken":0.0},{"damage_healed":0.0,"max_hp_gain":0.0,"max_hp_loss":0.0,"gold_gain":0.0,"event_name":"Match and Keep!","player_choice":"0 cards matched","floor":22.0,"gold_loss":0.0,"damage_taken":0.0,"cards_obtained":[]},{"damage_healed":0,"gold_gain":0,"player_choice":"Memory 3","damage_taken":10,"max_hp_gain":0,"max_hp_loss":0,"event_name":"SensoryStone","floor":38,"gold_loss":0},{"damage_healed":0,"gold_gain":0,"player_choice":"Fight","damage_taken":0,"max_hp_gain":0,"max_hp_loss":0,"event_name":"Mysterious Sphere","floor":39,"gold_loss":0},{"damage_healed":24,"gold_gain":0,"player_choice":"Writhe","damage_taken":0,"max_hp_gain":0,"max_hp_loss":0,"event_name":"Winding Halls","floor":46,"gold_loss":0,"cards_obtained":["Writhe"]}],"is_beta":false,"boss_relics":[{"not_picked":["Runic Cube","Ectoplasm"],"picked":"Coffee Dripper"},{"not_picked":["Snecko Eye","Calling Bell"],"picked":"Philosopher\u0027s Stone"}],"items_purged_floors":[20,29,36,53],"is_endless":false,"potions_floor_spawned":[1,11,14,16,21,24,27,28,33,37,44,48,54],"killed_by":"The Heart","ascension_level":12}