{"gold_per_floor":[115,115,132,144,144,144,160,179,202,5,30,47,60,80,80,80],"floor_reached":16,"playtime":653,"items_purged":[],"score":106,"play_id":"dc352e16-a861-4feb-bf5f-849d50f30246","local_time":"20180914051040","is_ascension_mode":false,"campfire_choices":[{"data":"Seeing Red","floor":6,"key":"SMITH"},{"data":"Seeing Red","floor":15,"key":"SMITH"}],"neow_cost":"NONE","seed_source_timestamp":89349490155632,"circlet_count":0,"master_deck":["Strike_R","Strike_R","Strike_R","Strike_R","Strike_R","Defend_R","Defend_R","Defend_R","Bash","Twin Strike","Pommel Strike","Seeing Red+1","Anger","Seeing Red+1","Sword Boomerang","Twin Strike","Pommel Strike"],"relics":["Burning Blood","Red Skull","PreservedInsect","Dream Catcher","Bag of Preparation"],"potions_floor_usage":[8,8,12,13],"damage_taken":[{"damage":2,"enemies":"Small Slimes","floor":1,"turns":3},{"damage":13,"enemies":"Jaw Worm","floor":3,"turns":3},{"damage":0,"enemies":"2 Louse","floor":4,"turns":2},{"damage":1,"enemies":"2 Fungi Beasts","floor":7,"turns":3},{"damage":9,"enemies":"Gremlin Gang","floor":8,"turns":4},{"damage":8,"enemies":"Gremlin Nob","floor":11,"turns":3},{"damage":15,"enemies":"Exordium Wildlife","floor":12,"turns":4},{"damage":15,"enemies":"Looter","floor":13,"turns":3},{"damage":0,"enemies":"2 Fungi Beasts","floor":14,"turns":2},{"damage":66,"enemies":"The Guardian","floor":16,"turns":7}],"seed_played":"487820547795526349","potions_obtained":[{"floor":3,"key":"Fire Potion"},{"floor":4,"key":"Fire Potion"},{"floor":8,"key":"Regen Potion"},{"floor":11,"key":"Fire Potion"},{"floor":14,"key":"Weak Potion"}],"is_trial":false,"path_per_floor":["M","?","M","M","$","R","M","M","T","$","E","M","M","M","R"],"character_chosen":"IRONCLAD","items_purchased":["Dream Catcher","Seeing Red"],"campfire_rested":0,"item_purchase_floors":[10,10],"current_hp_per_floor":[80,73,66,72,72,72,77,74,74,74,72,63,59,65,65,0],"gold":80,"neow_bonus":"RANDOM_COMMON_RELIC","is_prod":false,"is_daily":false,"chose_seed":false,"campfire_upgraded":2,"win_rate":0,"timestamp":1536916240,"path_taken":["M","?","M","M","$","R","M","M","T","$","E","M","M","M","R","BOSS"],"build_version":"2018-09-06","purchased_purges":0,"victory":false,"max_hp_per_floor":[80,80,80,80,80,80,80,80,80,80,80,80,80,80,80,80],"card_choices":[{"not_picked":["Spot Weakness","Wild Strike"],"picked":"Twin Strike","floor":1},{"not_picked":["Wild Strike","Flex"],"picked":"Pommel Strike","floor":3},{"not_picked":["Havoc","Power Through"],"picked":"Seeing Red","floor":4},{"not_picked":["Dropkick","Searing Blow","Headbutt"],"picked":"SKIP","floor":7},{"not_picked":["Warcry","Ghostly Armor"],"picked":"Anger","floor":8},{"not_picked":["Limit Break","Combust","Blood for Blood"],"picked":"SKIP","floor":11},{"not_picked":["Headbutt","Reckless Charge"],"picked":"Sword Boomerang","floor":12},{"not_picked":["Sentinel","Clothesline"],"picked":"Twin Strike","floor":13},{"not_picked":["Heavy Blade","Fire Breathing"],"picked":"Pommel Strike","floor":14}],"player_experience":133060,"relics_obtained":[{"floor":9,"key":"PreservedInsect"},{"floor":11,"key":"Bag of Preparation"}],"event_choices":[{"event_name":"Golden Wing","player_choice":"Card Removal","floor":2,"damage_taken":0}],"is_beta":false,"boss_relics":[],"items_purged_floors":[],"is_endless":false,"potions_floor_spawned":[3,4,8,11,14],"killed_by":"The Guardian","ascension_level":0}