{"gold_per_floor":[114,114,129,148,148,148,181,194,194,228,244,244,270,270,270,371,371,387,233,148,160,179,204,223,235,306,26,54,68,101,119,119,221,221,237,237,248,267,282,282,316,316,365,381,406,77,77,90,90,90,90,90,15,15],"floor_reached":54,"playtime":5842,"items_purged":["Strike_G","Strike_G","Defend_G","Defend_G"],"score":952,"play_id":"7bae188b-bee9-4910-b260-0d7c26754da0","local_time":"20190210112225","is_ascension_mode":true,"campfire_choices":[{"data":"Neutralize","floor":6.0,"key":"SMITH"},{"data":"Dash","floor":12.0,"key":"SMITH"},{"data":"Survivor","floor":15.0,"key":"SMITH"},{"data":"Footwork","floor":32.0,"key":"SMITH"},{"data":"Infinite Blades","floor":40.0,"key":"SMITH"},{"data":"Blade Dance","floor":47.0,"key":"SMITH"},{"floor":49.0,"key":"RECALL"},{"data":"Infinite Blades","floor":52.0,"key":"SMITH"}],"neow_cost":"NONE","seed_source_timestamp":0,"circlet_count":0,"master_deck":["Defend_G","Defend_G","Defend_G","Survivor+1","Neutralize+1","Dagger Spray","Blade Dance","Blade Dance+1","PiercingWail","Footwork+1","Dash+1","Well Laid Plans","Venomology","Leg Sweep","Infinite Blades+1","Masterful Stab","Prepared","Blur+1","Infinite Blades+1","Terror","Backflip","Backflip","Malaise","Finesse+1","Outmaneuver+1","Well Laid Plans+1","PiercingWail+1","PiercingWail","Calculated Gamble+1","Acrobatics","Blur+1"],"special_seed":0,"relics":["Ring of the Snake","Anchor","Sundial","Du-Vu Doll","Ginger","Empty Cage","Meat on the Bone","Vajra","Singing Bowl","Membership Card","Dodecahedron","FossilizedHelix","Philosopher\u0027s Stone","Snake Skull","Molten Egg 2","Centennial Puzzle","DollysMirror","War Paint"],"potions_floor_usage":[],"damage_taken":[{"damage":1.0,"enemies":"Jaw Worm","floor":1.0,"turns":5.0},{"damage":0.0,"enemies":"Cultist","floor":3.0,"turns":3.0},{"damage":1.0,"enemies":"Small Slimes","floor":4.0,"turns":4.0},{"damage":20.0,"enemies":"Gremlin Nob","floor":7.0,"turns":5.0},{"damage":1.0,"enemies":"3 Louse","floor":8.0,"turns":3.0},{"damage":11.0,"enemies":"Lagavulin","floor":10.0,"turns":8.0},{"damage":8.0,"enemies":"Large Slime","floor":11.0,"turns":7.0},{"damage":15.0,"enemies":"3 Sentries","floor":13.0,"turns":7.0},{"damage":7.0,"enemies":"The Guardian","floor":16.0,"turns":16.0},{"damage":4.0,"enemies":"Chosen","floor":18.0,"turns":8.0},{"damage":12.0,"enemies":"Spheric Guardian","floor":21.0,"turns":8.0},{"damage":29.0,"enemies":"Chosen and Byrds","floor":22.0,"turns":7.0},{"damage":25.0,"enemies":"Book of Stabbing","floor":23.0,"turns":7.0},{"damage":2.0,"enemies":"Shelled Parasite and Fungi","floor":24.0,"turns":10.0},{"damage":9.0,"enemies":"Cultist and Chosen","floor":25.0,"turns":9.0},{"damage":21.0,"enemies":"Slavers","floor":28.0,"turns":14.0},{"damage":4.0,"enemies":"Snake Plant","floor":29.0,"turns":7.0},{"damage":6.0,"enemies":"Gremlin Leader","floor":30.0,"turns":7.0},{"damage":8.0,"enemies":"3 Cultists","floor":31.0,"turns":7.0},{"damage":21.0,"enemies":"Champ","floor":33.0,"turns":15.0},{"damage":0.0,"enemies":"Orb Walker","floor":35.0,"turns":6.0},{"damage":0.0,"enemies":"3 Shapes","floor":37.0,"turns":7.0},{"damage":0.0,"enemies":"Writhing Mass","floor":38.0,"turns":8.0},{"damage":0.0,"enemies":"4 Shapes","floor":39.0,"turns":15.0},{"damage":0.0,"enemies":"Nemesis","floor":41.0,"turns":7.0},{"damage":0.0,"enemies":"Transient","floor":44.0,"turns":5.0},{"damage":0.0,"enemies":"Giant Head","floor":45.0,"turns":8.0},{"damage":0.0,"enemies":"Jaw Worm Horde","floor":48.0,"turns":6.0},{"damage":22.0,"enemies":"Awakened One","floor":50.0,"turns":17.0},{"damage":102,"enemies":"Shield and Spear","floor":54,"turns":8}],"seed_played":"-6231067374456841651","potions_obtained":[{"floor":1.0,"key":"Swift Potion"},{"floor":2.0,"key":"Weak Potion"},{"floor":2.0,"key":"Fire Potion"},{"floor":2.0,"key":"EssenceOfSteel"},{"floor":8.0,"key":"EssenceOfSteel"},{"floor":13.0,"key":"SkillPotion"},{"floor":16.0,"key":"Fire Potion"},{"floor":22.0,"key":"LiquidBronze"},{"floor":23.0,"key":"SkillPotion"},{"floor":25.0,"key":"GamblersBrew"},{"floor":28.0,"key":"FearPotion"},{"floor":29.0,"key":"Strength Potion"},{"floor":31.0,"key":"Fruit Juice"},{"floor":35.0,"key":"Dexterity Potion"},{"floor":39.0,"key":"Poison Potion"},{"floor":41.0,"key":"Ancient Potion"},{"floor":45.0,"key":"Regen Potion"}],"is_trial":false,"path_per_floor":["M","?","M","M","?","R","E","M","T","E","M","R","E","?","R","B",null,"M","$","?","M","M","E","M","M","T","$","E","M","E","M","R","B",null,"M","?","M","M","M","R","E","?","T","M","E","$","R","M","R","B",null,"R","$","E"],"character_chosen":"THE_SILENT","items_purchased":["Infinite Blades","Membership Card","Infinite Blades","Acrobatics","Centennial Puzzle","DollysMirror","War Paint"],"campfire_rested":0,"item_purchase_floors":[19,27,27,46,46,46,46],"current_hp_per_floor":[76,76,76,75,80,80,60,59,59,48,40,40,25,25,25,18,82,78,78,78,66,49,51,49,52,52,52,45,53,47,56,56,47,89,91,91,91,91,91,91,91,91,91,91,93,93,93,95,95,88,95,95,95,0],"gold":15,"neow_bonus":"TEN_PERCENT_HP_BONUS","is_prod":false,"is_daily":false,"chose_seed":false,"campfire_upgraded":7,"win_rate":0,"timestamp":1549786945,"path_taken":["M","?","M","?","?","R","E","M","T","E","M","R","E","?","R","BOSS","M","$","?","M","M","E","M","M","T","$","E","M","E","M","R","BOSS","M","?","M","M","M","R","E","?","T","M","E","$","R","M","R","BOSS","R","$","E"],"build_version":"2019-01-23","purchased_purges":4,"victory":false,"max_hp_per_floor":[77,77,77,77,82,82,82,82,82,82,82,82,82,82,82,82,82,82,82,82,82,82,82,82,82,82,82,84,84,84,89,89,89,89,91,91,91,91,91,91,91,91,91,91,93,93,93,95,95,95,95,95,95,95],"card_choices":[{"not_picked":["Choke","Acrobatics"],"picked":"Flying Knee","floor":1.0},{"not_picked":["Accuracy","Outmaneuver"],"picked":"Dagger Spray","floor":3.0},{"not_picked":["Sucker Punch","Dagger Throw"],"picked":"Blade Dance","floor":4.0},{"not_picked":["Envenom","Prepared"],"picked":"Blade Dance","floor":7.0},{"not_picked":["Prepared","Outmaneuver"],"picked":"PiercingWail","floor":8.0},{"not_picked":["Endless Agony","Acrobatics"],"picked":"Footwork","floor":10.0},{"not_picked":["Dodge and Roll","Flying Knee"],"picked":"Dash","floor":11.0},{"not_picked":["Sucker Punch","Acrobatics"],"picked":"Well Laid Plans","floor":13.0},{"not_picked":["Phantasmal Killer","Night Terror"],"picked":"Venomology","floor":16.0},{"not_picked":["Sucker Punch","Outmaneuver"],"picked":"Leg Sweep","floor":18.0},{"not_picked":["Bouncing Flask","Deflect"],"picked":"Masterful Stab","floor":21.0},{"not_picked":["Poisoned Stab","Sucker Punch","Setup"],"picked":"SKIP","floor":22.0},{"not_picked":["Crippling Poison","Storm of Steel","Finisher"],"picked":"SKIP","floor":23.0},{"not_picked":["Quick Slash+1","Endless Agony"],"picked":"Prepared","floor":24.0},{"not_picked":["All Out Attack","Terror"],"picked":"Blur+1","floor":25.0},{"not_picked":["Distraction","Quick Slash","Storm of Steel"],"picked":"Singing Bowl","floor":28.0},{"not_picked":["Heel Hook","Expertise+1"],"picked":"Terror","floor":29.0},{"not_picked":["PiercingWail","Leg Sweep+1"],"picked":"Backflip","floor":30.0},{"not_picked":["Sucker Punch","Cloak And Dagger"],"picked":"Backflip","floor":31.0},{"not_picked":["Doppelganger","Wraith Form v2"],"picked":"Malaise","floor":33.0},{"not_picked":["Deflect","Dagger Spray+1","Skewer"],"picked":"Singing Bowl","floor":35.0},{"not_picked":["Metamorphosis","Panacea"],"picked":"Finesse","floor":36.0},{"not_picked":["Finisher","Dagger Spray"],"picked":"Outmaneuver+1","floor":37.0},{"not_picked":["Dagger Throw+1","Poisoned Stab"],"picked":"Well Laid Plans+1","floor":38.0},{"not_picked":["Endless Agony+1","Sucker Punch+1"],"picked":"PiercingWail+1","floor":39.0},{"not_picked":["Unload","Bane+1"],"picked":"PiercingWail","floor":41.0},{"not_picked":["Choke","Finisher+1"],"picked":"Calculated Gamble","floor":44.0},{"not_picked":["Reflex+1","Outmaneuver","Poisoned Stab"],"picked":"Singing Bowl","floor":45.0},{"not_picked":["Deadly Poison+1","Predator+1","Quick Slash+1"],"picked":"Singing Bowl","floor":48.0}],"player_experience":258363,"relics_obtained":[{"floor":7.0,"key":"Anchor"},{"floor":9.0,"key":"Sundial"},{"floor":10.0,"key":"Du-Vu Doll"},{"floor":13.0,"key":"Ginger"},{"floor":23.0,"key":"Vajra"},{"floor":26.0,"key":"Singing Bowl"},{"floor":28.0,"key":"Dodecahedron"},{"floor":30.0,"key":"FossilizedHelix"},{"floor":41.0,"key":"Snake Skull"},{"floor":45.0,"key":"Molten Egg 2"}],"event_choices":[{"damage_healed":0.0,"max_hp_gain":0.0,"max_hp_loss":0.0,"gold_gain":0.0,"event_name":"Lab","player_choice":"Got Potions","floor":2.0,"gold_loss":0.0,"damage_taken":0.0},{"damage_healed":0.0,"max_hp_gain":5.0,"max_hp_loss":0.0,"gold_gain":0.0,"event_name":"Big Fish","player_choice":"Donut","floor":5.0,"gold_loss":0.0,"damage_taken":0.0},{"cards_removed":["Strike_G"],"damage_healed":0.0,"max_hp_gain":0.0,"max_hp_loss":0.0,"gold_gain":0.0,"event_name":"Living Wall","player_choice":"Forget","floor":14.0,"gold_loss":0.0,"damage_taken":0.0},{"damage_healed":0.0,"max_hp_gain":0.0,"max_hp_loss":0.0,"gold_gain":0.0,"event_name":"Addict","player_choice":"Obtained Relic","floor":20.0,"gold_loss":85.0,"damage_taken":0.0,"relics_obtained":["Meat on the Bone"]},{"damage_healed":0.0,"max_hp_gain":0.0,"max_hp_loss":0.0,"gold_gain":0.0,"event_name":"SensoryStone","player_choice":"Memory 1","floor":36.0,"gold_loss":0.0,"damage_taken":0.0},{"cards_removed":["Flying Knee"],"damage_healed":0.0,"max_hp_gain":0.0,"max_hp_loss":0.0,"gold_gain":0.0,"event_name":"Falling","player_choice":"Removed Attack","floor":42.0,"gold_loss":0.0,"damage_taken":0.0}],"is_beta":false,"boss_relics":[{"not_picked":["Pandora\u0027s Box","Snecko Eye"],"picked":"Empty Cage"},{"not_picked":["Astrolabe","Velvet Choker"],"picked":"Philosopher\u0027s Stone"}],"items_purged_floors":[19,27,46,53],"is_endless":false,"potions_floor_spawned":[1,8,13,16,22,23,25,28,29,31,35,39,41,45],"killed_by":"Shield and Spear","ascension_level":3}