{"gold_per_floor":[118,43,43,61,73,73,73,106,132,146,221,221,240,260,260,365,365,382,282,295,308,321,321,335,335,335,364,376,396,296,309,309,404,404,424,304,322,322,182,199,209,220,247,257,257,257,257,271,271,271],"floor_reached":50,"playtime":2296,"items_purged":["Reckless Charge","Flex","Flex","Clumsy","Cleave"],"score":572,"play_id":"fde5b5c5-ddbe-4a59-9877-9afb8c1c67a5","local_time":"20180911053941","daily_mods":["Draft"],"is_ascension_mode":false,"campfire_choices":[{"data":"Perfected Strike","floor":6,"key":"SMITH"},{"data":"Perfected Strike","floor":12,"key":"SMITH"},{"data":"Double Tap","floor":15,"key":"SMITH"},{"data":"Seeing Red","floor":23,"key":"SMITH"},{"floor":25,"key":"REST"},{"floor":32,"key":"REST"},{"floor":45,"key":"REST"},{"data":"Perfected Strike","floor":47,"key":"SMITH"},{"floor":49,"key":"REST"}],"neow_cost":"","seed_source_timestamp":0,"circlet_count":0,"master_deck":["Perfected Strike+1","Anger","Flex","Twin Strike","Seeing Red+1","Pommel Strike","Sword Boomerang","Perfected Strike+1","Carnage","Armaments","Carnage","Wild Strike","Double Tap+1","Wild Strike","Wild Strike","Twin Strike","Wild Strike","Pommel Strike","Clash+1","Perfected Strike+1","Pommel Strike","Pommel Strike+1","Pain","Perfected Strike","Writhe"],"relics":["Black Blood","Art of War","Dream Catcher","Cursed Key","The Courier","Gambling Chip","Bag of Marbles"],"potions_floor_usage":[16,21,21,27,33,42,48],"damage_taken":[{"damage":0,"enemies":"Cultist","floor":1,"turns":2},{"damage":3,"enemies":"Small Slimes","floor":4,"turns":2},{"damage":6,"enemies":"Jaw Worm","floor":5,"turns":2},{"damage":0,"enemies":"Gremlin Nob","floor":8,"turns":2},{"damage":5,"enemies":"Looter","floor":10,"turns":2},{"damage":0,"enemies":"2 Fungi Beasts","floor":13,"turns":2},{"damage":0,"enemies":"Large Slime","floor":14,"turns":3},{"damage":10,"enemies":"Slime Boss","floor":16,"turns":7},{"damage":0,"enemies":"Spheric Guardian","floor":18,"turns":2},{"damage":10,"enemies":"Chosen","floor":20,"turns":2},{"damage":0,"enemies":"3 Cultists","floor":21,"turns":3},{"damage":25,"enemies":"Sentry and Sphere","floor":22,"turns":4},{"damage":31,"enemies":"Chosen and Byrds","floor":24,"turns":5},{"damage":41,"enemies":"Book of Stabbing","floor":27,"turns":4},{"damage":7,"enemies":"3 Cultists","floor":28,"turns":3},{"damage":0,"enemies":"Shelled Parasite and Fungi","floor":29,"turns":2},{"damage":0,"enemies":"Snecko","floor":31,"turns":2},{"damage":109,"enemies":"Champ","floor":33,"turns":8},{"damage":10,"enemies":"Orb Walker","floor":35,"turns":2},{"damage":19,"enemies":"3 Shapes","floor":37,"turns":2},{"damage":17,"enemies":"Transient","floor":40,"turns":5},{"damage":32,"enemies":"Spire Growth","floor":41,"turns":3},{"damage":25,"enemies":"Sphere and 2 Shapes","floor":42,"turns":3},{"damage":21,"enemies":"Reptomancer","floor":44,"turns":2},{"damage":42,"enemies":"Transient","floor":48,"turns":5},{"damage":44,"enemies":"Awakened One","floor":50,"turns":3}],"seed_played":"-2973778864433187665","potions_obtained":[{"floor":1,"key":"Block Potion"},{"floor":10,"key":"PowerPotion"},{"floor":14,"key":"FairyPotion"},{"floor":20,"key":"LiquidBronze"},{"floor":22,"key":"FairyPotion"},{"floor":24,"key":"AttackPotion"},{"floor":29,"key":"PowerPotion"},{"floor":41,"key":"LiquidBronze"},{"floor":42,"key":"PowerPotion"}],"is_trial":true,"path_per_floor":["M","$","?","M","M","R","?","E","T","M","?","R","M","M","R","B",null,"M","$","M","M","M","R","M","R","T","E","M","M","$","M","R","B",null,"M","$","M","?","$","M","M","M","T","M","R","?","R","M","R"],"character_chosen":"IRONCLAD","items_purchased":[],"campfire_rested":4,"item_purchase_floors":[],"current_hp_per_floor":[80,80,73,76,76,76,76,80,80,80,69,69,75,80,80,76,80,80,80,76,80,61,61,36,60,60,25,24,30,30,36,60,14,80,80,80,71,71,71,64,42,27,27,16,40,60,60,28,52,8],"gold":271,"neow_bonus":"","is_prod":false,"is_daily":false,"chose_seed":false,"campfire_upgraded":5,"win_rate":0,"timestamp":1536658781,"path_taken":["M","$","?","M","M","R","?","E","T","?","?","R","M","M","R","BOSS","M","$","M","M","M","R","M","R","T","E","M","M","$","M","R","BOSS","M","$","M","?","$","M","M","M","T","M","R","?","R","M","R","BOSS"],"build_version":"2018-09-06","purchased_purges":5,"victory":false,"max_hp_per_floor":[80,80,80,80,80,80,80,80,80,80,80,80,80,80,80,80,80,80,80,80,80,80,80,80,80,80,80,80,80,80,80,80,80,80,80,80,80,80,80,80,80,80,80,80,80,80,80,80,80,80],"card_choices":[{"not_picked":["Flex","Heavy Blade"],"picked":"Perfected Strike","floor":0},{"not_picked":["Power Through","Dual Wield"],"picked":"Anger","floor":0},{"not_picked":["Iron Wave","Uppercut"],"picked":"Bloodletting","floor":0},{"not_picked":["Shrug It Off","Headbutt"],"picked":"Flex","floor":0},{"not_picked":["Cleave","True Grit"],"picked":"Twin Strike","floor":0},{"not_picked":["Body Slam","Reckless Charge"],"picked":"Cleave","floor":0},{"not_picked":["Flex","Infernal Blade"],"picked":"Seeing Red","floor":0},{"not_picked":["Headbutt","Sword Boomerang"],"picked":"Flex","floor":0},{"not_picked":["Shockwave","Power Through"],"picked":"Reckless Charge","floor":0},{"not_picked":["Seeing Red","Iron Wave"],"picked":"Pommel Strike","floor":0},{"not_picked":["Sever Soul","Bloodletting"],"picked":"Sword Boomerang","floor":0},{"not_picked":["Shrug It Off","Heavy Blade"],"picked":"Flex","floor":0},{"not_picked":["Seeing Red","Anger"],"picked":"Perfected Strike","floor":0},{"not_picked":["Pummel","Heavy Blade"],"picked":"Carnage","floor":0},{"not_picked":["Heavy Blade","Headbutt"],"picked":"Armaments","floor":0},{"not_picked":["Armaments","Clothesline"],"picked":"Carnage","floor":1},{"not_picked":["Body Slam","True Grit"],"picked":"Wild Strike","floor":4},{"not_picked":["Sever Soul","Feel No Pain","Ghostly Armor"],"picked":"SKIP","floor":5},{"not_picked":["Second Wind","Feel No Pain","Anger"],"picked":"SKIP","floor":8},{"not_picked":["Headbutt","Warcry"],"picked":"Double Tap","floor":10},{"not_picked":["Anger","Body Slam"],"picked":"Wild Strike","floor":13},{"not_picked":["Heavy Blade","Entrench","Warcry"],"picked":"SKIP","floor":14},{"not_picked":["Body Slam","Power Through"],"picked":"Wild Strike","floor":18},{"not_picked":["Headbutt+1","Clash"],"picked":"Twin Strike","floor":20},{"not_picked":["Brutality","Warcry"],"picked":"Wild Strike","floor":21},{"not_picked":["Spot Weakness+1","Heavy Blade","Ghostly Armor+1"],"picked":"SKIP","floor":22},{"not_picked":["Flex+1","Anger","Headbutt"],"picked":"SKIP","floor":24},{"not_picked":["Havoc+1","Spot Weakness"],"picked":"Pommel Strike","floor":27},{"not_picked":["Rupture+1","Anger"],"picked":"Clash+1","floor":28},{"not_picked":["Twin Strike+1","Flex"],"picked":"Perfected Strike","floor":29},{"not_picked":["Heavy Blade","True Grit","Shrug It Off"],"picked":"SKIP","floor":31},{"not_picked":["Body Slam","Corruption"],"picked":"Pommel Strike","floor":32},{"not_picked":["Wild Strike+1","Warcry+1"],"picked":"Pommel Strike+1","floor":35},{"not_picked":["Body Slam+1","Armaments+1","Thunderclap+1"],"picked":"SKIP","floor":37},{"not_picked":["Rage+1","Thunderclap+1","Rampage"],"picked":"SKIP","floor":40},{"not_picked":["Heavy Blade+1","Exhume","Headbutt"],"picked":"SKIP","floor":41},{"not_picked":["Dual Wield","True Grit+1","Sword Boomerang+1"],"picked":"SKIP","floor":42},{"not_picked":["Thunderclap+1","Berserk","Anger+1"],"picked":"SKIP","floor":44},{"not_picked":["Evolve","Wild Strike"],"picked":"Perfected Strike","floor":45},{"not_picked":["Heavy Blade+1","Feel No Pain","Flex+1"],"picked":"SKIP","floor":48}],"player_experience":94478,"relics_obtained":[{"floor":8,"key":"Art of War"},{"floor":9,"key":"Dream Catcher"},{"floor":26,"key":"The Courier"},{"floor":27,"key":"Gambling Chip"},{"floor":43,"key":"Bag of Marbles"}],"event_choices":[{"event_name":"Golden Wing","player_choice":"Card Removal","floor":3,"damage_taken":0},{"event_name":"Liars Game","player_choice":"disagreed","floor":7,"damage_taken":0},{"event_name":"World of Goop","player_choice":"Gather Gold","floor":11,"damage_taken":0},{"event_name":"Tomb of Lord Red Mask","player_choice":"Ignored","floor":38,"damage_taken":0},{"event_name":"Winding Halls","player_choice":"Writhe","floor":46,"damage_taken":0}],"is_beta":false,"boss_relics":[{"not_picked":["Runic Dome","Runic Pyramid"],"picked":"Cursed Key"},{"not_picked":["Philosopher\u0027s Stone","Eternal Feather"],"picked":"Black Blood"}],"items_purged_floors":[2,19,30,36,39],"is_endless":false,"potions_floor_spawned":[1,10,14,20,22,24,29,31,41,42],"killed_by":"Awakened One","ascension_level":0}