{"gold_per_floor":[112,15,15,40,40,81,96,140,163,163,188,188,203,303,303,423,423,438,60,78,78,102,102],"floor_reached":23,"playtime":1025,"items_purged":["Strike_G"],"score":201,"play_id":"5986129c-4eac-4510-ba06-07ec557a584a","local_time":"20190307011710","is_ascension_mode":false,"campfire_choices":[{"data":"Neutralize","floor":10,"key":"SMITH"},{"data":"Infinite Blades","floor":12,"key":"SMITH"},{"data":"Accuracy","floor":15,"key":"SMITH"}],"neow_cost":"NONE","seed_source_timestamp":2473982925825200,"circlet_count":0,"master_deck":["Defend_G","Defend_G","Defend_G","Defend_G","Defend_G","Strike_G","Strike_G","Strike_G","Strike_G","Survivor","Neutralize+1","Acrobatics","Accuracy+1","Deflect","Backstab","Wraith Form v2","Well Laid Plans","Slice","Infinite Blades+1","Calculated Gamble","Night Terror","Blade Dance+1","Crippling Poison+1","Footwork"],"relics":["Ring of the Serpent","Golden Idol","Vajra","Anchor","Blood Vial","Calipers"],"potions_floor_usage":[8,8,22,23,23],"damage_taken":[{"damage":0,"enemies":"Cultist","floor":1,"turns":4},{"damage":0,"enemies":"Small Slimes","floor":4,"turns":4},{"damage":27,"enemies":"3 Sentries","floor":6,"turns":13},{"damage":0,"enemies":"2 Louse","floor":7,"turns":2},{"damage":6,"enemies":"Gremlin Nob","floor":8,"turns":6},{"damage":9,"enemies":"Red Slaver","floor":11,"turns":5},{"damage":0,"enemies":"Blue Slaver","floor":13,"turns":3},{"damage":20,"enemies":"Hexaghost","floor":16,"turns":12},{"damage":30,"enemies":"3 Byrds","floor":18,"turns":5},{"damage":12,"enemies":"Chosen","floor":20,"turns":5},{"damage":29,"enemies":"Shelled Parasite and Fungi","floor":22,"turns":4},{"damage":10,"enemies":"Book of Stabbing","floor":23,"turns":2}],"seed_played":"-7426567963934853317","potions_obtained":[{"floor":4,"key":"GhostInAJar"},{"floor":6,"key":"FearPotion"},{"floor":7,"key":"PowerPotion"},{"floor":8,"key":"Energy Potion"},{"floor":11,"key":"Dexterity Potion"}],"is_trial":false,"path_per_floor":["M","$","?","M","?","E","M","E","T","R","M","R","M","?","R","B",null,"M","$","M","?","M","E"],"character_chosen":"THE_SILENT","items_purchased":["Accuracy","Deflect","Calipers"],"campfire_rested":0,"item_purchase_floors":[2,2,19],"current_hp_per_floor":[77,77,71,71,71,44,44,38,38,38,31,31,33,33,33,15,71,41,41,31,31,4,0],"gold":102,"neow_bonus":"TEN_PERCENT_HP_BONUS","is_prod":false,"is_daily":false,"chose_seed":false,"campfire_upgraded":3,"win_rate":0,"timestamp":1551950230,"path_taken":["M","$","?","M","?","E","M","E","T","R","M","R","M","?","R","BOSS","M","$","M","?","M","E"],"build_version":"2019-01-23","purchased_purges":1,"victory":false,"max_hp_per_floor":[77,77,71,71,71,71,71,71,71,71,71,71,71,71,71,71,71,71,71,71,71,71,71],"card_choices":[{"not_picked":["Deflect","Catalyst"],"picked":"Acrobatics","floor":1},{"not_picked":["Blur","Acrobatics"],"picked":"Backstab","floor":4},{"not_picked":["Acrobatics","Underhanded Strike"],"picked":"Wraith Form v2","floor":6},{"not_picked":["Outmaneuver","Acrobatics"],"picked":"Well Laid Plans","floor":7},{"not_picked":["Deflect","Prepared"],"picked":"Slice","floor":8},{"not_picked":["Tactician","Dagger Throw"],"picked":"Infinite Blades","floor":11},{"not_picked":["Deflect","Outmaneuver"],"picked":"Calculated Gamble","floor":13},{"not_picked":["Venomology","Wraith Form v2"],"picked":"Night Terror","floor":16},{"not_picked":["Masterful Stab","Underhanded Strike"],"picked":"Blade Dance+1","floor":18},{"not_picked":["Acrobatics+1","Riddle With Holes"],"picked":"Crippling Poison+1","floor":20},{"not_picked":["PiercingWail+1","Poisoned Stab"],"picked":"Footwork","floor":22}],"player_experience":807192,"relics_obtained":[{"floor":6,"key":"Vajra"},{"floor":8,"key":"Anchor"},{"floor":9,"key":"Blood Vial"}],"event_choices":[{"damage_healed":0,"gold_gain":0,"player_choice":"Lose Max HP","damage_taken":0,"relics_obtained":["Golden Idol"],"max_hp_gain":0,"max_hp_loss":6,"event_name":"Golden Idol","floor":3,"gold_loss":0},{"damage_healed":0,"gold_gain":0,"player_choice":"Leave","damage_taken":0,"max_hp_gain":0,"max_hp_loss":0,"event_name":"The Cleric","floor":5,"gold_loss":0},{"damage_healed":0,"gold_gain":100,"player_choice":"Gold","damage_taken":0,"max_hp_gain":0,"max_hp_loss":0,"event_name":"Wheel of Change","floor":14,"gold_loss":0},{"damage_healed":0,"gold_gain":0,"player_choice":"Ignored","damage_taken":0,"max_hp_gain":0,"max_hp_loss":0,"event_name":"Ghosts","floor":21,"gold_loss":0}],"is_beta":false,"boss_relics":[{"not_picked":["Tiny House","Astrolabe"],"picked":"Ring of the Serpent"}],"items_purged_floors":[19],"is_endless":false,"potions_floor_spawned":[4,6,7,8,11],"killed_by":"Book of Stabbing","ascension_level":0}