{"gold_per_floor":[118,134,134,134,154,154,154,171,171,171,191,191,24,40,40,140,140,155,169,169],"floor_reached":20,"playtime":889,"items_purged":["Defend_B"],"score":199,"play_id":"42a7d7a7-291a-418f-9857-e764cf9713b7","local_time":"20180915115101","is_ascension_mode":true,"campfire_choices":[{"data":"Dualcast","floor":6,"key":"SMITH"},{"floor":10,"key":"REST"},{"data":"Hologram","floor":12,"key":"SMITH"},{"data":"Redo","floor":15,"key":"SMITH"}],"neow_cost":"TEN_PERCENT_HP_LOSS","seed_source_timestamp":63163996919794,"circlet_count":0,"master_deck":["Strike_B","Strike_B","Strike_B+1","Strike_B","Defend_B","Defend_B+1","Defend_B","Zap","Dualcast+1","Doom and Gloom","Leap+1","Conserve Battery","Electrodynamics","Hologram+1","Loop","Redo+1","Leap","Biased Cognition","Ball Lightning"],"relics":["Cracked Core","WingedGreaves","PreservedInsect","Nuclear Battery"],"potions_floor_usage":[16,18,20],"damage_taken":[{"damage":12,"enemies":"Small Slimes","floor":1,"turns":3},{"damage":1,"enemies":"Cultist","floor":2,"turns":3},{"damage":5,"enemies":"2 Louse","floor":5,"turns":2},{"damage":14,"enemies":"Large Slime","floor":8,"turns":6},{"damage":0,"enemies":"3 Louse","floor":11,"turns":2},{"damage":0,"enemies":"Gremlin Gang","floor":14,"turns":2},{"damage":40,"enemies":"Hexaghost","floor":16,"turns":8},{"damage":5,"enemies":"Shell Parasite","floor":18,"turns":6},{"damage":17,"enemies":"Spheric Guardian","floor":19,"turns":4},{"damage":23,"enemies":"Colosseum Slavers","floor":20,"turns":3},{"damage":48,"enemies":"Colosseum Nobs","floor":20,"turns":4}],"seed_played":"3300039836588994193","potions_obtained":[{"floor":2,"key":"Weak Potion"},{"floor":5,"key":"Block Potion"},{"floor":14,"key":"AttackPotion"}],"is_trial":false,"path_per_floor":["M","M","?","?","M","R","?","M","T","R","M","R","$","M","R","B",null,"M","M"],"character_chosen":"DEFECT","items_purchased":["Loop","Redo"],"campfire_rested":1,"item_purchase_floors":[13,13],"current_hp_per_floor":[56,55,55,60,55,55,40,26,26,47,47,47,47,47,47,7,73,68,51,0],"gold":169,"neow_bonus":"ONE_RARE_RELIC","is_prod":false,"is_daily":false,"chose_seed":false,"campfire_upgraded":3,"win_rate":0,"timestamp":1537026661,"path_taken":["M","M","?","?","?","R","?","M","T","R","M","R","?","?","R","BOSS","M","M","?"],"build_version":"2018-09-06","purchased_purges":1,"victory":false,"max_hp_per_floor":[68,68,68,73,73,73,73,73,73,73,73,73,73,73,73,73,73,73,73,73],"card_choices":[{"not_picked":["Rebound","Go for the Eyes"],"picked":"Doom and Gloom","floor":1},{"not_picked":["Streamline","Barrage"],"picked":"Leap","floor":2},{"not_picked":["Reprogram","Beam Cell"],"picked":"Conserve Battery","floor":5},{"not_picked":["Streamline","Aggregate"],"picked":"Electrodynamics","floor":8},{"not_picked":["Melter","Go for the Eyes"],"picked":"Hologram","floor":11},{"not_picked":["Heatsinks","Streamline"],"picked":"Leap","floor":14},{"not_picked":["Buffer","Meteor Strike"],"picked":"Biased Cognition","floor":16},{"not_picked":["Beam Cell","Barrage","Gash"],"picked":"SKIP","floor":18},{"not_picked":["Turbo","Heatsinks"],"picked":"Ball Lightning","floor":19}],"player_experience":182566,"relics_obtained":[{"floor":9,"key":"PreservedInsect"}],"event_choices":[{"event_name":"Upgrade Shrine","player_choice":"Upgraded","floor":3,"damage_taken":0},{"event_name":"Big Fish","player_choice":"Donut","floor":4,"damage_taken":0},{"event_name":"Shining Light","player_choice":"Entered Light","floor":7,"damage_taken":0},{"event_name":"Colosseum","player_choice":"Fight","floor":20,"damage_taken":0},{"event_name":"Colosseum","player_choice":"Fought Nobs","floor":20,"damage_taken":0}],"is_beta":false,"boss_relics":[{"not_picked":["Inserter","Runic Pyramid"],"picked":"Nuclear Battery"}],"items_purged_floors":[13],"is_endless":false,"potions_floor_spawned":[2,5,14,20],"killed_by":"Colosseum Nobs","ascension_level":4}