{"gold_per_floor":[116,191,366,386,24,51,69,69,69,69,100,110,126,146,146,246,246,260,260,260,14,33,61,61,61,86,86,103,129,129,164,164,264,264,281,281,300,522,532,532,542,542,542,542,3,29,48,148,148,148,148,148,7,38,38],"floor_reached":56,"playtime":4410,"items_purged":["Doubt","Defend_R","Strike_R"],"score":1454,"play_id":"cfa69887-f731-4986-8bbe-0da3126c138c","local_time":"20190129170817","is_ascension_mode":true,"campfire_choices":[{"data":"True Grit","floor":8.0,"key":"SMITH"},{"data":"Iron Wave","floor":10.0,"key":"SMITH"},{"data":"Rage","floor":15.0,"key":"SMITH"},{"data":"Barricade","floor":24.0,"key":"SMITH"},{"data":"Metallicize","floor":27.0,"key":"SMITH"},{"data":"True Grit","floor":30.0,"key":"SMITH"},{"data":"Metallicize","floor":32.0,"key":"SMITH"},{"data":"Armaments","floor":40.0,"key":"SMITH"},{"data":"Shrug It Off","floor":42.0,"key":"SMITH"},{"floor":44.0,"key":"RECALL"},{"data":"Pommel Strike","floor":49.0,"key":"SMITH"},{"data":"Body Slam","floor":52.0,"key":"SMITH"}],"neow_cost":"NONE","seed_source_timestamp":473446836851023,"circlet_count":0,"master_deck":["Strike_R","Strike_R","Strike_R","Strike_R","Defend_R","Defend_R","Defend_R","Bash","Body Slam","True Grit+1","Iron Wave+1","Flash of Steel","Metallicize+1","Shrug It Off+1","Metallicize+1","Rage+1","Barricade+1","Evolve+1","Headbutt+1","Pommel Strike+1","True Grit+1","Headbutt+1","Feed","Body Slam+1","Armaments+1","Offering","Disarm","Warcry+1","Shrug It Off","Pommel Strike+1","Impervious","Pommel Strike+1"],"special_seed":0,"relics":["Burning Blood","Oddly Smooth Stone","Darkstone Periapt","Ice Cream","Mark of Pain","Enchiridion","Omamori","Meat on the Bone","Lantern","Red Mask","Regal Pillow","Sozu","Bottled Lightning","Medical Kit","Champion Belt","Dead Branch","Orichalcum"],"potions_floor_usage":[55],"damage_taken":[{"damage":1.0,"enemies":"2 Louse","floor":1.0,"turns":3.0},{"damage":8.0,"enemies":"Small Slimes","floor":4.0,"turns":5.0},{"damage":26.0,"enemies":"Lagavulin","floor":6.0,"turns":10.0},{"damage":3.0,"enemies":"Jaw Worm","floor":7.0,"turns":5.0},{"damage":6.0,"enemies":"Gremlin Nob","floor":11.0,"turns":4.0},{"damage":10.0,"enemies":"Looter","floor":12.0,"turns":4.0},{"damage":17.0,"enemies":"Exordium Thugs","floor":13.0,"turns":6.0},{"damage":0.0,"enemies":"Blue Slaver","floor":14.0,"turns":4.0},{"damage":13.0,"enemies":"The Guardian","floor":16.0,"turns":15.0},{"damage":1.0,"enemies":"Chosen","floor":18.0,"turns":7.0},{"damage":2.0,"enemies":"Shell Parasite","floor":22.0,"turns":6.0},{"damage":31.0,"enemies":"Slavers","floor":23.0,"turns":6.0},{"damage":0.0,"enemies":"Cultist and Chosen","floor":28.0,"turns":6.0},{"damage":28.0,"enemies":"Masked Bandits","floor":29.0,"turns":6.0},{"damage":3.0,"enemies":"Gremlin Leader","floor":31.0,"turns":7.0},{"damage":12.0,"enemies":"Collector","floor":33.0,"turns":12.0},{"damage":10.0,"enemies":"3 Darklings","floor":35.0,"turns":5.0},{"damage":0.0,"enemies":"3 Shapes","floor":37.0,"turns":5.0},{"damage":2.0,"enemies":"Writhing Mass","floor":39.0,"turns":6.0},{"damage":27.0,"enemies":"Jaw Worm Horde","floor":41.0,"turns":5.0},{"damage":48.0,"enemies":"Reptomancer","floor":46.0,"turns":6.0},{"damage":7.0,"enemies":"Spire Growth","floor":47.0,"turns":6.0},{"damage":0.0,"enemies":"Mind Bloom Boss Battle","floor":48.0,"turns":6.0},{"damage":28.0,"enemies":"Time Eater","floor":50.0,"turns":10.0},{"damage":6.0,"enemies":"Shield and Spear","floor":54.0,"turns":5.0},{"damage":95,"enemies":"The Heart","floor":55,"turns":11}],"seed_played":"-2949299191729201974","potions_obtained":[{"floor":4.0,"key":"Strength Potion"},{"floor":6.0,"key":"PowerPotion"},{"floor":11.0,"key":"Weak Potion"},{"floor":14.0,"key":"Energy Potion"},{"floor":22.0,"key":"Weak Potion"},{"floor":23.0,"key":"Poison Potion"},{"floor":29.0,"key":"BloodPotion"},{"floor":31.0,"key":"LiquidBronze"},{"floor":33.0,"key":"SteroidPotion"}],"is_trial":false,"path_per_floor":["M","?","?","M","$","E","M","R","T","R","E","M","M","M","R","B",null,"M","?","?","$","M","E","R","?","T","R","M","?","R","E","R","B",null,"M","?","M","?","M","R","M","R","T","R","$","E","M","?","R","B",null,"R","$","E","B",null],"character_chosen":"IRONCLAD","items_purchased":["Iron Wave","Flash of Steel","Oddly Smooth Stone","Omamori","Offering","Disarm","Medical Kit","Impervious"],"campfire_rested":0,"item_purchase_floors":[5,5,5,21,45,45,45,53],"current_hp_per_floor":[88,77,77,75,75,55,58,58,58,58,58,54,43,49,49,42,77,82,65,49,49,53,28,28,28,28,28,46,36,36,51,51,57,84,80,80,89,89,94,94,76,76,76,76,76,46,60,66,66,56,89,89,89,99,22],"gold":38,"neow_bonus":"TEN_PERCENT_HP_BONUS","is_prod":false,"is_daily":false,"chose_seed":false,"campfire_upgraded":11,"win_rate":0,"timestamp":1548799697,"path_taken":["M","?","?","M","$","E","M","R","T","R","E","M","M","M","R","BOSS","M","?","?","$","M","E","R","?","T","R","?","?","R","E","R","BOSS","M","?","M","?","M","R","M","R","T","R","$","E","M","?","R","BOSS","R","$","E","BOSS"],"build_version":"2019-01-23","purchased_purges":3,"victory":true,"max_hp_per_floor":[88,88,88,88,88,88,88,88,88,88,88,88,88,88,88,88,88,88,93,93,93,93,93,93,93,93,93,93,93,93,93,93,93,93,93,88,91,91,94,94,97,97,97,97,97,97,100,100,100,100,100,100,100,100,100],"card_choices":[{"not_picked":["Clothesline","Rupture"],"picked":"Body Slam","floor":1.0},{"not_picked":["Sword Boomerang","Anger"],"picked":"True Grit","floor":4.0},{"not_picked":["Combust","Demon Form"],"picked":"Metallicize","floor":6.0},{"not_picked":["Combust","Corruption"],"picked":"Shrug It Off","floor":7.0},{"not_picked":["Twin Strike","Battle Trance"],"picked":"Metallicize","floor":11.0},{"not_picked":["Armaments","Iron Wave"],"picked":"Rage","floor":12.0},{"not_picked":["Headbutt","Perfected Strike","Flex"],"picked":"SKIP","floor":13.0},{"not_picked":["Intimidate","Hemokinesis","Heavy Blade"],"picked":"SKIP","floor":14.0},{"not_picked":["Dark Embrace","Impervious"],"picked":"Barricade","floor":16.0},{"not_picked":["Searing Blow","Pummel"],"picked":"Evolve+1","floor":18.0},{"not_picked":["Wild Strike","Thunderclap"],"picked":"Headbutt+1","floor":22.0},{"not_picked":["Headbutt","Fiend Fire"],"picked":"Pommel Strike","floor":23.0},{"not_picked":["Heavy Blade","Wild Strike","Twin Strike"],"picked":"SKIP","floor":28.0},{"not_picked":["Feel No Pain","Havoc"],"picked":"True Grit","floor":29.0},{"not_picked":["Cleave","Thunderclap+1"],"picked":"Headbutt+1","floor":31.0},{"not_picked":["Limit Break","Demon Form"],"picked":"Feed","floor":33.0},{"not_picked":["Feel No Pain","Clothesline+1","Anger"],"picked":"SKIP","floor":35.0},{"not_picked":["Twin Strike+1","Heavy Blade+1"],"picked":"Body Slam","floor":37.0},{"not_picked":["Disarm","Evolve+1"],"picked":"Armaments","floor":39.0},{"not_picked":["Uppercut","Searing Blow+1","Combust"],"picked":"SKIP","floor":41.0},{"not_picked":["Anger+1","Seeing Red"],"picked":"Warcry+1","floor":46.0},{"not_picked":["Hemokinesis","Cleave+1"],"picked":"Shrug It Off","floor":47.0},{"not_picked":["Combust","Flex"],"picked":"Pommel Strike","floor":48.0},{"not_picked":["Inflame+1","Twin Strike"],"picked":"Pommel Strike+1","floor":54.0}],"player_experience":228470,"relics_obtained":[{"floor":6.0,"key":"Darkstone Periapt"},{"floor":11.0,"key":"Ice Cream"},{"floor":20.0,"key":"Enchiridion"},{"floor":23.0,"key":"Meat on the Bone"},{"floor":26.0,"key":"Lantern"},{"floor":29.0,"key":"Red Mask"},{"floor":31.0,"key":"Regal Pillow"},{"floor":43.0,"key":"Bottled Lightning"},{"floor":46.0,"key":"Champion Belt"},{"floor":48.0,"key":"Dead Branch"},{"floor":54.0,"key":"Orichalcum"}],"event_choices":[{"damage_healed":0.0,"max_hp_gain":0.0,"max_hp_loss":0.0,"gold_gain":75.0,"event_name":"World of Goop","player_choice":"Gather Gold","floor":2.0,"gold_loss":0.0,"damage_taken":11.0},{"damage_healed":0.0,"max_hp_gain":0.0,"max_hp_loss":0.0,"gold_gain":175.0,"event_name":"Liars Game","player_choice":"AGREE","floor":3.0,"gold_loss":0.0,"damage_taken":0.0,"cards_obtained":["Doubt"]},{"damage_healed":0.0,"max_hp_gain":5.0,"max_hp_loss":0.0,"gold_gain":0.0,"event_name":"Forgotten Altar","player_choice":"Shed Blood","floor":19.0,"gold_loss":0.0,"damage_taken":22.0},{"damage_healed":0.0,"max_hp_gain":0.0,"max_hp_loss":0.0,"gold_gain":0.0,"event_name":"Cursed Tome","player_choice":"Obtained Book","floor":20.0,"gold_loss":0.0,"damage_taken":16.0},{"damage_healed":0.0,"max_hp_gain":0.0,"max_hp_loss":0.0,"gold_gain":0.0,"event_name":"Upgrade Shrine","player_choice":"Upgraded","floor":25.0,"gold_loss":0.0,"damage_taken":0.0,"cards_upgraded":["Pommel Strike"]},{"damage_healed":0.0,"max_hp_gain":0.0,"max_hp_loss":0.0,"gold_gain":0.0,"event_name":"Masked Bandits","player_choice":"Fought Bandits","floor":29.0,"gold_loss":0.0,"damage_taken":0.0},{"damage_healed":0.0,"max_hp_gain":0.0,"max_hp_loss":5.0,"gold_gain":0.0,"event_name":"Winding Halls","player_choice":"Max HP","floor":36.0,"gold_loss":0.0,"damage_taken":0.0},{"damage_healed":0.0,"max_hp_gain":0.0,"max_hp_loss":0.0,"gold_gain":222.0,"event_name":"Tomb of Lord Red Mask","player_choice":"Wore Mask","floor":38.0,"gold_loss":0.0,"damage_taken":0.0},{"damage_healed":0.0,"max_hp_gain":0.0,"max_hp_loss":0.0,"gold_gain":0.0,"event_name":"MindBloom","player_choice":"Fight","floor":48.0,"gold_loss":0.0,"damage_taken":0.0}],"is_beta":false,"boss_relics":[{"not_picked":["Philosopher\u0027s Stone","Runic Cube"],"picked":"Mark of Pain"},{"not_picked":["Orrery","Snecko Eye"],"picked":"Sozu"}],"items_purged_floors":[5,21,45],"is_endless":false,"potions_floor_spawned":[4,6,11,14,22,23,29,31,33,35,37,39,46,54],"ascension_level":5}