{"gold_per_floor":[115,115,115,61,75,103,103,122,122,122,122,122,146,26,26,155,218,233,233,251,78,101,101,101],"floor_reached":24,"playtime":1065,"items_purged":["Strike_R","Strike_R"],"score":219,"play_id":"df60d35b-7802-4231-86f1-ed8ab05340cd","local_time":"20190101225512","is_ascension_mode":false,"campfire_choices":[{"data":"Armaments","floor":7.0,"key":"SMITH"},{"data":"True Grit","floor":11,"key":"SMITH"},{"data":"Body Slam","floor":15,"key":"SMITH"},{"data":"Barricade","floor":23,"key":"SMITH"}],"neow_cost":"NONE","seed_source_timestamp":647351542996118,"circlet_count":0,"master_deck":["Strike_R","Strike_R+1","Strike_R","Defend_R","Defend_R+1","Defend_R","Defend_R+1","Bash","Seeing Red","True Grit+1","Armaments+1","Shrug It Off","Body Slam+1","Headbutt","Barricade+1","Warcry","Corruption"],"special_seed":0,"relics":["Burning Blood","NeowsBlessing","Du-Vu Doll","Golden Idol","Tiny House","Art of War"],"potions_floor_usage":[13,16,16,20,24],"damage_taken":[{"damage":0.0,"enemies":"Jaw Worm","floor":1.0,"turns":1.0},{"damage":0.0,"enemies":"Small Slimes","floor":5.0,"turns":1.0},{"damage":0.0,"enemies":"Gremlin Nob","floor":6.0,"turns":1.0},{"damage":1,"enemies":"Cultist","floor":8,"turns":3},{"damage":5,"enemies":"2 Fungi Beasts","floor":13,"turns":5},{"damage":41,"enemies":"Slime Boss","floor":16,"turns":16},{"damage":17,"enemies":"Spheric Guardian","floor":18,"turns":9},{"damage":13,"enemies":"2 Thieves","floor":20,"turns":5},{"damage":7,"enemies":"Snecko","floor":22,"turns":6},{"damage":45,"enemies":"Gremlin Leader","floor":24,"turns":6}],"seed_played":"-3059533560560301935","potions_obtained":[{"floor":3.0,"key":"FearPotion"},{"floor":3.0,"key":"AttackPotion"},{"floor":3.0,"key":"SneckoOil"},{"floor":6.0,"key":"SkillPotion"},{"floor":13,"key":"Explosive Potion"},{"floor":17,"key":"FearPotion"},{"floor":22,"key":"SkillPotion"}],"is_trial":false,"path_per_floor":["M","?","?","$","M","E","R","M","T","?","R","$","M","$","R","B",null,"M","?","M","$","M","R","E"],"character_chosen":"IRONCLAD","items_purchased":["True Grit","Headbutt","Corruption"],"campfire_rested":0,"item_purchase_floors":[4,14,21],"current_hp_per_floor":[80,64,64,64,70,76,76,80,80,60,60,60,61,61,61,26,85,74,74,67,67,66,66,21],"gold":101,"neow_bonus":"THREE_ENEMY_KILL","is_prod":false,"is_daily":false,"chose_seed":false,"campfire_upgraded":4,"win_rate":0,"timestamp":1546401312,"path_taken":["M","?","?","$","?","E","R","M","T","?","R","?","?","$","R","BOSS","M","?","M","$","M","R","E"],"build_version":"2018-12-20","purchased_purges":2,"victory":false,"max_hp_per_floor":[80,80,80,80,80,80,80,80,80,80,80,80,80,80,80,80,85,85,85,85,85,85,85,85],"card_choices":[{"not_picked":["Clash","Flex"],"picked":"Seeing Red","floor":1.0},{"not_picked":["Clothesline","Burning Pact","Pummel"],"picked":"SKIP","floor":5.0},{"not_picked":["Heavy Blade","Berserk"],"picked":"Armaments","floor":6.0},{"not_picked":["Searing Blow","Sever Soul"],"picked":"Shrug It Off","floor":8},{"not_picked":["Evolve","Wild Strike"],"picked":"Body Slam","floor":13},{"not_picked":["Double Tap","Berserk"],"picked":"Barricade","floor":16},{"not_picked":["Havoc","Sword Boomerang","Heavy Blade"],"picked":"SKIP","floor":18},{"not_picked":["Searing Blow","Perfected Strike+1"],"picked":"Warcry","floor":20},{"not_picked":["Body Slam","Cleave","Pummel"],"picked":"SKIP","floor":22}],"player_experience":393003,"relics_obtained":[{"floor":6.0,"key":"Du-Vu Doll"}],"event_choices":[{"damage_healed":0.0,"max_hp_gain":0.0,"max_hp_loss":0.0,"gold_gain":0.0,"event_name":"Shining Light","player_choice":"Entered Light","floor":2.0,"gold_loss":0.0,"damage_taken":16.0,"cards_upgraded":["Defend_R","Strike_R"]},{"damage_healed":0.0,"max_hp_gain":0.0,"max_hp_loss":0.0,"gold_gain":0.0,"event_name":"Lab","player_choice":"Got Potions","floor":3.0,"gold_loss":0.0,"damage_taken":0.0},{"damage_healed":0,"gold_gain":0,"player_choice":"Take Damage","damage_taken":20,"relics_obtained":["Golden Idol"],"max_hp_gain":0,"max_hp_loss":0,"event_name":"Golden Idol","floor":10,"gold_loss":0},{"damage_healed":0,"gold_gain":0,"player_choice":"Gave Potion","damage_taken":0,"relics_obtained":["Art of War"],"max_hp_gain":0,"max_hp_loss":0,"event_name":"WeMeetAgain","floor":19,"gold_loss":0}],"is_beta":false,"boss_relics":[{"not_picked":["White Beast Statue","Velvet Choker"],"picked":"Tiny House"}],"items_purged_floors":[14,21],"is_endless":false,"potions_floor_spawned":[6,13,22],"killed_by":"Gremlin Leader","ascension_level":0}