{"gold_per_floor":[365,365,365,242,311,327,355,159,185,218,182,201,201,220,220,325,325,340,204,220,235,213,213,239,439,486,486,486,500,520,545,545,644,644,658,44,44,44,62,62,79,96,96,45,45,45,61,88,88,88],"floor_reached":50,"playtime":2114,"items_purged":["Shame"],"score":548,"play_id":"b2490bc5-3606-4781-b4e4-50474b2dba42","local_time":"20180914054605","is_ascension_mode":false,"campfire_choices":[{"data":"Heavy Blade","floor":13,"key":"SMITH"},{"floor":15,"key":"REST"},{"data":"Limit Break","floor":23,"key":"SMITH"},{"floor":32,"key":"REST"},{"floor":40,"key":"REST"},{"floor":49,"key":"REST"}],"neow_cost":"CURSE","seed_source_timestamp":90012384345192,"circlet_count":0,"master_deck":["Strike_R+1","Strike_R+1","Strike_R+1","Strike_R+1","Strike_R+1","Defend_R+1","Defend_R+1","Defend_R+1","Defend_R+1","Bash+1","Heavy Blade+1","Madness+1","Inflame+1","Headbutt+1","Heavy Blade+1","Headbutt+1","Inflame+1","Flex+1","Spot Weakness+1","Heavy Blade+1","Double Tap+1","Twin Strike+1","Limit Break+1","Inflame+1","Clash+1","Cleave+1","Clash+1","Impervious+1","Cleave+1","Enlightenment+1","Clash+1","Flex+1"],"relics":["Burning Blood","Red Skull","War Paint","Ice Cream","Velvet Choker","Strawberry","PreservedInsect","Red Mask","Black Star","Gremlin Horn","Lee\u0027s Waffle","Mark of the Bloom","Blood Vial","Molten Egg 2","Charon\u0027s Ashes","Bird Faced Urn"],"potions_floor_usage":[14,16,18,24,24,31,33,42,47,47,48,48],"damage_taken":[{"damage":17,"enemies":"Jaw Worm","floor":1,"turns":5},{"damage":7,"enemies":"Small Slimes","floor":6,"turns":4},{"damage":47,"enemies":"Lagavulin","floor":7,"turns":6},{"damage":8,"enemies":"Gremlin Nob","floor":10,"turns":3},{"damage":0,"enemies":"Cultist","floor":12,"turns":2},{"damage":12,"enemies":"Large Slime","floor":14,"turns":2},{"damage":29,"enemies":"The Guardian","floor":16,"turns":6},{"damage":0,"enemies":"Chosen","floor":18,"turns":3},{"damage":15,"enemies":"2 Thieves","floor":20,"turns":3},{"damage":15,"enemies":"Snecko","floor":21,"turns":3},{"damage":56,"enemies":"Slavers","floor":24,"turns":5},{"damage":12,"enemies":"Centurion and Healer","floor":29,"turns":6},{"damage":1,"enemies":"3 Cultists","floor":30,"turns":3},{"damage":0,"enemies":"Masked Bandits","floor":31,"turns":2},{"damage":41,"enemies":"Champ","floor":33,"turns":4},{"damage":6,"enemies":"Orb Walker","floor":35,"turns":3},{"damage":0,"enemies":"3 Shapes","floor":39,"turns":2},{"damage":12,"enemies":"Spire Growth","floor":41,"turns":3},{"damage":25,"enemies":"Maw","floor":42,"turns":5},{"damage":6,"enemies":"Sphere and 2 Shapes","floor":47,"turns":3},{"damage":5,"enemies":"Nemesis","floor":48,"turns":3},{"damage":35,"enemies":"Time Eater","floor":50,"turns":5}],"seed_played":"5498209534176782470","potions_obtained":[{"floor":7,"key":"EssenceOfSteel"},{"floor":14,"key":"BloodPotion"},{"floor":16,"key":"Fire Potion"},{"floor":20,"key":"Strength Potion"},{"floor":21,"key":"Poison Potion"},{"floor":29,"key":"Ancient Potion"},{"floor":30,"key":"PowerPotion"},{"floor":42,"key":"EssenceOfSteel"},{"floor":47,"key":"SkillPotion"}],"is_trial":false,"path_per_floor":["M","?","?","$","?","M","E","$","T","E","?","M","R","M","R","B",null,"M","$","M","M","$","R","E","?","T","?","$","M","M","?","R","B",null,"M","$","?","?","M","R","M","M","T","$","?","T","M","E","R"],"character_chosen":"IRONCLAD","items_purchased":["Inflame","Headbutt","Inflame","Flex","Limit Break","Clash","Gremlin Horn","Lee\u0027s Waffle","Cleave","BloodPotion","Weak Potion","Explosive Potion"],"campfire_rested":4,"item_purchase_floors":[4,4,8,8,19,22,36,36,36,36,36,44],"current_hp_per_floor":[69,69,69,69,69,68,27,27,27,25,25,31,31,25,49,34,80,80,80,71,62,62,62,19,19,19,19,19,13,18,24,50,15,87,87,94,94,94,94,94,82,57,57,57,57,57,51,46,46,11],"gold":88,"neow_bonus":"TWO_FIFTY_GOLD","is_prod":false,"is_daily":false,"chose_seed":false,"campfire_upgraded":2,"win_rate":0,"timestamp":1536918365,"path_taken":["M","?","?","$","?","M","E","$","T","E","?","M","R","M","R","BOSS","M","$","M","M","$","R","E","?","T","?","$","M","M","?","R","BOSS","M","$","?","?","M","R","M","?","T","$","?","?","M","E","R","BOSS"],"build_version":"2018-09-06","purchased_purges":1,"victory":false,"max_hp_per_floor":[80,80,80,80,80,80,80,80,80,80,80,80,80,80,80,80,80,80,80,80,80,80,80,87,87,87,87,87,87,87,87,87,87,87,87,94,94,94,94,94,94,94,94,94,94,94,94,94,94,94],"card_choices":[{"not_picked":["Armaments","Shrug It Off"],"picked":"Heavy Blade","floor":1},{"not_picked":["Headbutt","Hemokinesis"],"picked":"Heavy Blade","floor":6},{"not_picked":["Armaments","Rupture"],"picked":"Headbutt","floor":7},{"not_picked":["Cleave","Iron Wave"],"picked":"Spot Weakness","floor":10},{"not_picked":["Havoc","Clothesline"],"picked":"Heavy Blade","floor":12},{"not_picked":["Searing Blow","Shrug It Off","Armaments"],"picked":"SKIP","floor":14},{"not_picked":["Offering","Bludgeon"],"picked":"Double Tap","floor":16},{"not_picked":["Second Wind","Pummel+1"],"picked":"Twin Strike+1","floor":18},{"not_picked":["Feel No Pain","Anger"],"picked":"Inflame","floor":20},{"not_picked":["Perfected Strike","Sever Soul","True Grit"],"picked":"SKIP","floor":21},{"not_picked":["Body Slam","Feel No Pain"],"picked":"Cleave+1","floor":24},{"not_picked":["Dual Wield","Havoc","True Grit"],"picked":"SKIP","floor":29},{"not_picked":["Shrug It Off","Uppercut","Iron Wave"],"picked":"SKIP","floor":30},{"not_picked":["Headbutt","Thunderclap"],"picked":"Clash","floor":31},{"not_picked":["Brutality","Feed"],"picked":"Impervious","floor":33},{"not_picked":["Sentinel+1","Anger","Body Slam+1"],"picked":"SKIP","floor":35},{"not_picked":["Panacea","Thinking Ahead"],"picked":"Enlightenment","floor":37},{"not_picked":["Thunderclap+1","Intimidate","Rampage"],"picked":"SKIP","floor":39},{"not_picked":["Warcry","Sword Boomerang","True Grit"],"picked":"SKIP","floor":41},{"not_picked":["Armaments+1","Wild Strike+1"],"picked":"Clash+1","floor":42},{"not_picked":["Dropkick+1","Iron Wave+1","Dual Wield"],"picked":"SKIP","floor":47},{"not_picked":["Double Tap","Burning Pact"],"picked":"Flex+1","floor":48}],"player_experience":133713,"relics_obtained":[{"floor":7,"key":"Red Skull"},{"floor":9,"key":"War Paint"},{"floor":10,"key":"Ice Cream"},{"floor":24,"key":"Strawberry"},{"floor":26,"key":"PreservedInsect"},{"floor":31,"key":"Red Mask"},{"floor":43,"key":"Blood Vial"},{"floor":46,"key":"Molten Egg 2"},{"floor":48,"key":"Charon\u0027s Ashes"},{"floor":48,"key":"Bird Faced Urn"}],"event_choices":[{"event_name":"Scrap Ooze","player_choice":"unsuccessful","floor":2,"damage_taken":0},{"event_name":"Match and Keep!","player_choice":"1 cards matched","floor":3,"damage_taken":0},{"event_name":"Golden Wing","player_choice":"Gained Gold","floor":5,"damage_taken":0},{"event_name":"World of Goop","player_choice":"Left","floor":11,"damage_taken":0},{"event_name":"Wheel of Change","player_choice":"Gold","floor":25,"damage_taken":0},{"event_name":"N\u0027loth","player_choice":"Ignored","floor":27,"damage_taken":0},{"event_name":"Masked Bandits","player_choice":"Fought Bandits","floor":31,"damage_taken":0},{"event_name":"SensoryStone","player_choice":"Memory 1","floor":37,"damage_taken":0},{"event_name":"MindBloom","player_choice":"Upgrade","floor":38,"damage_taken":0},{"event_name":"FaceTrader","player_choice":"Leave","floor":45,"damage_taken":0}],"is_beta":false,"boss_relics":[{"not_picked":["Tiny House","Calling Bell"],"picked":"Velvet Choker"},{"not_picked":["Runic Dome","Philosopher\u0027s Stone"],"picked":"Black Star"}],"items_purged_floors":[8],"is_endless":false,"potions_floor_spawned":[7,14,16,20,21,29,30,42,47],"killed_by":"Time Eater","ascension_level":0}