{"gold_per_floor":[116,13,26,42,53,53,86,86,86,86,105,134,134,151,151,222,222,232,243,243,263,19,19,51,51,74,106,123,123,152,169,169,243,243,263,283,40,59,78,78,78,107,107,207,252,252,278,289,289,289],"floor_reached":50,"playtime":3535,"items_purged":["Writhe"],"score":1199,"play_id":"23c0b1f1-2a63-4a5c-b2b0-f21674bfb7ae","local_time":"20190303184916","is_ascension_mode":true,"campfire_choices":[{"data":"Zap","floor":6.0,"key":"SMITH"},{"data":"Chaos","floor":8.0,"key":"SMITH"},{"data":"Sweeping Beam","floor":13.0,"key":"SMITH"},{"data":"Lockon","floor":15.0,"key":"SMITH"},{"data":"Hologram","floor":23.0,"key":"SMITH"},{"data":"Dualcast","floor":29.0,"key":"SMITH"},{"data":"Defragment","floor":32.0,"key":"SMITH"},{"data":"Rainbow","floor":40.0,"key":"SMITH"},{"floor":49.0,"key":"RECALL"}],"neow_cost":"NONE","seed_source_timestamp":206953623947982,"circlet_count":0,"master_deck":["AscendersBane","Zap+1","Dualcast+1","Compile Driver","FTL","Bandage Up+1","Sweeping Beam+1","BootSequence","Self Repair","Chaos+1","Barrage","Lockon+1","Compile Driver","Core Surge","Sweeping Beam","Barrage","FTL","Go for the Eyes","Capacitor","Beam Cell","Hologram+1","Stack","Compile Driver","Reinforced Body","Hello World+1","Defragment+1","Coolheaded","Rainbow+1","Hologram+1","Go for the Eyes+1","Defragment","Aggregate","Reboot","Stack","Barrage","White Noise+1","Aggregate+1"],"special_seed":0,"relics":["Cracked Core","Orichalcum","DataDisk","Odd Mushroom","Pandora\u0027s Box","Meat on the Bone","Centennial Puzzle","Omamori","Ancient Tea Set","Symbiotic Virus","Smiling Mask","Nuclear Battery","Vajra","Pen Nib","Emotion Chip","Unceasing Top","War Paint"],"potions_floor_usage":[50],"damage_taken":[{"damage":14.0,"enemies":"Small Slimes","floor":1.0,"turns":3.0},{"damage":2.0,"enemies":"Jaw Worm","floor":3.0,"turns":3.0},{"damage":4.0,"enemies":"2 Louse","floor":4.0,"turns":2.0},{"damage":23.0,"enemies":"Large Slime","floor":5.0,"turns":6.0},{"damage":25.0,"enemies":"Lagavulin","floor":7.0,"turns":5.0},{"damage":1.0,"enemies":"3 Louse","floor":11.0,"turns":3.0},{"damage":0.0,"enemies":"The Mushroom Lair","floor":12.0,"turns":2.0},{"damage":5.0,"enemies":"Gremlin Gang","floor":14.0,"turns":5.0},{"damage":38.0,"enemies":"The Guardian","floor":16.0,"turns":7.0},{"damage":0.0,"enemies":"3 Byrds","floor":18.0,"turns":3.0},{"damage":5.0,"enemies":"Spheric Guardian","floor":19.0,"turns":3.0},{"damage":9.0,"enemies":"Shelled Parasite and Fungi","floor":21.0,"turns":6.0},{"damage":24.0,"enemies":"Slavers","floor":24.0,"turns":4.0},{"damage":10.0,"enemies":"Book of Stabbing","floor":27.0,"turns":4.0},{"damage":1.0,"enemies":"Snecko","floor":28.0,"turns":4.0},{"damage":12.0,"enemies":"Gremlin Leader","floor":30.0,"turns":5.0},{"damage":6.0,"enemies":"3 Cultists","floor":31.0,"turns":4.0},{"damage":35.0,"enemies":"Automaton","floor":33.0,"turns":10.0},{"damage":23.0,"enemies":"3 Darklings","floor":35.0,"turns":6.0},{"damage":5.0,"enemies":"Orb Walker","floor":36.0,"turns":3.0},{"damage":9.0,"enemies":"Writhing Mass","floor":38.0,"turns":6.0},{"damage":30.0,"enemies":"Spire Growth","floor":39.0,"turns":4.0},{"damage":30.0,"enemies":"Reptomancer","floor":42.0,"turns":6.0},{"damage":0.0,"enemies":"Mind Bloom Boss Battle","floor":44.0,"turns":7.0},{"damage":17.0,"enemies":"2 Orb Walkers","floor":45.0,"turns":3.0},{"damage":21.0,"enemies":"Giant Head","floor":47.0,"turns":7.0},{"damage":0.0,"enemies":"4 Shapes","floor":48.0,"turns":6.0},{"damage":62,"enemies":"Awakened One","floor":50,"turns":9}],"seed_played":"6044727096036468130","potions_obtained":[{"floor":3.0,"key":"Strength Potion"},{"floor":7.0,"key":"Explosive Potion"},{"floor":12.0,"key":"FearPotion"},{"floor":18.0,"key":"Block Potion"},{"floor":21.0,"key":"AttackPotion"},{"floor":27.0,"key":"FocusPotion"},{"floor":28.0,"key":"FocusPotion"},{"floor":33.0,"key":"AttackPotion"}],"is_trial":false,"path_per_floor":["M","$","M","M","M","R","E","R","T","?","M","?","R","M","R","B",null,"M","M","?","M","$","R","E","$","T","E","M","R","E","M","R","B",null,"M","M","$","M","M","R","?","E","T","?","?","?","E","M","R","B"],"character_chosen":"DEFECT","items_purchased":["Bandage Up","Centennial Puzzle","Defragment","Vajra"],"campfire_rested":0,"item_purchase_floors":[2,22,37,37],"current_hp_per_floor":[50,50,52,52,33,33,19,19,19,19,29,40,40,46,46,19,58,58,64,64,66,66,66,46,46,46,47,57,57,56,57,57,45,65,53,59,59,61,47,47,47,40,40,51,53,53,43,56,56,0],"gold":289,"neow_bonus":"THREE_CARDS","is_prod":false,"is_daily":false,"chose_seed":false,"campfire_upgraded":8,"win_rate":0,"timestamp":1551656956,"path_taken":["M","$","M","M","M","R","E","R","T","?","M","?","R","M","R","BOSS","M","M","?","M","$","R","E","?","T","E","M","R","E","M","R","BOSS","M","M","$","M","M","R","?","E","T","?","?","?","E","M","R","BOSS"],"build_version":"2019-01-23","purchased_purges":1,"victory":false,"max_hp_per_floor":[71,71,71,71,71,71,71,71,71,71,71,71,71,71,71,71,71,71,71,71,71,71,71,71,71,71,71,71,71,71,71,71,71,71,71,71,71,71,71,71,71,71,71,71,71,71,71,71,71,71],"card_choices":[{"not_picked":["Stack","Storm"],"picked":"Compile Driver","floor":0.0},{"not_picked":["Streamline","Glacier"],"picked":"FTL","floor":1.0},{"not_picked":["Scrape","Turbo"],"picked":"Sweeping Beam","floor":3.0},{"not_picked":["Chaos","Streamline"],"picked":"BootSequence","floor":4.0},{"not_picked":["White Noise","Turbo"],"picked":"Self Repair","floor":5.0},{"not_picked":["Barrage","Beam Cell"],"picked":"Chaos","floor":7.0},{"not_picked":["Redo","Gash"],"picked":"Barrage","floor":11.0},{"not_picked":["White Noise","Heatsinks"],"picked":"Lockon","floor":12.0},{"not_picked":["Multi-Cast","Force Field"],"picked":"Compile Driver","floor":14.0},{"not_picked":["Meteor Strike","All For One"],"picked":"Core Surge","floor":16.0},{"not_picked":["Skim","Lockon"],"picked":"Hologram","floor":18.0},{"not_picked":["Rip and Tear","Go for the Eyes"],"picked":"Stack","floor":19.0},{"not_picked":["Recycle","Scrape"],"picked":"Compile Driver","floor":21.0},{"not_picked":["Hyperbeam","Redo","Sweeping Beam"],"picked":"SKIP","floor":24.0},{"not_picked":["Hello World","Hologram"],"picked":"Reinforced Body","floor":27.0},{"not_picked":["Genetic Algorithm","Double Energy"],"picked":"Hello World+1","floor":28.0},{"not_picked":["White Noise","Sweeping Beam"],"picked":"Defragment","floor":30.0},{"not_picked":["Go for the Eyes","Barrage"],"picked":"Coolheaded","floor":31.0},{"not_picked":["Fission","Core Surge"],"picked":"Rainbow","floor":33.0},{"not_picked":["Undo","Compile Driver"],"picked":"Hologram+1","floor":35.0},{"not_picked":["Compile Driver","Coolheaded+1"],"picked":"Go for the Eyes+1","floor":36.0},{"not_picked":["Gash","Beam Cell+1"],"picked":"Aggregate","floor":38.0},{"not_picked":["Force Field","Cold Snap"],"picked":"Reboot","floor":39.0},{"not_picked":["Conserve Battery","Fusion"],"picked":"Stack","floor":42.0},{"not_picked":["Coolheaded","Auto Shields"],"picked":"Barrage","floor":44.0},{"not_picked":["Rip and Tear","Sweeping Beam"],"picked":"White Noise","floor":45.0},{"not_picked":["Gash","Hologram","Sweeping Beam"],"picked":"SKIP","floor":47.0},{"not_picked":["Sweeping Beam","Rip and Tear+1"],"picked":"Aggregate+1","floor":48.0}],"player_experience":671948,"relics_obtained":[{"floor":7.0,"key":"Orichalcum"},{"floor":9.0,"key":"DataDisk"},{"floor":12.0,"key":"Odd Mushroom"},{"floor":24.0,"key":"Omamori"},{"floor":26.0,"key":"Ancient Tea Set"},{"floor":27.0,"key":"Symbiotic Virus"},{"floor":30.0,"key":"Smiling Mask"},{"floor":42.0,"key":"Pen Nib"},{"floor":44.0,"key":"Emotion Chip"},{"floor":45.0,"key":"Unceasing Top"},{"floor":47.0,"key":"War Paint"}],"event_choices":[{"damage_healed":0.0,"max_hp_gain":0.0,"max_hp_loss":0.0,"gold_gain":0.0,"event_name":"Liars Game","player_choice":"Ignored","floor":10.0,"gold_loss":0.0,"damage_taken":0.0},{"damage_healed":0.0,"max_hp_gain":0.0,"max_hp_loss":0.0,"gold_gain":0.0,"event_name":"Mushrooms","player_choice":"Fought Mushrooms","floor":12.0,"gold_loss":0.0,"damage_taken":0.0},{"damage_healed":0.0,"max_hp_gain":0.0,"max_hp_loss":0.0,"gold_gain":0.0,"event_name":"The Mausoleum","player_choice":"Opened","floor":20.0,"gold_loss":0.0,"damage_taken":0.0,"relics_obtained":["Meat on the Bone"],"cards_obtained":["Writhe"]},{"cards_removed":["Chill"],"damage_healed":0.0,"max_hp_gain":0.0,"max_hp_loss":0.0,"gold_gain":0.0,"event_name":"Falling","player_choice":"Removed Skill","floor":41.0,"gold_loss":0.0,"damage_taken":0.0},{"damage_healed":0.0,"max_hp_gain":0.0,"max_hp_loss":0.0,"gold_gain":0.0,"event_name":"MindBloom","player_choice":"Fight","floor":44.0,"gold_loss":0.0,"damage_taken":0.0},{"damage_healed":0.0,"max_hp_gain":0.0,"max_hp_loss":0.0,"gold_gain":0.0,"event_name":"Mysterious Sphere","player_choice":"Fight","floor":45.0,"gold_loss":0.0,"damage_taken":0.0},{"cards_removed":["Sunder"],"damage_healed":0.0,"max_hp_gain":0.0,"max_hp_loss":0.0,"gold_gain":0.0,"event_name":"Purifier","player_choice":"Purged","floor":46.0,"gold_loss":0.0,"damage_taken":0.0}],"is_beta":false,"boss_relics":[{"not_picked":["White Beast Statue","Velvet Choker"],"picked":"Pandora\u0027s Box"},{"not_picked":["Calling Bell","Runic Pyramid"],"picked":"Nuclear Battery"}],"items_purged_floors":[22],"is_endless":false,"potions_floor_spawned":[3,7,12,18,21,27,28,33,35,38,39],"killed_by":"Awakened One","ascension_level":20}