{"gold_per_floor":[116,48,58,68,68,68,68,68,95,107,107,122,135,20,20,115,115,135,146,158,13,13,13,29,29,77,77,88,88],"floor_reached":29,"playtime":997,"items_purged":[],"score":326,"play_id":"d074a03e-92d9-4def-b71f-baa6d561685b","local_time":"20181021192720","is_ascension_mode":true,"campfire_choices":[{"data":"Zap","floor":6,"key":"SMITH"},{"data":"Streamline","floor":8,"key":"SMITH"},{"data":"Defragment","floor":11,"key":"SMITH"},{"data":"Buffer","floor":15,"key":"SMITH"},{"floor":23,"key":"REST"},{"data":"Storm","floor":25,"key":"SMITH"},{"data":"Capacitor","floor":27,"key":"SMITH"}],"neow_cost":"NONE","seed_source_timestamp":106936843958967,"circlet_count":0,"master_deck":["Strike_B+1","Strike_B","Strike_B","Strike_B","Defend_B","Defend_B","Defend_B","Defend_B","Zap+1","Dualcast","AscendersBane","Streamline+1","Melter+1","Beam Cell","Defragment+1","Turbo","Buffer+1","Loop","BootSequence","Thunder Strike","Tempest","Coolheaded+1","Hello World","Tempest","Capacitor+1","Shame","Storm+1","Barrage+1"],"relics":["Cracked Core","NeowsBlessing","Pocketwatch","Gambling Chip","Whetstone","Runic Pyramid","Shuriken","Potion Belt"],"potions_floor_usage":[16,16,18,20],"damage_taken":[{"damage":0,"enemies":"Jaw Worm","floor":1,"turns":1},{"damage":0,"enemies":"Cultist","floor":3,"turns":1},{"damage":0,"enemies":"Small Slimes","floor":4,"turns":1},{"damage":9,"enemies":"Red Slaver","floor":10,"turns":2},{"damage":16,"enemies":"Lots of Slimes","floor":12,"turns":3},{"damage":4,"enemies":"2 Fungi Beasts","floor":13,"turns":3},{"damage":22,"enemies":"Hexaghost","floor":16,"turns":8},{"damage":34,"enemies":"3 Byrds","floor":18,"turns":4},{"damage":2,"enemies":"Chosen","floor":19,"turns":4},{"damage":18,"enemies":"3 Cultists","floor":20,"turns":3},{"damage":0,"enemies":"Snecko","floor":24,"turns":4},{"damage":14,"enemies":"Snake Plant","floor":28,"turns":3},{"damage":16,"enemies":"Cultist and Chosen","floor":29,"turns":4}],"seed_played":"4651946924442527293","potions_obtained":[{"floor":3,"key":"EssenceOfSteel"},{"floor":12,"key":"Block Potion"},{"floor":16,"key":"Swift Potion"},{"floor":18,"key":"PowerPotion"}],"is_trial":false,"path_per_floor":["M","?","M","M","$","R","?","R","T","M","R","M","M","$","R","B",null,"M","M","M","$","?","R","M","R","T","R","M"],"character_chosen":"DEFECT","items_purchased":["Loop","BootSequence","Tempest","Capacitor"],"campfire_rested":1,"item_purchase_floors":[14,14,21,21],"current_hp_per_floor":[68,68,68,68,68,68,68,68,68,59,59,43,39,39,39,17,61,27,25,7,7,7,29,29,29,29,29,15,0],"gold":88,"neow_bonus":"THREE_ENEMY_KILL","is_prod":false,"is_daily":false,"chose_seed":false,"campfire_upgraded":6,"win_rate":0,"timestamp":1540175240,"path_taken":["M","?","?","M","?","R","?","R","T","M","R","M","M","$","R","BOSS","M","M","M","$","?","R","M","R","T","R","M","M"],"build_version":"2018-10-18","purchased_purges":0,"victory":false,"max_hp_per_floor":[75,75,75,75,75,75,75,75,75,75,75,75,75,75,75,75,75,75,75,75,75,75,75,75,75,75,75,75,75],"card_choices":[{"not_picked":["Steam","Coolheaded"],"picked":"Streamline","floor":1},{"not_picked":["Barrage","Stack"],"picked":"Melter","floor":3},{"not_picked":["Streamline","Cold Snap"],"picked":"Beam Cell","floor":4},{"not_picked":["Conserve Battery","Barrage"],"picked":"Defragment","floor":10},{"not_picked":["Streamline","Rebound"],"picked":"Turbo","floor":12},{"not_picked":["Steam","Hologram"],"picked":"Buffer","floor":13},{"not_picked":["Machine Learning","Rainbow"],"picked":"Thunder Strike","floor":16},{"not_picked":["Lockon","Scrape"],"picked":"Tempest","floor":18},{"not_picked":["Streamline","Reprogram"],"picked":"Coolheaded+1","floor":19},{"not_picked":["Compile Driver","BootSequence"],"picked":"Hello World","floor":20},{"not_picked":["Sunder","Melter+1"],"picked":"Storm","floor":24},{"not_picked":["Hologram","Go for the Eyes"],"picked":"Barrage+1","floor":28}],"player_experience":314281,"relics_obtained":[{"floor":7,"key":"Gambling Chip"},{"floor":9,"key":"Whetstone"},{"floor":26,"key":"Potion Belt"}],"event_choices":[{"damage_healed":0,"gold_gain":0,"player_choice":"Paid Gold","damage_taken":0,"relics_obtained":["Pocketwatch"],"max_hp_gain":0,"max_hp_loss":0,"event_name":"WeMeetAgain","floor":2,"gold_loss":68},{"damage_healed":0,"gold_gain":0,"player_choice":"Relic","damage_taken":0,"max_hp_gain":0,"max_hp_loss":0,"event_name":"Wheel of Change","floor":7,"gold_loss":0},{"damage_healed":0,"gold_gain":0,"player_choice":"Stole Relic","damage_taken":0,"relics_obtained":["Shuriken"],"max_hp_gain":0,"max_hp_loss":0,"event_name":"Addict","floor":22,"gold_loss":0,"cards_obtained":["Shame"]}],"is_beta":false,"boss_relics":[{"not_picked":["Fusion Hammer","Runic Dome"],"picked":"Runic Pyramid"}],"items_purged_floors":[],"is_endless":false,"potions_floor_spawned":[3,12,16,18],"killed_by":"Cultist and Chosen","ascension_level":10}