{"path_per_floor":["M","M","M","?","M","R","M","E","T","R","?","$","R","M","R","B",null,"M","M","M","M","?","R","E","R","T","?"],"character_chosen":"IRONCLAD","items_purchased":["Inflame"],"gold_per_floor":[115,126,136,86,102,102,121,155,226,226,200,44,44,62,62,160,160,176,193,210,220,220,220,253,253,302,302,302],"floor_reached":28,"campfire_rested":1,"playtime":1430,"current_hp_per_floor":[80,79,77,77,76,76,71,16,16,40,40,40,40,37,37,30,68,60,80,51,39,65,65,27,27,27,27,0],"items_purged":["Strike_R"],"gold":302,"score":300,"play_id":"e922c3be-1b0e-47f4-9030-acd26100d732","local_time":"20180411224354","is_prod":false,"is_daily":false,"is_ascension_mode":true,"campfire_upgraded":5,"timestamp":1523479434,"path_taken":["M","M","M","?","M","R","M","E","T","R","?","$","R","?","R","BOSS","M","M","?","M","?","R","E","R","T","?","?"],"build_version":"2018-04-05v2","purchased_purges":1,"victory":false,"master_deck":["Strike_R","Strike_R","Strike_R","Defend_R+1","Defend_R","Defend_R","Defend_R","Bash+1","Burning Pact","Pommel Strike+1","Uppercut+1","Whirlwind","Inflame+1","Inflame","Reaper","True Grit+1","Spot Weakness","Headbutt+1","Clothesline+1","Fiend Fire"],"max_hp_per_floor":[80,80,80,80,80,80,80,80,80,80,80,80,80,80,80,80,80,80,80,80,80,80,80,80,80,80,80,80],"relics":["Burning Blood","Happy Flower","Pantograph","Mark of Pain","Regal Pillow","Singing Bowl"],"card_choices":[{"not_picked":["Evolve","Thunderclap"],"picked":"Burning Pact","floor":2},{"not_picked":["True Grit","Cleave"],"picked":"Pommel Strike","floor":3},{"not_picked":["Body Slam","Rupture"],"picked":"Uppercut","floor":7},{"not_picked":["Metallicize","Immolate"],"picked":"Whirlwind","floor":8},{"not_picked":["Clash","Havoc"],"picked":"Inflame","floor":14},{"not_picked":["Impervious","Brutality"],"picked":"Reaper","floor":16},{"not_picked":["Perfected Strike","Cleave"],"picked":"True Grit","floor":18},{"not_picked":["True Grit","Twin Strike"],"picked":"Spot Weakness","floor":19},{"not_picked":["Sword Boomerang","Body Slam"],"picked":"Headbutt","floor":20},{"not_picked":["Fire Breathing","Rampage"],"picked":"Clothesline","floor":21},{"not_picked":["Evolve","Armaments"],"picked":"Fiend Fire","floor":24}],"player_experience":205891,"potions_floor_usage":[14,16,20],"damage_taken":[{"damage":1,"enemies":"Cultist","floor":1,"turns":3},{"damage":7,"enemies":"Jaw Worm","floor":2,"turns":3},{"damage":8,"enemies":"2 Louse","floor":3,"turns":3},{"damage":7,"enemies":"2 Fungi Beasts","floor":5,"turns":4},{"damage":11,"enemies":"Looter","floor":7,"turns":5},{"damage":61,"enemies":"Lagavulin","floor":8,"turns":7},{"damage":9,"enemies":"Exordium Thugs","floor":14,"turns":4},{"damage":38,"enemies":"The Guardian","floor":16,"turns":12},{"damage":18,"enemies":"Chosen","floor":18,"turns":4},{"damage":0,"enemies":"3 Byrds","floor":19,"turns":3},{"damage":50,"enemies":"Centurion and Healer","floor":20,"turns":6},{"damage":30,"enemies":"Snake Plant","floor":21,"turns":4},{"damage":44,"enemies":"Gremlin Leader","floor":24,"turns":7},{"damage":41,"enemies":"Cultist and Chosen","floor":28,"turns":4}],"event_choices":[{"event_name":"The Cleric","player_choice":"Card Removal","floor":4,"damage_taken":0},{"event_name":"World of Goop","player_choice":"Left","floor":11,"damage_taken":0},{"event_name":"The Library","player_choice":"Heal","floor":22,"damage_taken":0},{"event_name":"Vampires","player_choice":"Ignored","floor":27,"damage_taken":0}],"boss_relics":[{"not_picked":["Black Star","Orrery"],"picked":"Mark of Pain"}],"potions_floor_spawned":[2,3,5,20,24],"seed_played":"-4917422318764354384","killed_by":"Cultist and Chosen","ascension_level":5,"is_trial":false}