{"gold_per_floor":[10,285,296,310,327,361,361,389,468,484,502,502,502,516,516,617,617,628,628,643,654,672,672,700,700,723,723,758,512,512,525,525,626,626,636,131,150,165,182,182,209,78,78,78,78,89,89,89,89,89],"floor_reached":50,"playtime":3877,"items_purged":["Regret","Strike_B"],"score":604,"play_id":"a6605b05-a90b-4434-82b5-37374db6c85c","local_time":"20190306121712","is_ascension_mode":false,"campfire_choices":[{"floor":7.0,"key":"REST"},{"floor":13.0,"key":"REST"},{"floor":15.0,"key":"REST"},{"floor":23.0,"key":"REST"},{"floor":25.0,"key":"REST"},{"floor":27.0,"key":"REST"},{"floor":30,"key":"REST"},{"floor":32,"key":"REST"},{"floor":40,"key":"REST"},{"floor":45,"key":"REST"},{"floor":49,"key":"REST"}],"neow_cost":"NO_GOLD","seed_source_timestamp":0,"circlet_count":0,"master_deck":["Strike_B","Strike_B","Strike_B","Defend_B","Defend_B","Defend_B","Defend_B","Zap+1","Dualcast+1","Go for the Eyes","Streamline","Sweeping Beam","Redo","Rebound+1","Gash+1","Compile Driver+1","Cold Snap+1","Turbo","Echo Form","Turbo+1","Fusion+1","Force Field+1","Turbo+1","Multi-Cast","Doom and Gloom+1","Rip and Tear+1","Dark Shackles","Capacitor","Hyperbeam+1","Sunder+1","Go for the Eyes+1","BootSequence","Storm+1","Redo+1","Beam Cell+1","Fusion+1","Gash+1","Hologram","Streamline+1","Stack+1","Flash of Steel+1"],"special_seed":0,"relics":["Cracked Core","Thread and Needle","Molten Egg 2","StoneCalendar","Letter Opener","PreservedInsect","White Beast Statue","MutagenicStrength","Torii","Boot","Red Mask","Inserter","War Paint","Tiny Chest","Peace Pipe","Mummified Hand"],"potions_floor_usage":[33,33,41,41,50,50],"damage_taken":[{"damage":0.0,"enemies":"Jaw Worm","floor":1.0,"turns":5.0},{"damage":2.0,"enemies":"Cultist","floor":3.0,"turns":3.0},{"damage":2.0,"enemies":"Small Slimes","floor":4.0,"turns":3.0},{"damage":16.0,"enemies":"Gremlin Gang","floor":5.0,"turns":3.0},{"damage":22.0,"enemies":"Gremlin Nob","floor":6.0,"turns":5.0},{"damage":25.0,"enemies":"3 Sentries","floor":8.0,"turns":6.0},{"damage":5.0,"enemies":"Blue Slaver","floor":10.0,"turns":2.0},{"damage":10.0,"enemies":"2 Fungi Beasts","floor":11.0,"turns":3.0},{"damage":1.0,"enemies":"Looter","floor":14.0,"turns":2.0},{"damage":1.0,"enemies":"Slime Boss","floor":16.0,"turns":7.0},{"damage":20.0,"enemies":"Spheric Guardian","floor":18.0,"turns":4.0},{"damage":7.0,"enemies":"Shell Parasite","floor":20.0,"turns":5.0},{"damage":3.0,"enemies":"Centurion and Healer","floor":21.0,"turns":7.0},{"damage":20.0,"enemies":"Snake Plant","floor":22.0,"turns":4.0},{"damage":39.0,"enemies":"Book of Stabbing","floor":24.0,"turns":5.0},{"damage":18.0,"enemies":"Masked Bandits","floor":28.0,"turns":6.0},{"damage":15,"enemies":"Snecko","floor":31,"turns":4},{"damage":51,"enemies":"Champ","floor":33,"turns":11},{"damage":11,"enemies":"Orb Walker","floor":35,"turns":3},{"damage":1,"enemies":"3 Shapes","floor":37,"turns":4},{"damage":1,"enemies":"Maw","floor":38,"turns":7},{"damage":9,"enemies":"Jaw Worm Horde","floor":39,"turns":4},{"damage":80,"enemies":"Reptomancer","floor":41,"turns":7},{"damage":12,"enemies":"4 Shapes","floor":46,"turns":4},{"damage":51,"enemies":"Donu and Deca","floor":50,"turns":4}],"seed_played":"3855134250396811320","potions_obtained":[{"floor":3.0,"key":"Swift Potion"},{"floor":5.0,"key":"SneckoOil"},{"floor":8.0,"key":"EntropicBrew"},{"floor":10.0,"key":"Fire Potion"},{"floor":18.0,"key":"SkillPotion"},{"floor":20.0,"key":"FocusPotion"},{"floor":22.0,"key":"Weak Potion"},{"floor":28,"key":"Fire Potion"},{"floor":31,"key":"Ancient Potion"},{"floor":33,"key":"AttackPotion"},{"floor":35,"key":"Block Potion"},{"floor":38,"key":"Regen Potion"},{"floor":39,"key":"LiquidBronze"},{"floor":41,"key":"GamblersBrew"},{"floor":46,"key":"Explosive Potion"}],"is_trial":false,"path_per_floor":["?","M","?","M","?","?","?","?","?"],"character_chosen":"DEFECT","items_purchased":["Rip and Tear+1","Dark Shackles","Go for the Eyes+1","BootSequence","War Paint","Tiny Chest","Gash+1","Hologram","Streamline+1"],"campfire_rested":11,"item_purchase_floors":[29,29,36,36,36,36,42,42,42],"current_hp_per_floor":[75,75,73,71,55,33,55,30,30,25,15,15,37,36,58,57,75,55,55,48,45,25,47,8,30,30,52,34,34,56,41,63,12,75,64,64,63,62,53,75,7,7,7,7,29,17,17,17,39,0],"gold":89,"neow_bonus":"ONE_RARE_RELIC","is_prod":false,"is_daily":false,"chose_seed":false,"campfire_upgraded":0,"win_rate":0.0,"timestamp":1551871032,"path_taken":["M","?","M","M","M","E","R","E","T","?","M","?","R","?","R","BOSS","M","?","M","M","M","R","E","R","T","R","?","$","R","M","R","BOSS","M","$","M","M","M","R","E","$","T","?","R","M","?","?","R","BOSS"],"build_version":"2019-01-23","purchased_purges":2,"victory":false,"max_hp_per_floor":[75,75,75,75,75,75,75,75,75,75,75,75,75,75,75,75,75,75,75,75,75,75,75,75,75,75,75,75,75,75,75,75,75,75,75,75,75,75,75,75,75,75,75,75,75,75,75,75,75,75],"card_choices":[{"not_picked":["Undo","Ball Lightning"],"picked":"Go for the Eyes","floor":1.0},{"not_picked":["Leap","Conserve Battery"],"picked":"Streamline","floor":3.0},{"not_picked":["Steam","Aggregate"],"picked":"Sweeping Beam","floor":4.0},{"not_picked":["Loop","Compile Driver"],"picked":"Redo","floor":5.0},{"not_picked":["Steam Power","Doom and Gloom"],"picked":"Rebound","floor":6.0},{"not_picked":["Sweeping Beam+1","Loop"],"picked":"Gash+1","floor":8.0},{"not_picked":["Double Energy","Hologram"],"picked":"Compile Driver+1","floor":10.0},{"not_picked":["Glacier","Chill"],"picked":"Cold Snap+1","floor":11.0},{"not_picked":["Defragment","Scrape+1"],"picked":"Turbo","floor":14.0},{"not_picked":["All For One+1","Buffer"],"picked":"Echo Form","floor":16.0},{"not_picked":["Rebound+1","Cold Snap+1"],"picked":"Turbo+1","floor":18.0},{"not_picked":["Compile Driver+1","Chaos"],"picked":"Fusion+1","floor":20.0},{"not_picked":["Hologram","Genetic Algorithm"],"picked":"Force Field+1","floor":21.0},{"not_picked":["Conserve Battery","Hello World+1"],"picked":"Turbo+1","floor":22.0},{"not_picked":["Storm+1","Hello World+1"],"picked":"Multi-Cast","floor":24.0},{"not_picked":["Force Field","Defragment"],"picked":"Doom and Gloom+1","floor":28},{"not_picked":["Skim","Hello World"],"picked":"Capacitor","floor":31},{"not_picked":["Buffer","All For One+1"],"picked":"Hyperbeam+1","floor":33},{"not_picked":["Stack","Blizzard+1"],"picked":"Sunder+1","floor":35},{"not_picked":["Ball Lightning+1","Rebound+1"],"picked":"Storm+1","floor":37},{"not_picked":["Recycle","Fusion"],"picked":"Redo+1","floor":38},{"not_picked":["Coolheaded+1","Redo+1"],"picked":"Beam Cell+1","floor":39},{"not_picked":["Barrage+1","Chill"],"picked":"Fusion+1","floor":41},{"not_picked":["Lockon+1","Cold Snap+1"],"picked":"Stack+1","floor":46},{"not_picked":["PanicButton","Secret Technique"],"picked":"Flash of Steel+1","floor":47}],"player_experience":46831,"relics_obtained":[{"floor":6.0,"key":"Molten Egg 2"},{"floor":8.0,"key":"StoneCalendar"},{"floor":9.0,"key":"Letter Opener"},{"floor":24.0,"key":"Torii"},{"floor":26.0,"key":"Boot"},{"floor":28,"key":"Red Mask"},{"floor":41,"key":"Peace Pipe"},{"floor":43,"key":"Mummified Hand"}],"event_choices":[{"damage_healed":0.0,"max_hp_gain":0.0,"max_hp_loss":0.0,"gold_gain":275.0,"event_name":"Golden Shrine","player_choice":"Desecrate","floor":2.0,"gold_loss":0.0,"damage_taken":0.0,"cards_obtained":["Regret"]},{"damage_healed":0.0,"max_hp_gain":0.0,"max_hp_loss":0.0,"gold_gain":0.0,"event_name":"WeMeetAgain","player_choice":"Gave Potion","floor":12.0,"gold_loss":0.0,"damage_taken":0.0,"relics_obtained":["PreservedInsect"]},{"damage_healed":0.0,"max_hp_gain":0.0,"max_hp_loss":0.0,"gold_gain":0.0,"event_name":"Drug Dealer","player_choice":"Inject Mutagens","floor":19.0,"gold_loss":0.0,"damage_taken":0.0,"relics_obtained":["MutagenicStrength"]},{"damage_healed":0.0,"max_hp_gain":0.0,"max_hp_loss":0.0,"gold_gain":0.0,"event_name":"Masked Bandits","player_choice":"Fought Bandits","floor":28.0,"gold_loss":0.0,"damage_taken":0.0},{"damage_healed":0,"gold_gain":0,"player_choice":"Ignored","damage_taken":0,"max_hp_gain":0,"max_hp_loss":0,"event_name":"Mysterious Sphere","floor":44,"gold_loss":0},{"damage_healed":0,"gold_gain":0,"player_choice":"Memory 1","damage_taken":0,"max_hp_gain":0,"max_hp_loss":0,"event_name":"SensoryStone","floor":47,"gold_loss":0},{"damage_healed":0,"gold_gain":0,"player_choice":"Ignored","damage_taken":0,"max_hp_gain":0,"max_hp_loss":0,"event_name":"NoteForYourself","floor":48,"gold_loss":0}],"is_beta":false,"boss_relics":[{"not_picked":["Coffee Dripper","Runic Dome"],"picked":"White Beast Statue"},{"not_picked":["Tiny House","Black Star"],"picked":"Inserter"}],"items_purged_floors":[29,36],"is_endless":false,"potions_floor_spawned":[3,5,8,10,11,18,20,21,22,24,28,31,33,35,37,38,39,41,46],"killed_by":"Donu and Deca","ascension_level":0}