{"gold_per_floor":[118,136,148,168,168,168,223,223,250,268,295,314,314,329,329,329],"floor_reached":16,"playtime":671,"items_purged":[],"score":208,"play_id":"0066a4c4-f368-4850-8a60-a254b2df5a09","local_time":"20190224061346","is_ascension_mode":true,"campfire_choices":[{"data":"Zap","floor":6,"key":"SMITH"},{"data":"Capacitor","floor":8,"key":"SMITH"},{"floor":15,"key":"REST"}],"neow_cost":"NONE","seed_source_timestamp":1541725725752500,"circlet_count":0,"master_deck":["AscendersBane","Strike_B+1","Strike_B","Strike_B","Strike_B","Defend_B+1","Defend_B","Defend_B","Defend_B","Zap+1","Dualcast+1","Conserve Battery","Cold Snap","Ball Lightning","Capacitor+1","Steam","Cold Snap","Coolheaded","Ball Lightning","Ball Lightning"],"relics":["Cracked Core","Oddly Smooth Stone","Bronze Scales","Juzu Bracelet","Dream Catcher"],"potions_floor_usage":[4,7,16,16],"damage_taken":[{"damage":0,"enemies":"2 Louse","floor":1,"turns":3},{"damage":2,"enemies":"Small Slimes","floor":2,"turns":3},{"damage":0,"enemies":"Cultist","floor":3,"turns":3},{"damage":11,"enemies":"Blue Slaver","floor":4,"turns":4},{"damage":14,"enemies":"3 Sentries","floor":7,"turns":7},{"damage":3,"enemies":"2 Fungi Beasts","floor":10,"turns":3},{"damage":10,"enemies":"3 Sentries","floor":11,"turns":8},{"damage":0,"enemies":"3 Louse","floor":12,"turns":3},{"damage":0,"enemies":"Red Slaver","floor":14,"turns":3},{"damage":31,"enemies":"Hexaghost","floor":16,"turns":9}],"seed_played":"2073504293340135294","potions_obtained":[{"floor":2,"key":"FocusPotion"},{"floor":3,"key":"AttackPotion"},{"floor":4,"key":"Fruit Juice"},{"floor":12,"key":"EssenceOfSteel"},{"floor":14,"key":"Swift Potion"}],"is_trial":false,"path_per_floor":["M","M","M","M","?","R","?","R","T","M","E","M","?","M","R","B"],"character_chosen":"DEFECT","items_purchased":[],"campfire_rested":1,"item_purchase_floors":[],"current_hp_per_floor":[64,62,62,56,33,33,19,19,19,16,6,6,6,6,28,0],"gold":329,"neow_bonus":"RANDOM_COMMON_RELIC","is_prod":false,"is_daily":false,"chose_seed":false,"campfire_upgraded":2,"win_rate":0,"timestamp":1551017626,"path_taken":["M","M","M","M","?","R","?","R","T","M","E","M","?","M","R","BOSS"],"build_version":"2019-01-23","purchased_purges":0,"victory":false,"max_hp_per_floor":[71,71,71,76,76,76,76,76,76,76,76,76,76,76,76,76],"card_choices":[{"not_picked":["Streamline","Beam Cell"],"picked":"Conserve Battery","floor":1},{"not_picked":["Conserve Battery","Undo"],"picked":"Cold Snap","floor":2},{"not_picked":["Coolheaded","Undo"],"picked":"Ball Lightning","floor":3},{"not_picked":["Conserve Battery","Sweeping Beam"],"picked":"Capacitor","floor":4},{"not_picked":["Meteor Strike","Hello World"],"picked":"Steam","floor":7},{"not_picked":["Compile Driver","Beam Cell"],"picked":"Cold Snap","floor":10},{"not_picked":["Rebound","Beam Cell"],"picked":"Coolheaded","floor":11},{"not_picked":["Go for the Eyes","Heatsinks","Stack"],"picked":"SKIP","floor":12},{"not_picked":["Multi-Cast","Beam Cell"],"picked":"Ball Lightning","floor":14},{"not_picked":["Tempest","Genetic Algorithm"],"picked":"Ball Lightning","floor":15}],"player_experience":763189,"relics_obtained":[{"floor":7,"key":"Bronze Scales"},{"floor":9,"key":"Juzu Bracelet"},{"floor":11,"key":"Dream Catcher"}],"event_choices":[{"damage_healed":0,"gold_gain":0,"player_choice":"Entered Light","damage_taken":23,"max_hp_gain":0,"max_hp_loss":0,"event_name":"Shining Light","floor":5,"gold_loss":0,"cards_upgraded":["Strike_B","Defend_B"]},{"damage_healed":0,"gold_gain":30,"player_choice":"Searched \u00273\u0027 times","damage_taken":0,"max_hp_gain":0,"max_hp_loss":0,"event_name":"Dead Adventurer","floor":7,"gold_loss":0},{"damage_healed":0,"gold_gain":0,"player_choice":"Forge","damage_taken":0,"max_hp_gain":0,"max_hp_loss":0,"event_name":"Accursed Blacksmith","floor":13,"gold_loss":0,"cards_upgraded":["Dualcast"]}],"is_beta":false,"boss_relics":[],"items_purged_floors":[],"is_endless":false,"potions_floor_spawned":[2,3,4,12,14],"killed_by":"Hexaghost","ascension_level":20}