{"gold_per_floor":[111,111,111,122,47,47,58,93,93,105,25,36,53,69,69,170,170,187,187,112,112,123,123],"floor_reached":23,"playtime":678,"items_purged":["Regret"],"score":251,"play_id":"6413697a-71f5-4603-85b9-86c988ef1f60","local_time":"20190209133812","is_ascension_mode":true,"campfire_choices":[{"data":"Carnage","floor":6,"key":"SMITH"},{"floor":15,"key":"REST"}],"neow_cost":"NONE","seed_source_timestamp":230593218287802,"circlet_count":0,"master_deck":["Strike_R+1","Strike_R+1","Strike_R+1","Strike_R+1","Defend_R+1","Defend_R+1","Defend_R+1","Defend_R+1","Bash","Limit Break","Carnage+1","Cleave","Spot Weakness","Carnage","Impervious","Clothesline","Reaper","Heavy Blade"],"relics":["Burning Blood","Mummified Hand","CultistMask","Singing Bowl","PreservedInsect","Philosopher\u0027s Stone"],"potions_floor_usage":[16,23],"damage_taken":[{"damage":13,"enemies":"Small Slimes","floor":1,"turns":5},{"damage":4,"enemies":"Cultist","floor":4,"turns":3},{"damage":7,"enemies":"Jaw Worm","floor":7,"turns":2},{"damage":8,"enemies":"Gremlin Nob","floor":8,"turns":3},{"damage":10,"enemies":"3 Louse","floor":10,"turns":3},{"damage":7,"enemies":"2 Fungi Beasts","floor":12,"turns":2},{"damage":8,"enemies":"Blue Slaver","floor":13,"turns":3},{"damage":13,"enemies":"Exordium Thugs","floor":14,"turns":4},{"damage":53,"enemies":"Hexaghost","floor":16,"turns":9},{"damage":23,"enemies":"2 Thieves","floor":18,"turns":5},{"damage":21,"enemies":"Shell Parasite","floor":22,"turns":5},{"damage":32,"enemies":"Gremlin Leader","floor":23,"turns":6}],"seed_played":"2964389400741253244","potions_obtained":[{"floor":1,"key":"PowerPotion"},{"floor":8,"key":"EssenceOfSteel"},{"floor":13,"key":"Fire Potion"},{"floor":18,"key":"SpeedPotion"}],"is_trial":false,"path_per_floor":["M","?","?","M","$","R","M","E","T","M","$","M","M","M","R","B",null,"M","?","?","?","M","E"],"character_chosen":"IRONCLAD","items_purchased":["Impervious"],"campfire_rested":1,"item_purchase_floors":[11],"current_hp_per_floor":[65,65,65,67,67,67,66,64,64,60,60,59,59,52,76,31,71,54,38,38,38,25,0],"gold":123,"neow_bonus":"ONE_RANDOM_RARE_CARD","is_prod":false,"is_daily":false,"chose_seed":false,"campfire_upgraded":1,"win_rate":0,"timestamp":1549737492,"path_taken":["M","?","?","M","$","R","M","E","T","M","$","M","M","?","R","BOSS","M","?","?","?","M","E"],"build_version":"2019-01-23","purchased_purges":1,"victory":false,"max_hp_per_floor":[80,80,80,80,80,80,80,80,80,80,80,80,82,82,82,84,84,84,89,89,89,91,91],"card_choices":[{"not_picked":["Seeing Red","Headbutt"],"picked":"Carnage","floor":1},{"not_picked":["Thunderclap","Battle Trance"],"picked":"Cleave","floor":4},{"not_picked":["Pummel","Twin Strike","Sword Boomerang"],"picked":"SKIP","floor":7},{"not_picked":["Clothesline","Entrench"],"picked":"Spot Weakness","floor":8},{"not_picked":["Warcry","Second Wind"],"picked":"Carnage","floor":10},{"not_picked":["Rupture","Shockwave"],"picked":"Clothesline","floor":12},{"not_picked":["Entrench","Perfected Strike","Pommel Strike"],"picked":"Singing Bowl","floor":13},{"not_picked":["Perfected Strike","Armaments"],"picked":"Reaper","floor":14},{"not_picked":["Feed","Exhume","Reaper"],"picked":"Singing Bowl","floor":16},{"not_picked":["Headbutt","Fire Breathing"],"picked":"Heavy Blade","floor":18},{"not_picked":["Thunderclap","Wild Strike","Second Wind"],"picked":"Singing Bowl","floor":22}],"player_experience":164893,"relics_obtained":[{"floor":8,"key":"Singing Bowl"},{"floor":9,"key":"PreservedInsect"}],"event_choices":[{"damage_healed":0,"gold_gain":0,"player_choice":"Box","damage_taken":0,"relics_obtained":["Mummified Hand"],"max_hp_gain":0,"max_hp_loss":0,"event_name":"Big Fish","floor":2,"gold_loss":0,"cards_obtained":["Regret"]},{"damage_healed":0,"gold_gain":0,"player_choice":"Trade","damage_taken":0,"relics_obtained":["CultistMask"],"max_hp_gain":0,"max_hp_loss":0,"event_name":"FaceTrader","floor":3,"gold_loss":0},{"damage_healed":0,"gold_gain":0,"player_choice":"Shed Blood","damage_taken":21,"max_hp_gain":5,"max_hp_loss":0,"event_name":"Forgotten Altar","floor":19,"gold_loss":0},{"cards_removed":["Strike_R"],"damage_healed":0,"gold_gain":0,"player_choice":"Gave Gold","damage_taken":0,"max_hp_gain":0,"max_hp_loss":0,"event_name":"Beggar","floor":20,"gold_loss":75},{"damage_healed":0,"gold_gain":0,"player_choice":"Simplicity","damage_taken":0,"max_hp_gain":0,"max_hp_loss":0,"event_name":"Back to Basics","floor":21,"gold_loss":0,"cards_upgraded":["Strike_R","Strike_R","Strike_R","Strike_R","Defend_R","Defend_R","Defend_R","Defend_R"]}],"is_beta":false,"boss_relics":[{"not_picked":["Tiny House","Calling Bell"],"picked":"Philosopher\u0027s Stone"}],"items_purged_floors":[5],"is_endless":false,"potions_floor_spawned":[1,8,13,18],"killed_by":"Gremlin Leader","ascension_level":6}