{"path_per_floor":["M","$","?","?","$","E","M","R","T","R","T","M","M","E","R","B",null,"M","M","?"],"character_chosen":"IRONCLAD","items_purchased":[],"gold_per_floor":[18,18,93,93,18,46,59,59,135,135,135,152,171,197,197,299,329,346,359,359],"floor_reached":21,"campfire_rested":2,"playtime":1243,"current_hp_per_floor":[80,80,69,69,69,11,19,19,19,43,43,52,48,28,52,29,85,70,39,23],"items_purged":["Regret"],"gold":359,"play_id":"aaebd4f9-f45b-4c8c-88f0-5070872b9191","is_prod":false,"is_daily":false,"is_ascension_mode":false,"campfire_upgraded":1,"path_taken":["M","?","?","?","?","E","M","R","T","R","?","M","M","E","R","BOSS","M","?","?","M"],"build_version":"2018-01-25-PROD3","purchased_purges":1,"victory":false,"master_deck":["Strike_R","Strike_R","Strike_R","Strike_R","Strike_R","Defend_R","Defend_R","Defend_R","Defend_R","Bash","Flex","Cleave","Searing Blow+1","Spot Weakness","Limit Break","Intimidate","Inflame","Flex"],"max_hp_per_floor":[80,80,80,80,80,80,80,80,80,80,80,80,80,80,80,80,85,85,85,85],"relics":["Burning Blood","Magic Flower","Mummified Hand","Self Forming Clay","Bottled Flame","Dodecahedron","Dream Catcher","Tiny House","Nilry\u0027s Codex"],"card_choices":[{"not_picked":["Cleave","Power Through"],"picked":"Flex"},{"not_picked":["Berserk","Uppercut"],"picked":"Cleave"},{"not_picked":["Anger","Second Wind"],"picked":"Searing Blow"},{"not_picked":["Rampage","Thunderclap"],"picked":"Spot Weakness"},{"not_picked":["Feel No Pain","Headbutt"],"picked":"Limit Break"},{"not_picked":["Perfected Strike","Pummel"],"picked":"Intimidate"},{"not_picked":["Headbutt","Pommel Strike"],"picked":"Inflame"},{"not_picked":["Rage","Searing Blow"],"picked":"Flex"}],"player_experience":72784,"potions_floor_usage":[13,16,21,21],"damage_taken":[{"damage":8,"enemies":"Blue Slaver","floor":1,"turns":6},{"damage":67,"enemies":"Gremlin Nob","floor":6,"turns":6},{"damage":1,"enemies":"Cultist","floor":7,"turns":3},{"damage":0,"enemies":"Small Slimes","floor":12,"turns":3},{"damage":13,"enemies":"Exordium Wildlife","floor":13,"turns":4},{"damage":29,"enemies":"3 Sentries","floor":14,"turns":7},{"damage":57,"enemies":"The Guardian","floor":16,"turns":9},{"damage":24,"enemies":"2 Thieves","floor":18,"turns":4},{"damage":40,"enemies":"Spheric Guardian","floor":19,"turns":6},{"damage":27,"enemies":"Snake Plant","floor":21,"turns":4}],"event_choices":[{"event_name":"World of Goop","player_choice":"Gather Gold","floor":3,"damage_taken":0},{"event_name":"Big Fish","player_choice":"Box","floor":4,"damage_taken":0},{"event_name":"Cursed Tome","player_choice":"Obtained Book","floor":20,"damage_taken":0}],"boss_relics":[{"not_picked":["Lizard Tail","Eternal Feather"],"picked":"Tiny House"}],"potions_floor_spawned":[6,12,13,19],"seed_played":"-4550209121922254943","killed_by":"Snake Plant","ascension_level":0,"is_trial":false}