{"gold_per_floor":[117,117,127,52,65,65,65,65,92,92,106,118,136,147,147,244,244,169,193,206,220,52,52,64,79,79,79,79],"floor_reached":28,"playtime":1345,"items_purged":["Strike_B"],"score":367,"play_id":"32da705b-6521-4eda-a434-3948aee21cb8","local_time":"20190521195249","is_ascension_mode":true,"campfire_choices":[{"floor":6,"key":"REST"},{"data":"Chill","floor":8,"key":"SMITH"},{"data":"FTL","floor":10,"key":"SMITH"},{"data":"Defend_B","floor":15,"key":"SMITH"},{"floor":23,"key":"REST"}],"neow_cost":"NONE","seed_source_timestamp":0,"circlet_count":0,"master_deck":["Strike_B","Defend_B","Defend_B","Defend_B","Defend_B+1","Zap+1","Chill+1","FTL+1","Machine Learning","Cold Snap","Apotheosis"],"special_seed":0,"relics":["Cracked Core","Happy Flower","Empty Cage","Bag of Marbles","Bottled Tornado"],"potions_floor_usage":[16,16,16,28,28],"damage_taken":[{"damage":7.0,"enemies":"Jaw Worm","floor":1.0,"turns":3.0},{"damage":3,"enemies":"Small Slimes","floor":3,"turns":4},{"damage":0,"enemies":"Cultist","floor":5,"turns":4},{"damage":2,"enemies":"Exordium Wildlife","floor":11,"turns":4},{"damage":0,"enemies":"3 Louse","floor":12,"turns":3},{"damage":2,"enemies":"2 Fungi Beasts","floor":13,"turns":4},{"damage":0,"enemies":"Lots of Slimes","floor":14,"turns":5},{"damage":0,"enemies":"The Guardian","floor":16,"turns":12},{"damage":5,"enemies":"2 Thieves","floor":18,"turns":5},{"damage":31,"enemies":"3 Byrds","floor":20,"turns":6},{"damage":33,"enemies":"Snake Plant","floor":21,"turns":6},{"damage":8,"enemies":"3 Cultists","floor":24,"turns":7},{"damage":5,"enemies":"Centurion and Healer","floor":25,"turns":12},{"damage":15,"enemies":"Book of Stabbing","floor":28,"turns":6}],"seed_played":"-3683597085710490378","potions_obtained":[{"floor":1.0,"key":"Strength Potion"},{"floor":3,"key":"Dexterity Potion"},{"floor":13,"key":"SteroidPotion"},{"floor":14,"key":"Weak Potion"},{"floor":20,"key":"Energy Potion"},{"floor":25,"key":"SpeedPotion"}],"is_trial":false,"path_per_floor":["M","?","M","$","M","R","?","R","T","R","M","M","M","M","R","B",null,"M","T","M","M","$","R","M","M","T","$","E"],"character_chosen":"DEFECT","items_purchased":["Apotheosis"],"campfire_rested":2,"item_purchase_floors":[22],"current_hp_per_floor":[61,54,51,51,51,73,73,73,73,73,71,71,69,69,69,69,74,69,69,38,5,5,27,19,14,14,14,0],"gold":79,"neow_bonus":"RANDOM_COMMON_RELIC","is_prod":false,"is_daily":false,"chose_seed":false,"campfire_upgraded":3,"win_rate":0,"timestamp":1558486369,"path_taken":["M","?","M","$","M","R","?","R","T","R","M","M","M","M","R","BOSS","M","?","M","M","$","R","M","M","T","$","E"],"build_version":"2019-01-23","purchased_purges":1,"victory":false,"max_hp_per_floor":[75,75,75,75,75,75,75,75,75,75,75,75,75,75,75,75,75,75,75,75,75,75,75,75,75,75,75,75],"card_choices":[{"not_picked":["Steam Power","Static Discharge"],"picked":"Chill","floor":1.0},{"not_picked":["Ball Lightning","Leap","Stack"],"picked":"SKIP","floor":3},{"not_picked":["Hello World","Cold Snap"],"picked":"FTL","floor":5},{"not_picked":["Sweeping Beam","Darkness","Leap"],"picked":"SKIP","floor":11},{"not_picked":["Stack","Heatsinks","Lockon"],"picked":"SKIP","floor":12},{"not_picked":["Stack","Skim","Rebound"],"picked":"SKIP","floor":13},{"not_picked":["Rebound","Turbo","Static Discharge"],"picked":"SKIP","floor":14},{"not_picked":["Fission","Rainbow"],"picked":"Machine Learning","floor":16},{"not_picked":["Go for the Eyes","Barrage+1","Force Field"],"picked":"SKIP","floor":18},{"not_picked":["Consume+1","Conserve Battery"],"picked":"Cold Snap","floor":20},{"not_picked":["Coolheaded+1","Ball Lightning","Turbo"],"picked":"SKIP","floor":21},{"not_picked":["Go for the Eyes","Coolheaded","Reprogram"],"picked":"SKIP","floor":24},{"not_picked":["Ball Lightning+1","Leap","Coolheaded+1"],"picked":"SKIP","floor":25}],"player_experience":1922810,"relics_obtained":[{"floor":19,"key":"Bag of Marbles"},{"floor":26,"key":"Bottled Tornado"}],"event_choices":[{"cards_removed":["Dualcast"],"damage_healed":0.0,"max_hp_gain":0.0,"max_hp_loss":0.0,"gold_gain":0.0,"event_name":"Golden Wing","player_choice":"Card Removal","floor":2.0,"gold_loss":0.0,"damage_taken":7.0},{"damage_healed":0,"gold_gain":0,"player_choice":"Upgraded","damage_taken":0,"max_hp_gain":0,"max_hp_loss":0,"event_name":"Upgrade Shrine","floor":7,"gold_loss":0,"cards_upgraded":["Zap"]}],"is_beta":false,"boss_relics":[{"not_picked":["Astrolabe","Runic Pyramid"],"picked":"Empty Cage"}],"items_purged_floors":[4],"is_endless":false,"potions_floor_spawned":[1,3,13,14,20,25],"killed_by":"Book of Stabbing","ascension_level":8}