{"gold_per_floor":[10,28,28,128,138,169,180,191,191,204,204],"floor_reached":11,"playtime":614,"items_purged":[],"score":121,"play_id":"a0217dd3-6470-40bb-a68b-2451952e9002","local_time":"20190206232017","is_ascension_mode":true,"campfire_choices":[],"neow_cost":"NO_GOLD","seed_source_timestamp":2400916743179176,"circlet_count":0,"master_deck":["Strike_R","Strike_R","Strike_R+1","Strike_R+1","Strike_R","Defend_R","Defend_R","Defend_R","Defend_R","Bash","Shrug It Off","Flame Barrier","Disarm"],"relics":["Burning Blood","Ice Cream","Anchor"],"potions_floor_usage":[6,11,11],"damage_taken":[{"damage":1,"enemies":"Cultist","floor":1,"turns":3},{"damage":3,"enemies":"2 Louse","floor":2,"turns":4},{"damage":2,"enemies":"Jaw Worm","floor":5,"turns":4},{"damage":24,"enemies":"Gremlin Nob","floor":6,"turns":4},{"damage":48,"enemies":"Exordium Thugs","floor":7,"turns":14},{"damage":11,"enemies":"Large Slime","floor":8,"turns":9},{"damage":5,"enemies":"3 Louse","floor":10,"turns":5},{"damage":22,"enemies":"Lagavulin","floor":11,"turns":9}],"seed_played":"7283016568434517000","potions_obtained":[{"floor":1,"key":"Block Potion"},{"floor":7,"key":"Strength Potion"},{"floor":10,"key":"EssenceOfSteel"}],"is_trial":false,"path_per_floor":["M","M","?","?","M","E","M","M","T","M","E"],"character_chosen":"IRONCLAD","items_purchased":[],"campfire_rested":0,"item_purchase_floors":[],"current_hp_per_floor":[96,96,77,77,81,63,21,16,16,17,0],"gold":204,"neow_bonus":"TWENTY_PERCENT_HP_BONUS","is_prod":false,"is_daily":false,"chose_seed":false,"campfire_upgraded":0,"win_rate":0,"timestamp":1549516817,"path_taken":["M","?","?","?","M","E","M","M","T","?","E"],"build_version":"2019-01-23","purchased_purges":0,"victory":false,"max_hp_per_floor":[96,96,96,96,96,96,96,96,96,96,96],"card_choices":[{"not_picked":["Rupture","Evolve","Headbutt"],"picked":"SKIP","floor":1},{"not_picked":["Fire Breathing","Pummel"],"picked":"Shrug It Off","floor":2},{"not_picked":["Shockwave","Anger"],"picked":"Flame Barrier","floor":5},{"not_picked":["Feel No Pain","Power Through"],"picked":"Disarm","floor":6},{"not_picked":["Pummel","Cleave","Warcry"],"picked":"SKIP","floor":7},{"not_picked":["Twin Strike","Intimidate","Headbutt"],"picked":"SKIP","floor":8},{"not_picked":["Rampage","Rage","Intimidate"],"picked":"SKIP","floor":10}],"player_experience":1257306,"relics_obtained":[{"floor":6,"key":"Ice Cream"},{"floor":9,"key":"Anchor"}],"event_choices":[{"damage_healed":0,"gold_gain":0,"player_choice":"Entered Light","damage_taken":19,"max_hp_gain":0,"max_hp_loss":0,"event_name":"Shining Light","floor":3,"gold_loss":0,"cards_upgraded":["Strike_R","Strike_R"]},{"damage_healed":0,"gold_gain":100,"player_choice":"Pray","damage_taken":0,"max_hp_gain":0,"max_hp_loss":0,"event_name":"Golden Shrine","floor":4,"gold_loss":0}],"is_beta":false,"boss_relics":[],"items_purged_floors":[],"is_endless":false,"potions_floor_spawned":[1,7,10],"killed_by":"Lagavulin","ascension_level":5}