{"gold_per_floor":[116,116,116,131,143,143,156,12,12,32,46,31],"floor_reached":12,"playtime":479,"items_purged":["Strike_B"],"score":112,"play_id":"5c7caf96-a7b8-4282-b0aa-96be1462c633","local_time":"20190804145315","is_ascension_mode":true,"campfire_choices":[{"data":"Zap","floor":6,"key":"SMITH"}],"neow_cost":"NONE","seed_source_timestamp":138103360413700,"circlet_count":0,"master_deck":["AscendersBane","Strike_B","Strike_B","Strike_B","Defend_B","Defend_B","Defend_B","Defend_B+1","Zap+1","Conserve Battery","Conserve Battery+1","Streamline","Loop","All For One","Cold Snap"],"relics":["Runic Pyramid","Cables","War Paint"],"potions_floor_usage":[7,12],"damage_taken":[{"damage":7,"enemies":"Jaw Worm","floor":1,"turns":3},{"damage":7,"enemies":"2 Louse","floor":4,"turns":4},{"damage":0,"enemies":"Cultist","floor":5,"turns":3},{"damage":28,"enemies":"Gremlin Gang","floor":7,"turns":6},{"damage":1,"enemies":"Red Slaver","floor":10,"turns":4},{"damage":15,"enemies":"3 Louse","floor":11,"turns":3},{"damage":10,"enemies":"Exordium Thugs","floor":12,"turns":1}],"seed_played":"927334947877983611","potions_obtained":[{"floor":4,"key":"PowerPotion"},{"floor":11,"key":"EssenceOfSteel"}],"is_trial":false,"path_per_floor":["M","?","?","M","M","R","M","$","T","M","M","M"],"character_chosen":"DEFECT","items_purchased":["Loop"],"campfire_rested":0,"item_purchase_floors":[8],"current_hp_per_floor":[61,61,61,54,54,54,26,26,26,25,10,0],"gold":31,"neow_bonus":"BOSS_RELIC","is_prod":false,"is_daily":false,"chose_seed":false,"campfire_upgraded":1,"win_rate":0,"timestamp":1564948395,"path_taken":["M","?","?","M","M","R","M","$","T","?","?","M"],"build_version":"2019-07-17","purchased_purges":1,"victory":false,"max_hp_per_floor":[75,75,75,75,75,75,75,75,75,75,75,75],"card_choices":[{"not_picked":["Hologram","Scrape","Genetic Algorithm"],"picked":"SKIP","floor":1},{"not_picked":["Beam Cell","Streamline"],"picked":"Conserve Battery","floor":4},{"not_picked":["Go for the Eyes","Turbo"],"picked":"Conserve Battery","floor":5},{"not_picked":["Sweeping Beam","Go for the Eyes"],"picked":"Streamline","floor":7},{"not_picked":["Coolheaded","Rebound"],"picked":"All For One","floor":10},{"not_picked":["Compile Driver","Rip and Tear"],"picked":"Cold Snap","floor":11}],"player_experience":2674944,"relics_obtained":[{"floor":3,"key":"Cables"},{"floor":9,"key":"War Paint"}],"event_choices":[{"cards_removed":["Dualcast"],"damage_healed":0,"gold_gain":0,"player_choice":"Forget","damage_taken":0,"max_hp_gain":0,"max_hp_loss":0,"event_name":"Living Wall","floor":2,"gold_loss":0},{"damage_healed":0,"gold_gain":0,"player_choice":"Relic","damage_taken":0,"max_hp_gain":0,"max_hp_loss":0,"event_name":"Wheel of Change","floor":3,"gold_loss":0}],"is_beta":false,"boss_relics":[],"items_purged_floors":[8],"is_endless":false,"potions_floor_spawned":[4,11],"killed_by":"Exordium Thugs","ascension_level":11}