{"path_per_floor":["M","$","?","M","$","E","M","?","T","?","?","E","R","M","R","B",null,"M","?","M","?","?","R"],"character_chosen":"THE_SILENT","items_purchased":["Bandage Up"],"gold_per_floor":[114,19,19,30,30,62,81,81,107,107,107,143,143,163,163,283,283,303,303,318,318,318,318],"floor_reached":24,"campfire_rested":2,"playtime":1566,"current_hp_per_floor":[70,70,75,75,75,75,75,75,75,68,68,57,57,51,75,40,75,72,72,72,72,58,75],"items_purged":[],"gold":318,"play_id":"ab56a0ed-2c2c-4ff5-b14a-f58026fcaa65","is_prod":false,"is_daily":false,"campfire_rituals":0,"campfire_upgraded":1,"is_hardmode":false,"path_taken":["M","$","?","M","$","E","M","?","T","?","?","E","R","M","R","BOSS","M","?","M","?","?","R","?"],"build_version":"2018-01-04-PROD1","purchased_purges":0,"victory":false,"master_deck":["Defend_G","Defend_G","Defend_G","Defend_G","Defend_G","Strike_G","Strike_G","Strike_G","Strike_G","Strike_G","Survivor","Neutralize","Endless Agony","Bandage Up","Noxious Fumes","Backflip","Flying Knee","Outmaneuver","After Image","Backstab","Infinite Blades","Predator","Deep Breath"],"max_hp_per_floor":[70,70,75,75,75,75,75,75,75,75,75,75,75,75,75,75,75,75,75,75,75,75,75],"relics":["Ring of the Snake","NeowsBlessing","Sundial","Golden Idol","Regal Pillow","Pen Nib","Orrery"],"campfire_meditates":0,"card_choices":[{"not_picked":["Blur","Eviscerate"],"picked":"Endless Agony"},{"not_picked":["Backflip","Deflect"],"picked":"Noxious Fumes"},{"not_picked":["Eviscerate","Corpse Explosion"],"picked":"Backflip"},{"not_picked":["Caltrops","Bouncing Flask"],"picked":"Flying Knee"},{"not_picked":["Bane","Terror"],"picked":"Outmaneuver"},{"not_picked":["A Thousand Cuts","Corpse Explosion"],"picked":"After Image"},{"not_picked":["Well Laid Plans","PiercingWail"],"picked":"Backstab"},{"not_picked":["Poisoned Stab","Endless Agony"],"picked":"Infinite Blades"},{"not_picked":["Backstab","Sucker Punch"],"picked":"Predator"}],"player_experience":37664,"potions_floor_usage":[12,16,18],"damage_taken":[{"damage":0,"enemies":"Small Slimes","floor":1,"turns":1},{"damage":0,"enemies":"Cultist","floor":4,"turns":1},{"damage":0,"enemies":"Gremlin Nob","floor":6,"turns":1},{"damage":0,"enemies":"2 Louse","floor":7,"turns":4},{"damage":15,"enemies":"Lagavulin","floor":12,"turns":7},{"damage":10,"enemies":"Looter","floor":14,"turns":4},{"damage":39,"enemies":"The Guardian","floor":16,"turns":15},{"damage":7,"enemies":"Chosen","floor":18,"turns":7},{"damage":3,"enemies":"3 Byrds","floor":20,"turns":6},{"damage":84,"enemies":"Slaver and Parasite","floor":24,"turns":5}],"event_choices":[{"event_name":"Big Fish","player_choice":"Donut","floor":3,"damage_taken":0},{"event_name":"Golden Idol","player_choice":"Take Wound","floor":8,"damage_taken":0},{"event_name":"Golden Wing","player_choice":"Card Removal","floor":10,"damage_taken":0},{"event_name":"Living Wall","player_choice":"Grow","floor":11,"damage_taken":0},{"event_name":"Drug Dealer","player_choice":"Ignored","floor":19,"damage_taken":0},{"event_name":"Upgrade Shrine","player_choice":"Upgraded","floor":21,"damage_taken":0},{"event_name":"Knowing Skull","player_choice":"CARD ","floor":22,"damage_taken":0}],"boss_relics":[{"not_picked":["Velvet Choker","Tiny House"],"picked":"Orrery"}],"potions_floor_spawned":[1,12,14,16,20],"seed_played":"6960564609736152545","killed_by":"Slaver and Parasite","is_trial":false}