{"gold_per_floor":[110,110,122,122,122,122,136,156,156,156,146,146,161,161,161,257,257,241,256,266,279,299,299,299,312,312,312,328,77,77],"floor_reached":30,"playtime":3738,"items_purged":["Normality"],"score":350,"play_id":"86055d38-39f5-460a-aa9d-abc77c550a18","local_time":"20190801130035","is_ascension_mode":true,"campfire_choices":[{"floor":6,"key":"REST"},{"data":"Metallicize","floor":12,"key":"SMITH"},{"data":"Shrug It Off","floor":15,"key":"SMITH"},{"floor":23,"key":"REST"}],"neow_cost":"NONE","seed_source_timestamp":1770271448804507,"circlet_count":0,"master_deck":["AscendersBane","Strike_R","Strike_R","Strike_R","Strike_R","Defend_R","Defend_R","Defend_R","Defend_R","Battle Trance","Shrug It Off+1","Metallicize+1","Limit Break","Armaments+1","Injury","Rampage+1"],"relics":["Cursed Key","Du-Vu Doll","Turnip","Smiling Mask","Lizard Tail","Frozen Egg 2"],"potions_floor_usage":[16,22,28,29,29],"damage_taken":[{"damage":7,"enemies":"Small Slimes","floor":1,"turns":3},{"damage":5,"enemies":"2 Louse","floor":3,"turns":3},{"damage":0,"enemies":"Cultist","floor":7,"turns":4},{"damage":1,"enemies":"Looter","floor":8,"turns":4},{"damage":4,"enemies":"Exordium Thugs","floor":11,"turns":5},{"damage":7,"enemies":"Lots of Slimes","floor":13,"turns":6},{"damage":13,"enemies":"The Guardian","floor":16,"turns":19},{"damage":8,"enemies":"2 Thieves","floor":18,"turns":5},{"damage":5,"enemies":"Spheric Guardian","floor":19,"turns":6},{"damage":11,"enemies":"Centurion and Healer","floor":20,"turns":11},{"damage":31,"enemies":"Snake Plant","floor":21,"turns":8},{"damage":52,"enemies":"3 Cultists","floor":22,"turns":8},{"damage":7,"enemies":"Shelled Parasite and Fungi","floor":25,"turns":9},{"damage":50,"enemies":"Snecko","floor":28,"turns":12},{"damage":29,"enemies":"3 Cultists","floor":30,"turns":4}],"seed_played":"-8381947407433372674","potions_obtained":[{"floor":3,"key":"Regen Potion"},{"floor":8,"key":"EssenceOfSteel"},{"floor":20,"key":"SneckoOil"},{"floor":21,"key":"Block Potion"},{"floor":22,"key":"BloodPotion"}],"is_trial":false,"path_per_floor":["M","?","M","?","?","R","M","M","T","?","M","R","M","?","R","B",null,"M","M","M","M","M","R","?","M","T","T","M","$","M"],"character_chosen":"IRONCLAD","items_purchased":["Fruit Juice","Fruit Juice"],"campfire_rested":2,"item_purchase_floors":[29,29],"current_hp_per_floor":[65,65,60,48,48,72,72,71,71,71,67,67,60,60,60,62,76,68,63,52,21,24,48,48,41,41,41,11,21,0],"gold":77,"neow_bonus":"BOSS_RELIC","is_prod":false,"is_daily":false,"chose_seed":false,"campfire_upgraded":2,"win_rate":0,"timestamp":1564682435,"path_taken":["M","?","M","?","?","R","M","?","T","?","M","R","M","?","R","BOSS","M","M","M","M","M","R","?","?","T","?","M","?","?"],"build_version":"2019-07-17","purchased_purges":1,"victory":false,"max_hp_per_floor":[80,80,80,80,80,80,80,80,80,80,80,80,80,80,80,80,80,80,80,80,80,80,80,80,80,80,80,80,90,90],"card_choices":[{"not_picked":["Cleave","Havoc","True Grit"],"picked":"SKIP","floor":1},{"not_picked":["Clothesline","Headbutt"],"picked":"Battle Trance","floor":3},{"not_picked":["Flex","Thunderclap","Iron Wave"],"picked":"SKIP","floor":7},{"not_picked":["Bludgeon","Dropkick"],"picked":"Shrug It Off","floor":8},{"not_picked":["Rage","Headbutt"],"picked":"Metallicize","floor":11},{"not_picked":["Carnage","Second Wind","Heavy Blade"],"picked":"SKIP","floor":13},{"not_picked":["Fiend Fire","Offering"],"picked":"Limit Break","floor":16},{"not_picked":["Entrench","Pommel Strike+1"],"picked":"Armaments+1","floor":18},{"not_picked":["Iron Wave","Wild Strike+1","Warcry"],"picked":"SKIP","floor":19},{"not_picked":["Twin Strike+1","Battle Trance","Cleave+1"],"picked":"SKIP","floor":20},{"not_picked":["True Grit+1","Cleave","Fire Breathing+1"],"picked":"SKIP","floor":21},{"not_picked":["Cleave","Dark Embrace","Headbutt"],"picked":"SKIP","floor":22},{"not_picked":["Spot Weakness+1","True Grit+1","Wild Strike"],"picked":"SKIP","floor":25},{"not_picked":["Feel No Pain+1","Pommel Strike"],"picked":"Rampage+1","floor":28}],"player_experience":2606705,"relics_obtained":[{"floor":9,"key":"Turnip"},{"floor":26,"key":"Frozen Egg 2"}],"event_choices":[{"cards_removed":["Bash"],"damage_healed":0,"gold_gain":0,"player_choice":"Forget","damage_taken":0,"max_hp_gain":0,"max_hp_loss":0,"event_name":"Living Wall","floor":2,"gold_loss":0},{"damage_healed":0,"gold_gain":0,"player_choice":"Success","damage_taken":12,"relics_obtained":["Du-Vu Doll"],"max_hp_gain":0,"max_hp_loss":0,"event_name":"Scrap Ooze","floor":4,"gold_loss":0},{"cards_removed":["Strike_R"],"damage_healed":0,"gold_gain":0,"player_choice":"Offered Basic","damage_taken":0,"max_hp_gain":0,"max_hp_loss":0,"event_name":"Bonfire Elementals","floor":5,"gold_loss":0},{"damage_healed":0,"gold_gain":0,"player_choice":"Ignored","damage_taken":0,"max_hp_gain":0,"max_hp_loss":0,"event_name":"Liars Game","floor":10,"gold_loss":0},{"damage_healed":0,"gold_gain":0,"player_choice":"Gave Potion","damage_taken":0,"relics_obtained":["Smiling Mask"],"max_hp_gain":0,"max_hp_loss":0,"event_name":"WeMeetAgain","floor":14,"gold_loss":0},{"cards_removed":["Injury"],"damage_healed":0,"gold_gain":0,"player_choice":"Purged","damage_taken":0,"max_hp_gain":0,"max_hp_loss":0,"event_name":"Purifier","floor":24,"gold_loss":0}],"is_beta":false,"boss_relics":[{"not_picked":["White Beast Statue","Ectoplasm"],"picked":"Lizard Tail"}],"items_purged_floors":[29],"is_endless":false,"potions_floor_spawned":[3,8,11,20,21,22],"killed_by":"3 Cultists","ascension_level":11}