{"gold_per_floor":[212,212,212,137,148,148,176,176,176,176,187,204,204,219,219,219],"floor_reached":16,"playtime":447,"items_purged":["Defend_R"],"score":100,"play_id":"8882dbd3-c27b-4af2-8ec4-30958fc01074","local_time":"20190829182817","is_ascension_mode":false,"campfire_choices":[{"data":"Shrug It Off","floor":6,"key":"SMITH"},{"data":"Strike_R","floor":8,"key":"SMITH"},{"data":"Strike_R","floor":10,"key":"SMITH"},{"floor":15,"key":"REST"}],"neow_cost":"NONE","seed_source_timestamp":632052663897751,"circlet_count":0,"master_deck":["Strike_R","Strike_R","Strike_R","Strike_R+1","Strike_R+1","Defend_R","Defend_R","Defend_R+1","Bash+1","Shrug It Off+1"],"relics":["Burning Blood","Centennial Puzzle","Meat on the Bone","Pen Nib"],"potions_floor_usage":[14],"damage_taken":[{"damage":5,"enemies":"Cultist","floor":1,"turns":4},{"damage":1,"enemies":"2 Louse","floor":5,"turns":2},{"damage":21,"enemies":"Gremlin Nob","floor":7,"turns":5},{"damage":0,"enemies":"Small Slimes","floor":11,"turns":3},{"damage":2,"enemies":"Looter","floor":12,"turns":3},{"damage":11,"enemies":"3 Louse","floor":14,"turns":4},{"damage":79,"enemies":"Hexaghost","floor":16,"turns":11}],"seed_played":"-2421248779263523309","potions_obtained":[{"floor":5,"key":"Block Potion"},{"floor":12,"key":"BloodPotion"},{"floor":14,"key":"SpeedPotion"}],"is_trial":false,"path_per_floor":["M","?","?","$","M","R","E","R","T","R","M","M","?","M","R","B"],"character_chosen":"IRONCLAD","items_purchased":[],"campfire_rested":1,"item_purchase_floors":[],"current_hp_per_floor":[80,64,64,64,69,69,54,54,54,54,60,64,46,53,77,0],"gold":219,"neow_bonus":"HUNDRED_GOLD","is_prod":false,"is_daily":false,"chose_seed":false,"campfire_upgraded":3,"win_rate":0,"timestamp":1567117697,"path_taken":["M","?","?","$","M","R","E","R","T","R","M","M","?","M","R","BOSS"],"build_version":"2019-07-17","purchased_purges":1,"victory":false,"max_hp_per_floor":[80,80,80,80,80,80,80,80,80,80,80,80,80,80,80,80],"card_choices":[{"not_picked":["Iron Wave","Reckless Charge"],"picked":"Shrug It Off","floor":1},{"not_picked":["Shrug It Off","Sever Soul","Armaments"],"picked":"SKIP","floor":5},{"not_picked":["Sever Soul","Evolve","Thunderclap"],"picked":"SKIP","floor":7},{"not_picked":["Wild Strike","Flex","Hemokinesis"],"picked":"SKIP","floor":11},{"not_picked":["Fire Breathing","Uppercut","Heavy Blade"],"picked":"SKIP","floor":12},{"not_picked":["Perfected Strike","Wild Strike","Burning Pact"],"picked":"SKIP","floor":14}],"player_experience":176008,"relics_obtained":[{"floor":7,"key":"Centennial Puzzle"},{"floor":9,"key":"Meat on the Bone"}],"event_choices":[{"damage_healed":0,"gold_gain":0,"player_choice":"Entered Light","damage_taken":16,"max_hp_gain":0,"max_hp_loss":0,"event_name":"Shining Light","floor":2,"gold_loss":0,"cards_upgraded":["Bash","Defend_R"]},{"damage_healed":0,"gold_gain":0,"player_choice":"Ignored","damage_taken":0,"max_hp_gain":0,"max_hp_loss":0,"event_name":"Liars Game","floor":3,"gold_loss":0},{"damage_healed":0,"gold_gain":0,"player_choice":"Success","damage_taken":18,"relics_obtained":["Pen Nib"],"max_hp_gain":0,"max_hp_loss":0,"event_name":"Scrap Ooze","floor":13,"gold_loss":0}],"is_beta":false,"boss_relics":[],"items_purged_floors":[4],"is_endless":false,"potions_floor_spawned":[5,12,14],"killed_by":"Hexaghost","ascension_level":0}