{"gold_per_floor":[116,134,134,150,160,160,222,222,247,247,172,172,187,201,201,296,296,309,309,384,284,301,330,255,255],"floor_reached":25,"playtime":1229,"items_purged":["Strike_B","Strike_B"],"score":211,"play_id":"08584fd2-5c38-4397-b426-61b229143431","local_time":"20181113222108","is_ascension_mode":false,"campfire_choices":[{"floor":6,"key":"REST"},{"floor":8,"key":"REST"},{"floor":15,"key":"REST"}],"neow_cost":"NONE","seed_source_timestamp":3019591914689151,"circlet_count":0,"master_deck":["Defend_B","Defend_B","Defend_B","Defend_B","Zap+1","Cold Snap","Sunder"],"relics":["Cracked Core","Pen Nib","Bronze Scales","Sozu","Vajra","Gambling Chip"],"potions_floor_usage":[16,16,16],"damage_taken":[{"damage":5,"enemies":"Small Slimes","floor":1,"turns":4},{"damage":0,"enemies":"Cultist","floor":2,"turns":4},{"damage":4,"enemies":"Jaw Worm","floor":4,"turns":5},{"damage":34,"enemies":"Exordium Thugs","floor":5,"turns":8},{"damage":51,"enemies":"Gremlin Nob","floor":7,"turns":5},{"damage":2,"enemies":"Blue Slaver","floor":13,"turns":3},{"damage":0,"enemies":"Looter","floor":14,"turns":3},{"damage":5,"enemies":"Hexaghost","floor":16,"turns":9},{"damage":13,"enemies":"2 Thieves","floor":18,"turns":5},{"damage":3,"enemies":"3 Byrds","floor":22,"turns":3},{"damage":51,"enemies":"Book of Stabbing","floor":23,"turns":7},{"damage":5,"enemies":"Cultist and Chosen","floor":25,"turns":4}],"seed_played":"5686053003115736109","potions_obtained":[{"floor":1,"key":"Ancient Potion"},{"floor":2,"key":"FocusPotion"},{"floor":14,"key":"LiquidBronze"}],"is_trial":false,"path_per_floor":["M","M","?","M","M","R","?","R","T","?","$","?","M","M","R","B",null,"M","?","?","$","M","E","?","M"],"character_chosen":"DEFECT","items_purchased":[],"campfire_rested":3,"item_purchase_floors":[],"current_hp_per_floor":[70,70,70,66,32,54,3,25,25,18,18,18,16,16,38,33,75,62,62,55,55,52,1,1,0],"gold":255,"neow_bonus":"REMOVE_CARD","is_prod":false,"is_daily":false,"chose_seed":false,"campfire_upgraded":0,"win_rate":0.0,"timestamp":1542169268,"path_taken":["M","M","?","M","?","R","?","R","T","?","$","?","?","M","R","BOSS","M","?","?","$","?","E","?","M"],"build_version":"2018-11-08","purchased_purges":2,"victory":false,"max_hp_per_floor":[75,75,75,75,75,75,75,75,75,75,75,75,75,75,75,75,75,75,75,75,75,75,75,75,75],"card_choices":[{"not_picked":["Force Field","Compile Driver","Blizzard"],"picked":"SKIP","floor":1},{"not_picked":["Chaos","Double Energy","Doom and Gloom"],"picked":"SKIP","floor":2},{"not_picked":["Streamline","Go for the Eyes","Auto Shields"],"picked":"SKIP","floor":4},{"not_picked":["Doom and Gloom","Melter","Leap"],"picked":"SKIP","floor":5},{"not_picked":["Auto Shields","Force Field","Redo"],"picked":"SKIP","floor":13},{"not_picked":["Aggregate","Multi-Cast"],"picked":"Cold Snap","floor":14},{"not_picked":["Tempest","Conserve Battery","Coolheaded"],"picked":"SKIP","floor":18},{"not_picked":["Melter","Heatsinks"],"picked":"Sunder","floor":22},{"not_picked":["Sweeping Beam+1","Lockon+1","Reprogram+1"],"picked":"SKIP","floor":23}],"player_experience":177731,"relics_obtained":[{"floor":7,"key":"Pen Nib"},{"floor":9,"key":"Bronze Scales"},{"floor":23,"key":"Gambling Chip"}],"event_choices":[{"damage_healed":0,"gold_gain":0,"player_choice":"Upgraded","damage_taken":0,"max_hp_gain":0,"max_hp_loss":0,"event_name":"Upgrade Shrine","floor":3,"gold_loss":0,"cards_upgraded":["Zap"]},{"damage_healed":0,"gold_gain":0,"player_choice":"Searched \u00271\u0027 times","damage_taken":0,"max_hp_gain":0,"max_hp_loss":0,"event_name":"Dead Adventurer","floor":7,"gold_loss":0},{"cards_removed":["Strike_B"],"damage_healed":0,"gold_gain":0,"player_choice":"Card Removal","damage_taken":7,"max_hp_gain":0,"max_hp_loss":0,"event_name":"Golden Wing","floor":10,"gold_loss":0},{"damage_healed":0,"gold_gain":0,"player_choice":"Bought 0 Potions","damage_taken":0,"max_hp_gain":0,"max_hp_loss":0,"event_name":"The Woman in Blue","floor":12,"gold_loss":0},{"damage_healed":0,"gold_gain":0,"player_choice":"Opened","damage_taken":0,"relics_obtained":["Vajra"],"max_hp_gain":0,"max_hp_loss":0,"event_name":"The Mausoleum","floor":19,"gold_loss":0},{"damage_healed":0,"gold_gain":75,"player_choice":"Touch","damage_taken":7,"max_hp_gain":0,"max_hp_loss":0,"event_name":"FaceTrader","floor":20,"gold_loss":0},{"cards_removed":["Strike_B"],"damage_healed":0,"gold_gain":0,"player_choice":"Gave Gold","damage_taken":0,"max_hp_gain":0,"max_hp_loss":0,"event_name":"Beggar","floor":24,"gold_loss":75}],"is_beta":false,"boss_relics":[{"not_picked":["Runic Dome","Nuclear Battery"],"picked":"Sozu"}],"items_purged_floors":[11,21],"is_endless":false,"potions_floor_spawned":[1,2,14,18],"killed_by":"Cultist and Chosen","ascension_level":0}