{"gold_per_floor":[118,43,118,129,147,180,180,207,245,212,237,249,126,137,137,137],"floor_reached":16,"playtime":1166,"items_purged":["Strike_R","Strike_R"],"score":127,"play_id":"4b3c686b-a315-4650-a5c4-fbadb910ada2","local_time":"20181128221037","is_ascension_mode":true,"campfire_choices":[{"floor":7,"key":"RECALL"},{"floor":12,"key":"REST"},{"floor":15,"key":"REST"}],"neow_cost":"NONE","seed_source_timestamp":364282518036942,"circlet_count":0,"master_deck":["Strike_R","Strike_R","Strike_R","Defend_R","Defend_R","Defend_R","Defend_R","Bash","Battle Trance","Battle Trance","Disarm"],"relics":["Burning Blood","Omamori","MawBank"],"potions_floor_usage":[8,8,16],"damage_taken":[{"damage":13,"enemies":"Jaw Worm","floor":1,"turns":5},{"damage":1,"enemies":"Cultist","floor":4,"turns":3},{"damage":0,"enemies":"2 Louse","floor":5,"turns":5},{"damage":65,"enemies":"3 Sentries","floor":6,"turns":21},{"damage":17,"enemies":"Gremlin Nob","floor":8,"turns":4},{"damage":1,"enemies":"Looter","floor":10,"turns":5},{"damage":6,"enemies":"2 Fungi Beasts","floor":11,"turns":5},{"damage":8,"enemies":"3 Louse","floor":14,"turns":8},{"damage":70,"enemies":"Hexaghost","floor":16,"turns":13}],"seed_played":"-2955457267752102832","potions_obtained":[{"floor":1,"key":"Poison Potion"},{"floor":5,"key":"SpeedPotion"},{"floor":6,"key":"EssenceOfSteel"},{"floor":11,"key":"FearPotion"}],"is_trial":false,"path_per_floor":["M","$","?","M","M","E","R","E","T","M","M","R","$","M","R","B"],"character_chosen":"IRONCLAD","items_purchased":["Disarm"],"campfire_rested":2,"item_purchase_floors":[13],"current_hp_per_floor":[81,81,73,78,84,25,25,14,14,19,19,45,45,43,69,0],"gold":137,"neow_bonus":"TEN_PERCENT_HP_BONUS","is_prod":false,"is_daily":false,"chose_seed":false,"campfire_upgraded":0,"win_rate":0,"timestamp":1543464637,"path_taken":["M","$","?","M","M","E","R","E","T","?","M","R","$","M","R","BOSS"],"build_version":"2018-11-15","purchased_purges":2,"victory":false,"max_hp_per_floor":[88,88,88,88,88,88,88,88,88,88,88,88,88,88,88,88],"card_choices":[{"not_picked":["Burning Pact","Heavy Blade"],"picked":"Battle Trance","floor":1},{"not_picked":["Flex","Warcry","Havoc"],"picked":"SKIP","floor":4},{"not_picked":["Dropkick","Thunderclap","Feel No Pain"],"picked":"SKIP","floor":5},{"not_picked":["Clothesline","Flex","Bludgeon"],"picked":"SKIP","floor":6},{"not_picked":["Twin Strike","Thunderclap"],"picked":"Battle Trance","floor":8},{"not_picked":["Blood for Blood","Spot Weakness","Searing Blow"],"picked":"SKIP","floor":10},{"not_picked":["Infernal Blade","Sentinel","Clothesline"],"picked":"SKIP","floor":11},{"not_picked":["Blood for Blood","Thunderclap","Clothesline"],"picked":"SKIP","floor":14}],"player_experience":540196,"relics_obtained":[{"floor":6,"key":"Omamori"},{"floor":8,"key":"MawBank"}],"event_choices":[{"damage_healed":0,"gold_gain":75,"player_choice":"Touch","damage_taken":8,"max_hp_gain":0,"max_hp_loss":0,"event_name":"FaceTrader","floor":3,"gold_loss":0}],"is_beta":false,"boss_relics":[],"items_purged_floors":[2,13],"is_endless":false,"potions_floor_spawned":[1,5,6,11],"killed_by":"Hexaghost","ascension_level":3}