{"gold_per_floor":[118,13,13,13,33,33,49,62,62,62,78,98,23,35,35,137,137,147,147,161,176,176],"floor_reached":22,"playtime":942,"items_purged":["Strike_R"],"score":279,"play_id":"0ddbaa79-d0d0-4332-82af-93bd9e942b39","local_time":"20190803112503","is_ascension_mode":true,"campfire_choices":[{"data":"Bash","floor":6,"key":"SMITH"},{"data":"Defend_R","floor":10,"key":"SMITH"},{"floor":15,"key":"REST"}],"neow_cost":"NONE","seed_source_timestamp":38749219054100,"circlet_count":0,"master_deck":["AscendersBane","Strike_R","Strike_R","Strike_R","Strike_R","Defend_R","Defend_R","Defend_R","Defend_R+1","Bash+1","Juggernaut"],"relics":["Busted Crown","Champion Belt","Torii","Fusion Hammer"],"potions_floor_usage":[16,16,21,22],"damage_taken":[{"damage":0,"enemies":"2 Louse","floor":1,"turns":3},{"damage":0,"enemies":"Cultist","floor":5,"turns":4},{"damage":0,"enemies":"Jaw Worm","floor":7,"turns":4},{"damage":8,"enemies":"Blue Slaver","floor":8,"turns":3},{"damage":22,"enemies":"Lots of Slimes","floor":11,"turns":6},{"damage":0,"enemies":"2 Fungi Beasts","floor":12,"turns":4},{"damage":14,"enemies":"Large Slime","floor":14,"turns":7},{"damage":51,"enemies":"Slime Boss","floor":16,"turns":15},{"damage":19,"enemies":"Shell Parasite","floor":18,"turns":5},{"damage":13,"enemies":"Chosen","floor":20,"turns":5},{"damage":27,"enemies":"Shelled Parasite and Fungi","floor":21,"turns":7},{"damage":28,"enemies":"Sentry and Sphere","floor":22,"turns":3}],"seed_played":"8623843201294125765","potions_obtained":[{"floor":5,"key":"Block Potion"},{"floor":7,"key":"SkillPotion"},{"floor":16,"key":"Ancient Potion"},{"floor":20,"key":"BloodPotion"}],"is_trial":false,"path_per_floor":["M","?","$","?","M","R","M","M","T","R","M","M","$","M","R","B",null,"M","?","M","M","M"],"character_chosen":"IRONCLAD","items_purchased":[],"campfire_rested":1,"item_purchase_floors":[],"current_hp_per_floor":[72,72,72,72,72,72,72,64,64,64,42,42,42,28,52,1,60,41,41,28,21,0],"gold":176,"neow_bonus":"BOSS_RELIC","is_prod":false,"is_daily":false,"chose_seed":false,"campfire_upgraded":2,"win_rate":0,"timestamp":1564849503,"path_taken":["M","?","?","?","M","R","M","M","T","R","M","M","$","M","R","BOSS","M","?","?","M","M"],"build_version":"2019-07-17","purchased_purges":1,"victory":false,"max_hp_per_floor":[80,80,80,80,80,80,80,80,80,80,80,80,80,80,80,80,80,80,80,80,80,80],"card_choices":[{"not_picked":["Headbutt"],"picked":"SKIP","floor":1},{"not_picked":["Pummel"],"picked":"SKIP","floor":5},{"not_picked":["Twin Strike"],"picked":"SKIP","floor":7},{"not_picked":["Pommel Strike"],"picked":"SKIP","floor":8},{"not_picked":["Pommel Strike"],"picked":"SKIP","floor":11},{"not_picked":["True Grit"],"picked":"SKIP","floor":12},{"not_picked":[],"picked":"Juggernaut","floor":14},{"not_picked":["Rupture"],"picked":"SKIP","floor":18},{"not_picked":["Headbutt"],"picked":"SKIP","floor":20},{"not_picked":["Sword Boomerang"],"picked":"SKIP","floor":21}],"player_experience":2637332,"relics_obtained":[{"floor":9,"key":"Torii"}],"event_choices":[{"damage_healed":0,"gold_gain":0,"player_choice":"Paid Gold","damage_taken":0,"relics_obtained":["Champion Belt"],"max_hp_gain":0,"max_hp_loss":0,"event_name":"WeMeetAgain","floor":2,"gold_loss":105},{"damage_healed":0,"gold_gain":0,"player_choice":"Ignored","damage_taken":0,"max_hp_gain":0,"max_hp_loss":0,"event_name":"Liars Game","floor":4,"gold_loss":0},{"damage_healed":0,"gold_gain":0,"player_choice":"Bought 0 Potions","damage_taken":0,"max_hp_gain":0,"max_hp_loss":0,"event_name":"The Woman in Blue","floor":19,"gold_loss":0}],"is_beta":false,"boss_relics":[{"not_picked":["Orrery","Black Star"],"picked":"Fusion Hammer"}],"items_purged_floors":[13],"is_endless":false,"potions_floor_spawned":[5,7,11,12,16,20],"killed_by":"Sentry and Sphere","ascension_level":11}