{"gold_per_floor":[117,117,134,147,147,147,102,131,131,131,148,163,173,188,188,283,283,302,302,319,352,69,69,69],"floor_reached":24,"playtime":2233,"items_purged":["Strike_G"],"score":257,"play_id":"e795eb7e-5118-4f0a-a956-75332cb176e7","local_time":"20190826144325","is_ascension_mode":true,"campfire_choices":[{"data":"Catalyst","floor":6,"key":"SMITH"},{"data":"Noxious Fumes","floor":10,"key":"SMITH"},{"floor":15,"key":"REST"},{"data":"Burst","floor":23,"key":"SMITH"}],"neow_cost":"NONE","seed_source_timestamp":578278433460800,"circlet_count":0,"master_deck":["Strike_G","Strike_G","Strike_G","Defend_G","Defend_G","Defend_G","Defend_G","Defend_G","Survivor","Neutralize+1","Doppelganger","Noxious Fumes+1","Cloak And Dagger","Catalyst+1","All Out Attack","Dagger Spray","Deflect","Burst+1","Expertise","Grand Finale","Dagger Throw","Leg Sweep","Deadly Poison","Die Die Die","Catalyst"],"relics":["Ring of the Snake","Peace Pipe","Nunchaku","Sozu","Red Mask"],"potions_floor_usage":[8,16,16,21,24],"damage_taken":[{"damage":0,"enemies":"2 Louse","floor":1,"turns":3},{"damage":0,"enemies":"Cultist","floor":3,"turns":5},{"damage":3,"enemies":"Jaw Worm","floor":4,"turns":4},{"damage":6,"enemies":"Looter","floor":7,"turns":5},{"damage":10,"enemies":"3 Sentries","floor":8,"turns":5},{"damage":2,"enemies":"Blue Slaver","floor":11,"turns":5},{"damage":6,"enemies":"Exordium Wildlife","floor":12,"turns":3},{"damage":8,"enemies":"2 Fungi Beasts","floor":13,"turns":4},{"damage":3,"enemies":"3 Louse","floor":14,"turns":3},{"damage":8,"enemies":"The Guardian","floor":16,"turns":11},{"damage":16,"enemies":"Spheric Guardian","floor":18,"turns":4},{"damage":4,"enemies":"Shell Parasite","floor":20,"turns":7},{"damage":11,"enemies":"Masked Bandits","floor":21,"turns":6},{"damage":32,"enemies":"3 Cultists","floor":24,"turns":4}],"seed_played":"7290250424466397512","potions_obtained":[{"floor":1,"key":"PowerPotion"},{"floor":8,"key":"GamblersBrew"},{"floor":12,"key":"Poison Potion"},{"floor":13,"key":"Fire Potion"},{"floor":16,"key":"GhostInAJar"}],"is_trial":false,"path_per_floor":["M","?","M","M","?","R","M","E","T","R","M","M","M","M","R","B",null,"M","?","M","?","$","R","M"],"character_chosen":"THE_SILENT","items_purchased":["Die Die Die","Catalyst"],"campfire_rested":1,"item_purchase_floors":[22,22],"current_hp_per_floor":[63,63,63,60,60,60,54,44,44,44,42,36,28,25,46,38,62,46,46,42,31,31,31,0],"gold":69,"neow_bonus":"ONE_RANDOM_RARE_CARD","is_prod":false,"is_daily":false,"chose_seed":false,"campfire_upgraded":3,"win_rate":0,"timestamp":1566798205,"path_taken":["M","?","?","M","?","R","M","E","T","R","M","M","M","M","R","BOSS","M","?","M","?","?","R","?"],"build_version":"2019-07-17","purchased_purges":1,"victory":false,"max_hp_per_floor":[70,70,70,70,70,70,70,70,70,70,70,70,70,70,70,70,70,70,70,70,70,70,70,70],"card_choices":[{"not_picked":["Expertise","Slice"],"picked":"Noxious Fumes","floor":1},{"not_picked":["Flechettes","Eviscerate"],"picked":"Cloak And Dagger","floor":3},{"not_picked":["Acrobatics","Tactician"],"picked":"Catalyst","floor":4},{"not_picked":["Sucker Punch","Underhanded Strike"],"picked":"All Out Attack","floor":7},{"not_picked":["Eviscerate","Phantasmal Killer"],"picked":"Dagger Spray","floor":8},{"not_picked":["Dagger Throw","Heel Hook","Acrobatics"],"picked":"SKIP","floor":11},{"not_picked":["Poisoned Stab","Dagger Throw"],"picked":"Deflect","floor":12},{"not_picked":["Deadly Poison","Dash"],"picked":"Burst","floor":13},{"not_picked":["Cloak And Dagger","Flying Knee"],"picked":"Expertise","floor":14},{"not_picked":["Burst","Die Die Die"],"picked":"Grand Finale","floor":16},{"not_picked":["Slice","Bane"],"picked":"Dagger Throw","floor":18},{"not_picked":["Prepared","Flying Knee"],"picked":"Leg Sweep","floor":20},{"not_picked":["Slice","Heel Hook"],"picked":"Deadly Poison","floor":21}],"player_experience":418388,"relics_obtained":[{"floor":8,"key":"Peace Pipe"},{"floor":9,"key":"Nunchaku"},{"floor":21,"key":"Red Mask"}],"event_choices":[{"cards_removed":["Strike_G"],"damage_healed":0,"gold_gain":0,"player_choice":"Purged","damage_taken":0,"max_hp_gain":0,"max_hp_loss":0,"event_name":"Purifier","floor":2,"gold_loss":0},{"damage_healed":0,"gold_gain":0,"player_choice":"Grow","damage_taken":0,"max_hp_gain":0,"max_hp_loss":0,"event_name":"Living Wall","floor":5,"gold_loss":0,"cards_upgraded":["Neutralize"]},{"damage_healed":0,"gold_gain":0,"player_choice":"Ignored","damage_taken":0,"max_hp_gain":0,"max_hp_loss":0,"event_name":"Vampires","floor":19,"gold_loss":0},{"damage_healed":0,"gold_gain":0,"player_choice":"Fought Bandits","damage_taken":0,"max_hp_gain":0,"max_hp_loss":0,"event_name":"Masked Bandits","floor":21,"gold_loss":0}],"is_beta":false,"boss_relics":[{"not_picked":["Ectoplasm","Orrery"],"picked":"Sozu"}],"items_purged_floors":[22],"is_endless":false,"potions_floor_spawned":[1,8,12,13,16,18,20,21],"killed_by":"3 Cultists","ascension_level":6}