{"gold_per_floor":[13,13,13,13,13,13,37,37,62,78,28,28,28,44,44,173,173,193,217,142,142,142,142,157,157,157,157,157,201,217,217],"floor_reached":31,"playtime":11475,"items_purged":["Sever Soul"],"score":349,"play_id":"ab75e84c-64bd-435e-b378-b46b7fca837e","local_time":"20190704130758","is_ascension_mode":true,"campfire_choices":[{"floor":6,"key":"REST"},{"data":"Disarm","floor":8,"key":"SMITH"},{"data":"Body Slam","floor":15,"key":"SMITH"},{"floor":23,"key":"RECALL"},{"floor":25,"key":"REST"},{"floor":27,"key":"REST"}],"neow_cost":"NO_GOLD","seed_source_timestamp":717090455603849,"circlet_count":0,"master_deck":["Defend_R","Defend_R","Defend_R","Bash+1","Battle Trance","Disarm+1","Body Slam+1","Battle Trance","Berserk","Shrug It Off+1","Sentinel","Metallicize","Whirlwind"],"relics":["Burning Blood","Gambling Chip","Golden Idol","Whetstone","Fusion Hammer","Bottled Lightning"],"potions_floor_usage":[16,16,29],"damage_taken":[{"damage":3,"enemies":"2 Louse","floor":1,"turns":4},{"damage":6,"enemies":"Small Slimes","floor":7,"turns":7},{"damage":0,"enemies":"Jaw Worm","floor":10,"turns":4},{"damage":5,"enemies":"2 Fungi Beasts","floor":14,"turns":5},{"damage":58,"enemies":"Hexaghost","floor":16,"turns":15},{"damage":0,"enemies":"3 Byrds","floor":18,"turns":8},{"damage":3,"enemies":"Shell Parasite","floor":19,"turns":4},{"damage":0,"enemies":"Snake Plant","floor":24,"turns":4},{"damage":6,"enemies":"Colosseum Slavers","floor":28,"turns":5},{"damage":84,"enemies":"Slavers","floor":29,"turns":107},{"damage":1,"enemies":"3 Cultists","floor":30,"turns":7},{"damage":14,"enemies":"Centurion and Healer","floor":31,"turns":1}],"seed_played":"-4468925538210377364","potions_obtained":[{"floor":1,"key":"PowerPotion"},{"floor":7,"key":"Weak Potion"},{"floor":24,"key":"EssenceOfSteel"},{"floor":29,"key":"Weak Potion"}],"is_trial":false,"path_per_floor":["M","?","?","?","?","R","M","R","T","M","?","$","?","M","R","B",null,"M","M","$","?","?","R","M","R","T","R","?","E","M","M"],"character_chosen":"IRONCLAD","items_purchased":[],"campfire_rested":3,"item_purchase_floors":[],"current_hp_per_floor":[75,75,55,60,53,78,78,78,78,84,84,84,84,85,85,33,72,78,81,81,81,81,81,85,85,85,85,85,7,12,0],"gold":217,"neow_bonus":"ONE_RARE_RELIC","is_prod":false,"is_daily":false,"chose_seed":false,"campfire_upgraded":2,"win_rate":0,"timestamp":1562263678,"path_taken":["M","?","?","?","?","R","M","R","T","?","?","?","?","M","R","BOSS","M","?","$","?","?","R","M","R","T","R","?","E","?","M"],"build_version":"2019-07-01","purchased_purges":1,"victory":false,"max_hp_per_floor":[80,80,80,85,85,85,85,85,85,85,85,85,85,85,85,85,85,85,85,85,85,85,85,85,85,85,85,85,85,85,85],"card_choices":[{"not_picked":["Disarm","Seeing Red"],"picked":"Battle Trance","floor":1},{"not_picked":["True Grit","Headbutt","Intimidate"],"picked":"SKIP","floor":7},{"not_picked":["Shrug It Off","Sword Boomerang"],"picked":"Body Slam","floor":10},{"not_picked":["Immolate","Heavy Blade"],"picked":"Battle Trance","floor":14},{"not_picked":["Feed","Immolate"],"picked":"Berserk","floor":16},{"not_picked":["Rupture+1","Sentinel"],"picked":"Shrug It Off+1","floor":18},{"not_picked":["Headbutt","Body Slam","Double Tap"],"picked":"SKIP","floor":19},{"not_picked":["Reckless Charge+1","True Grit","Anger"],"picked":"SKIP","floor":24},{"not_picked":["Flex","Pommel Strike","Sword Boomerang"],"picked":"SKIP","floor":29},{"not_picked":["Flex","Pommel Strike","Sword Boomerang"],"picked":"SKIP","floor":29},{"not_picked":["Anger+1","Battle Trance+1"],"picked":"Whirlwind","floor":30}],"player_experience":2074635,"relics_obtained":[{"floor":9,"key":"Whetstone"},{"floor":29,"key":"Bottled Lightning"}],"event_choices":[{"damage_healed":0,"gold_gain":0,"cards_transformed":["Strike_R"],"player_choice":"Change","damage_taken":0,"max_hp_gain":0,"max_hp_loss":0,"event_name":"Living Wall","floor":2,"gold_loss":0,"cards_obtained":["Disarm"]},{"damage_healed":0,"gold_gain":0,"player_choice":"Take Damage","damage_taken":20,"relics_obtained":["Golden Idol"],"max_hp_gain":0,"max_hp_loss":0,"event_name":"Golden Idol","floor":3,"gold_loss":0},{"damage_healed":0,"gold_gain":0,"player_choice":"Donut","damage_taken":0,"max_hp_gain":5,"max_hp_loss":0,"event_name":"Big Fish","floor":4,"gold_loss":0},{"cards_removed":["Strike_R"],"damage_healed":0,"gold_gain":0,"player_choice":"Card Removal","damage_taken":7,"max_hp_gain":0,"max_hp_loss":0,"event_name":"Golden Wing","floor":5,"gold_loss":0},{"cards_removed":["Strike_R"],"damage_healed":0,"gold_gain":0,"player_choice":"Card Removal","damage_taken":0,"max_hp_gain":0,"max_hp_loss":0,"event_name":"The Cleric","floor":11,"gold_loss":50},{"damage_healed":0,"gold_gain":0,"cards_transformed":["Strike_R"],"player_choice":"Transformed","damage_taken":0,"max_hp_gain":0,"max_hp_loss":0,"event_name":"Transmorgrifier","floor":13,"gold_loss":0,"cards_obtained":["Sever Soul"]},{"damage_healed":0,"gold_gain":0,"cards_transformed":["Strike_R","Defend_R"],"player_choice":"Became Test Subject","damage_taken":0,"max_hp_gain":0,"max_hp_loss":0,"event_name":"Drug Dealer","floor":21,"gold_loss":0,"cards_obtained":["Sentinel","Metallicize"]},{"damage_healed":0,"gold_gain":0,"player_choice":"Ignored","damage_taken":0,"max_hp_gain":0,"max_hp_loss":0,"event_name":"Vampires","floor":22,"gold_loss":0},{"damage_healed":0,"gold_gain":0,"player_choice":"Fight","damage_taken":0,"max_hp_gain":0,"max_hp_loss":0,"event_name":"Colosseum","floor":28,"gold_loss":0},{"damage_healed":0,"gold_gain":0,"player_choice":"Fled From Nobs","damage_taken":0,"max_hp_gain":0,"max_hp_loss":0,"event_name":"Colosseum","floor":28,"gold_loss":0}],"is_beta":false,"boss_relics":[{"not_picked":["Orrery","Ectoplasm"],"picked":"Fusion Hammer"}],"items_purged_floors":[20],"is_endless":false,"potions_floor_spawned":[1,7,24,29],"killed_by":"Centurion and Healer","ascension_level":9}