{"gold_per_floor":[116,116,128,140,150,150,150,150,150,150,165,165,180,200,200,298,298,313,313,326,326,340,340,355,388,463,463,463,473,473,223,223,323,323,342,342,342,354,366,366],"floor_reached":40,"playtime":2386,"items_purged":["Regret"],"score":540,"play_id":"d0ad230d-c1c4-45f0-b375-740ecc9d5d4d","local_time":"20190309162330","is_ascension_mode":true,"campfire_choices":[{"floor":6,"key":"REST"},{"floor":8,"key":"REST"},{"floor":10,"key":"REST"},{"floor":15,"key":"REST"},{"floor":23,"key":"REST"},{"floor":27,"key":"REST"},{"data":"Zap","floor":30,"key":"SMITH"},{"data":"Machine Learning","floor":32,"key":"SMITH"}],"neow_cost":"NONE","seed_source_timestamp":125923517027625,"circlet_count":0,"master_deck":["Strike_B","Strike_B","Defend_B","Defend_B","Defend_B","Defend_B","Zap+1","Machine Learning+1","Cold Snap","Loop","Self Repair","Electrodynamics","Conserve Battery","Cold Snap+1","Seek","Heatsinks","Chill","Buffer","Panache","Echo Form","Madness","Madness","Parasite"],"relics":["Cracked Core","Mummified Hand","Cursed Key","Incense Burner","Kunai","Calling Bell","Ancient Tea Set","Mercury Hourglass","Prayer Wheel"],"potions_floor_usage":[16,16,16,16,16,16,25,25,33,33],"damage_taken":[{"damage":9,"enemies":"Small Slimes","floor":1,"turns":4},{"damage":9,"enemies":"2 Louse","floor":3,"turns":5},{"damage":8,"enemies":"Jaw Worm","floor":4,"turns":4},{"damage":35,"enemies":"Exordium Wildlife","floor":5,"turns":6},{"damage":6,"enemies":"Blue Slaver","floor":11,"turns":5},{"damage":34,"enemies":"Lots of Slimes","floor":13,"turns":6},{"damage":0,"enemies":"Large Slime","floor":14,"turns":5},{"damage":11,"enemies":"The Guardian","floor":16,"turns":13},{"damage":27,"enemies":"2 Thieves","floor":18,"turns":3},{"damage":22,"enemies":"Spheric Guardian","floor":20,"turns":6},{"damage":19,"enemies":"Snecko","floor":22,"turns":7},{"damage":29,"enemies":"Cultist and Chosen","floor":24,"turns":7},{"damage":5,"enemies":"Book of Stabbing","floor":25,"turns":7},{"damage":1,"enemies":"Centurion and Healer","floor":29,"turns":7},{"damage":33,"enemies":"Automaton","floor":33,"turns":13},{"damage":29,"enemies":"3 Darklings","floor":35,"turns":4},{"damage":7,"enemies":"Orb Walker","floor":38,"turns":3},{"damage":33,"enemies":"Writhing Mass","floor":39,"turns":7},{"damage":24,"enemies":"Reptomancer","floor":40,"turns":6}],"seed_played":"8260973318230463496","potions_obtained":[{"floor":3,"key":"Dexterity Potion"},{"floor":4,"key":"EntropicBrew"},{"floor":11,"key":"Dexterity Potion"},{"floor":14,"key":"Strength Potion"},{"floor":16,"key":"Dexterity Potion"},{"floor":18,"key":"Swift Potion"},{"floor":24,"key":"Poison Potion"},{"floor":29,"key":"Dexterity Potion"},{"floor":39,"key":"Weak Potion"}],"is_trial":false,"path_per_floor":["M","?","M","M","M","R","?","R","T","R","M","?","M","M","R","B",null,"M","?","M","?","M","R","M","E","T","R","?","M","R","$","R","B",null,"M","?","?","M","M","E"],"character_chosen":"DEFECT","items_purchased":["Panache"],"campfire_rested":6,"item_purchase_floors":[31],"current_hp_per_floor":[59,59,50,42,7,29,29,51,51,73,67,72,38,38,62,58,75,55,55,40,40,28,52,30,32,32,56,56,62,62,62,62,36,69,47,37,37,37,11,0],"gold":366,"neow_bonus":"ONE_RANDOM_RARE_CARD","is_prod":false,"is_daily":false,"chose_seed":false,"campfire_upgraded":2,"win_rate":0,"timestamp":1552170210,"path_taken":["M","?","M","M","M","R","?","R","T","R","M","?","M","M","R","BOSS","M","?","M","?","?","R","M","E","T","R","?","M","R","$","R","BOSS","M","?","?","M","?","E"],"build_version":"2019-01-23","purchased_purges":1,"victory":false,"max_hp_per_floor":[75,75,75,75,75,75,75,75,75,75,75,80,80,80,80,80,80,80,80,80,80,80,80,80,80,80,80,80,80,80,80,80,80,80,80,80,71,71,71,71],"card_choices":[{"not_picked":["Coolheaded","Double Energy","Aggregate"],"picked":"SKIP","floor":1},{"not_picked":["Skim","Redo","Rebound"],"picked":"SKIP","floor":3},{"not_picked":["Go for the Eyes","Tempest","Storm"],"picked":"SKIP","floor":4},{"not_picked":["Melter","Streamline"],"picked":"Cold Snap","floor":5},{"not_picked":["Beam Cell","Steam Power","Genetic Algorithm"],"picked":"SKIP","floor":11},{"not_picked":["Sweeping Beam","Chill"],"picked":"Loop","floor":13},{"not_picked":["Streamline","Reprogram"],"picked":"Self Repair","floor":14},{"not_picked":["Echo Form","Buffer"],"picked":"Electrodynamics","floor":16},{"not_picked":["Gash","Streamline"],"picked":"Conserve Battery","floor":18},{"not_picked":["Conserve Battery","Self Repair+1"],"picked":"Cold Snap+1","floor":20},{"not_picked":["Self Repair","Reinforced Body+1"],"picked":"Chill","floor":22},{"not_picked":["Gash","Rebound","Go for the Eyes"],"picked":"SKIP","floor":24},{"not_picked":["Double Energy","Machine Learning"],"picked":"Buffer","floor":25},{"not_picked":["Scrape","Stack","Compile Driver"],"picked":"SKIP","floor":29},{"not_picked":["Multi-Cast","Core Surge"],"picked":"Echo Form","floor":33},{"not_picked":["Consume","Rebound+1","White Noise+1"],"picked":"SKIP","floor":35},{"not_picked":["Sweeping Beam","Streamline","Beam Cell"],"picked":"SKIP","floor":35},{"not_picked":["Hello World+1","Coolheaded+1","Biased Cognition"],"picked":"SKIP","floor":38},{"not_picked":["Stack+1","Blizzard","Sweeping Beam+1"],"picked":"SKIP","floor":38},{"not_picked":["Streamline","Beam Cell","Barrage+1"],"picked":"SKIP","floor":39},{"not_picked":["Turbo+1","Streamline+1","Sweeping Beam+1"],"picked":"SKIP","floor":39}],"player_experience":1605153,"relics_obtained":[{"floor":9,"key":"Mummified Hand"},{"floor":25,"key":"Incense Burner"},{"floor":26,"key":"Kunai"},{"floor":34,"key":"Ancient Tea Set"},{"floor":34,"key":"Mercury Hourglass"},{"floor":34,"key":"Prayer Wheel"}],"event_choices":[{"damage_healed":0,"gold_gain":0,"player_choice":"Ignored","damage_taken":0,"max_hp_gain":0,"max_hp_loss":0,"event_name":"Liars Game","floor":2,"gold_loss":0},{"cards_removed":["Dualcast"],"damage_healed":0,"gold_gain":0,"player_choice":"Forget","damage_taken":0,"max_hp_gain":0,"max_hp_loss":0,"event_name":"Living Wall","floor":7,"gold_loss":0},{"damage_healed":0,"gold_gain":0,"player_choice":"Donut","damage_taken":0,"max_hp_gain":5,"max_hp_loss":0,"event_name":"Big Fish","floor":12,"gold_loss":0},{"damage_healed":0,"gold_gain":0,"player_choice":"Ignored","damage_taken":0,"max_hp_gain":0,"max_hp_loss":0,"event_name":"Ghosts","floor":19,"gold_loss":0},{"damage_healed":0,"gold_gain":0,"cards_transformed":["Strike_B","Strike_B"],"player_choice":"Became Test Subject","damage_taken":0,"max_hp_gain":0,"max_hp_loss":0,"event_name":"Drug Dealer","floor":21,"gold_loss":0,"cards_obtained":["Seek","Heatsinks"]},{"damage_healed":0,"gold_gain":0,"player_choice":"Ignored","damage_taken":0,"max_hp_gain":0,"max_hp_loss":0,"event_name":"Vampires","floor":28,"gold_loss":0},{"damage_healed":0,"gold_gain":0,"player_choice":"Embrace Madness","damage_taken":10,"max_hp_gain":0,"max_hp_loss":0,"event_name":"Winding Halls","floor":36,"gold_loss":0,"cards_obtained":["Madness","Madness"]},{"cards_removed":["Parasite","Parasite","Parasite"],"damage_healed":0,"gold_gain":0,"player_choice":"Removed Curses","damage_taken":0,"max_hp_gain":0,"max_hp_loss":0,"event_name":"Fountain of Cleansing","floor":37,"gold_loss":0}],"is_beta":false,"boss_relics":[{"not_picked":["Black Star","Astrolabe"],"picked":"Cursed Key"},{"not_picked":["Velvet Choker","Coffee Dripper"],"picked":"Calling Bell"}],"items_purged_floors":[31],"is_endless":false,"potions_floor_spawned":[3,4,11,14,16,18,24,29,39],"killed_by":"Reptomancer","ascension_level":7}