{"gold_per_floor":[110,110,185,209,209,209,209,209,209,224,237,9,9],"floor_reached":13,"playtime":377,"items_purged":["Strike_B"],"score":99,"play_id":"ad829ae7-8e7e-4c5c-92a2-522e3c934090","local_time":"20190309224712","is_ascension_mode":true,"campfire_choices":[{"floor":6,"key":"REST"}],"neow_cost":"NONE","seed_source_timestamp":150956663064229,"circlet_count":0,"master_deck":["Strike_B","Strike_B","Strike_B","Defend_B","Defend_B","Defend_B","Defend_B","Zap","Barrage","Cold Snap"],"relics":["Cracked Core","Golden Idol","Dead Branch","Shovel","Pantograph","Regal Pillow"],"potions_floor_usage":[],"damage_taken":[{"damage":0,"enemies":"Small Slimes","floor":1,"turns":3},{"damage":1,"enemies":"2 Louse","floor":4,"turns":3},{"damage":0,"enemies":"Cultist","floor":10,"turns":4},{"damage":9,"enemies":"Blue Slaver","floor":11,"turns":4},{"damage":47,"enemies":"Lagavulin","floor":13,"turns":5}],"seed_played":"-6465990417860642517","potions_obtained":[],"is_trial":false,"path_per_floor":["M","?","?","M","?","R","?","T","T","M","M","$","E"],"character_chosen":"DEFECT","items_purchased":["Regal Pillow"],"campfire_rested":1,"item_purchase_floors":[12],"current_hp_per_floor":[68,50,39,38,43,67,55,55,55,55,46,46,0],"gold":9,"neow_bonus":"TRANSFORM_CARD","is_prod":false,"is_daily":false,"chose_seed":false,"campfire_upgraded":0,"win_rate":0,"timestamp":1552193232,"path_taken":["M","?","?","M","?","R","?","?","T","?","M","$","E"],"build_version":"2019-01-23","purchased_purges":1,"victory":false,"max_hp_per_floor":[75,75,75,75,80,80,80,80,80,80,80,80,80],"card_choices":[{"not_picked":["Coolheaded","Stack","Redo"],"picked":"SKIP","floor":1},{"not_picked":["Coolheaded","Hologram","Compile Driver"],"picked":"SKIP","floor":4},{"not_picked":["Turbo","Aggregate"],"picked":"Cold Snap","floor":10},{"not_picked":["Consume","Go for the Eyes","Doom and Gloom"],"picked":"SKIP","floor":11}],"player_experience":1620978,"relics_obtained":[{"floor":8,"key":"Shovel"},{"floor":9,"key":"Pantograph"}],"event_choices":[{"damage_healed":0,"gold_gain":0,"player_choice":"Take Damage","damage_taken":18,"relics_obtained":["Golden Idol"],"max_hp_gain":0,"max_hp_loss":0,"event_name":"Golden Idol","floor":2,"gold_loss":0},{"damage_healed":0,"gold_gain":75,"player_choice":"Gather Gold","damage_taken":11,"max_hp_gain":0,"max_hp_loss":0,"event_name":"World of Goop","floor":3,"gold_loss":0},{"damage_healed":0,"gold_gain":0,"player_choice":"Donut","damage_taken":0,"max_hp_gain":5,"max_hp_loss":0,"event_name":"Big Fish","floor":5,"gold_loss":0},{"damage_healed":0,"gold_gain":0,"player_choice":"Success","damage_taken":12,"relics_obtained":["Dead Branch"],"max_hp_gain":0,"max_hp_loss":0,"event_name":"Scrap Ooze","floor":7,"gold_loss":0}],"is_beta":false,"boss_relics":[],"items_purged_floors":[12],"is_endless":false,"potions_floor_spawned":[],"killed_by":"Lagavulin","ascension_level":7}