{"gold_per_floor":[109,109,122,141,141,141,159,159,159,177,177],"floor_reached":11,"playtime":826,"items_purged":[],"score":98,"play_id":"9b659dd6-9d5b-49f5-bb6d-70f5cce9cd15","local_time":"20190715161121","is_ascension_mode":true,"campfire_choices":[{"floor":6,"key":"REST"},{"floor":8,"key":"REST"}],"neow_cost":"CURSE","seed_source_timestamp":315798163722305,"circlet_count":0,"master_deck":["AscendersBane","Strike_R","Strike_R","Strike_R","Strike_R","Strike_R","Defend_R","Defend_R","Defend_R","Defend_R","Bash","Decay","Barricade","Whirlwind","Flame Barrier"],"relics":["Burning Blood","Singing Bowl"],"potions_floor_usage":[],"damage_taken":[{"damage":14,"enemies":"Jaw Worm","floor":1,"turns":5},{"damage":14,"enemies":"Small Slimes","floor":3,"turns":4},{"damage":39,"enemies":"Cultist","floor":4,"turns":7},{"damage":35,"enemies":"Red Slaver","floor":7,"turns":8},{"damage":7,"enemies":"3 Louse","floor":10,"turns":4},{"damage":48,"enemies":"Exordium Thugs","floor":11,"turns":6}],"seed_played":"5939703825965160765","potions_obtained":[{"floor":4,"key":"Energy Potion"},{"floor":5,"key":"PowerPotion"},{"floor":5,"key":"LiquidBronze"}],"is_trial":false,"path_per_floor":["M","?","M","M","?","R","M","R","T","M","M"],"character_chosen":"IRONCLAD","items_purchased":[],"campfire_rested":2,"item_purchase_floors":[],"current_hp_per_floor":[64,64,56,23,23,47,18,42,42,43,0],"gold":177,"neow_bonus":"THREE_RARE_CARDS","is_prod":false,"is_daily":false,"chose_seed":false,"campfire_upgraded":0,"win_rate":0,"timestamp":1563225081,"path_taken":["M","?","M","M","?","R","?","R","T","M","M"],"build_version":"2019-07-05","purchased_purges":0,"victory":false,"max_hp_per_floor":[80,80,80,80,80,80,80,80,80,82,82],"card_choices":[{"not_picked":["Exhume","Fiend Fire"],"picked":"Barricade","floor":0},{"not_picked":["Warcry","Burning Pact","Perfected Strike"],"picked":"SKIP","floor":1},{"not_picked":["Thunderclap","Heavy Blade","Flex"],"picked":"SKIP","floor":3},{"not_picked":["Corruption","Thunderclap"],"picked":"Whirlwind","floor":4},{"not_picked":["Pommel Strike","Cleave"],"picked":"Flame Barrier","floor":7},{"not_picked":["True Grit","Havoc","Seeing Red"],"picked":"Singing Bowl","floor":10}],"player_experience":2337300,"relics_obtained":[{"floor":9,"key":"Singing Bowl"}],"event_choices":[{"damage_healed":0,"gold_gain":0,"player_choice":"Ignored","damage_taken":0,"max_hp_gain":0,"max_hp_loss":0,"event_name":"Liars Game","floor":2,"gold_loss":0},{"damage_healed":0,"gold_gain":0,"player_choice":"Got Potions","damage_taken":0,"max_hp_gain":0,"max_hp_loss":0,"event_name":"Lab","floor":5,"gold_loss":0}],"is_beta":false,"boss_relics":[],"items_purged_floors":[],"is_endless":false,"potions_floor_spawned":[4,10],"killed_by":"Exordium Thugs","ascension_level":10}