{"gold_per_floor":[10,27,27,39,39,39,56,56,56,85,105,12,12,30,30,135,135,147,147,163,163,181,181,197,197,273,6,6,23,23,57,57,159,159,170,181,1,16,30,30,30,45,69,83,83,83,83,101,101,101],"floor_reached":51,"playtime":5530,"items_purged":["Strike_G+1"],"score":894,"play_id":"eb45753a-1f11-4020-b008-316621a09591","local_time":"20190828112538","is_ascension_mode":true,"campfire_choices":[{"data":"Sucker Punch","floor":6,"key":"SMITH"},{"data":"Unload","floor":8,"key":"SMITH"},{"data":"Prepared","floor":13,"key":"SMITH"},{"data":"Cloak And Dagger","floor":15,"key":"SMITH"},{"data":"Accuracy","floor":23,"key":"SMITH"},{"floor":25,"key":"REST"},{"floor":30,"key":"REST"},{"data":"Bullet Time","floor":32,"key":"SMITH"},{"data":"Accuracy","floor":40,"key":"SMITH"},{"floor":49,"key":"REST"}],"neow_cost":"NO_GOLD","seed_source_timestamp":9665308550500,"circlet_count":0,"master_deck":["Strike_G+1","Strike_G+1","Strike_G+1","Strike_G+1","Defend_G+1","Defend_G+1","Defend_G+1","Defend_G+1","Defend_G+1","Survivor","Neutralize+1","Unload+1","Noxious Fumes","Sucker Punch+1","Crippling Poison","Prepared+1","Cloak And Dagger+1","Accuracy+1","Expertise","Tools of the Trade","Dagger Spray","Dodge and Roll+1","Cloak And Dagger+1","Acrobatics+1","Footwork+1","Bullet Time+1","Well Laid Plans","Predator","Accuracy+1","Prepared","Calculated Gamble+1","Night Terror","Acrobatics+1","Backflip+1","Adrenaline","Well Laid Plans+1","Blade Dance+1","PiercingWail+1","Prepared+1","Shame","Setup+1"],"relics":["Ring of the Snake","Tough Bandages","The Courier","Dream Catcher","Sozu","Ninja Scroll","Art of War","Frozen Egg 2","Cursed Key","Vajra"],"potions_floor_usage":[50],"damage_taken":[{"damage":1,"enemies":"2 Louse","floor":1,"turns":3},{"damage":2,"enemies":"Jaw Worm","floor":2,"turns":4},{"damage":1,"enemies":"Cultist","floor":4,"turns":3},{"damage":7,"enemies":"Exordium Wildlife","floor":7,"turns":4},{"damage":9,"enemies":"3 Sentries","floor":10,"turns":6},{"damage":15,"enemies":"Lots of Slimes","floor":11,"turns":4},{"damage":1,"enemies":"3 Louse","floor":14,"turns":3},{"damage":16,"enemies":"Hexaghost","floor":16,"turns":10},{"damage":14,"enemies":"3 Byrds","floor":18,"turns":6},{"damage":0,"enemies":"Chosen","floor":20,"turns":4},{"damage":12,"enemies":"3 Cultists","floor":22,"turns":5},{"damage":13,"enemies":"Snake Plant","floor":24,"turns":6},{"damage":3,"enemies":"Chosen and Byrds","floor":29,"turns":6},{"damage":4,"enemies":"Gremlin Leader","floor":31,"turns":8},{"damage":23,"enemies":"Champ","floor":33,"turns":13},{"damage":4,"enemies":"3 Shapes","floor":35,"turns":4},{"damage":0,"enemies":"Orb Walker","floor":36,"turns":4},{"damage":6,"enemies":"3 Darklings","floor":38,"turns":5},{"damage":0,"enemies":"Transient","floor":39,"turns":5},{"damage":16,"enemies":"Spire Growth","floor":42,"turns":6},{"damage":5,"enemies":"Jaw Worm Horde","floor":44,"turns":5},{"damage":8,"enemies":"3 Darklings","floor":48,"turns":3},{"damage":19,"enemies":"Awakened One","floor":50,"turns":23}],"seed_played":"2756881072717477696","potions_obtained":[{"floor":1,"key":"Strength Potion"},{"floor":4,"key":"Strength Potion"},{"floor":7,"key":"SpeedPotion"},{"floor":14,"key":"Dexterity Potion"}],"is_trial":false,"path_per_floor":["M","M","?","M","T","R","M","R","T","E","M","$","R","M","R","B",null,"M","?","M","?","M","R","M","R","T","$","?","M","R","E","R","B",null,"M","M","$","M","M","R","$","M","T","M","?","?","?","M","R","B",null],"character_chosen":"THE_SILENT","items_purchased":["Cloak And Dagger","Accuracy","Well Laid Plans","Art of War","Predator","Accuracy","Adrenaline","Well Laid Plans+1"],"campfire_rested":3,"item_purchase_floors":[12,12,27,27,27,27,37,37],"current_hp_per_floor":[62,60,60,59,59,59,52,52,52,43,28,28,28,27,27,11,55,41,41,41,41,29,29,16,37,37,37,37,34,55,51,51,28,60,56,56,56,50,50,50,50,34,34,29,29,29,29,21,40,21],"gold":101,"neow_bonus":"THREE_RARE_CARDS","is_prod":false,"is_daily":false,"chose_seed":false,"campfire_upgraded":7,"win_rate":0,"timestamp":1566959138,"path_taken":["M","M","?","M","?","R","M","R","T","E","M","$","R","M","R","BOSS","M","?","M","?","?","R","M","R","T","$","?","M","R","E","R","BOSS","M","M","$","M","M","R","?","M","T","M","?","?","?","?","R","BOSS"],"build_version":"2019-07-17","purchased_purges":1,"victory":true,"max_hp_per_floor":[70,70,70,70,70,70,70,70,70,70,70,70,70,70,70,70,70,70,70,70,70,70,70,70,70,70,70,70,70,70,70,70,70,70,70,70,70,70,70,70,70,70,70,70,66,66,66,66,66,66],"card_choices":[{"not_picked":["A Thousand Cuts","Phantasmal Killer"],"picked":"Unload","floor":0},{"not_picked":["Dagger Throw","Prepared"],"picked":"Noxious Fumes","floor":1},{"not_picked":["Dagger Throw","Heel Hook"],"picked":"Bane","floor":2},{"not_picked":["Quick Slash","Flechettes"],"picked":"Sucker Punch","floor":4},{"not_picked":["Acrobatics","Bane"],"picked":"Crippling Poison","floor":7},{"not_picked":["Bane","Crippling Poison"],"picked":"Prepared","floor":10},{"not_picked":["Heel Hook","Bane","Endless Agony"],"picked":"SKIP","floor":11},{"not_picked":["Blade Dance","Escape Plan"],"picked":"Expertise","floor":14},{"not_picked":["A Thousand Cuts","Night Terror"],"picked":"Tools of the Trade","floor":16},{"not_picked":["Masterful Stab","Quick Slash+1"],"picked":"Dagger Spray","floor":18},{"not_picked":["Blur","Quick Slash"],"picked":"Dodge and Roll+1","floor":20},{"not_picked":["Backstab","Deadly Poison"],"picked":"Acrobatics+1","floor":22},{"not_picked":["Finisher","Deadly Poison"],"picked":"Footwork","floor":24},{"not_picked":["Backflip","Deflect"],"picked":"Bullet Time","floor":25},{"not_picked":["Flechettes","Skewer","Flying Knee"],"picked":"SKIP","floor":29},{"not_picked":["Cloak And Dagger","Dodge and Roll"],"picked":"Prepared","floor":30},{"not_picked":["Backflip","Outmaneuver+1"],"picked":"Calculated Gamble+1","floor":31},{"not_picked":["Glass Knife","Venomology"],"picked":"Night Terror","floor":33},{"not_picked":["Cloak And Dagger+1","Distraction"],"picked":"Acrobatics+1","floor":35},{"not_picked":["Bane","Tactician+1"],"picked":"Backflip+1","floor":36},{"not_picked":["Deflect+1","Poisoned Stab+1"],"picked":"Blade Dance+1","floor":38},{"not_picked":["Dash","Bouncing Flask"],"picked":"PiercingWail+1","floor":39},{"not_picked":["Skewer+1","Dagger Spray"],"picked":"Prepared+1","floor":42},{"not_picked":["Deflect","Quick Slash"],"picked":"Setup+1","floor":44},{"not_picked":["Outmaneuver","Distraction","Endless Agony"],"picked":"SKIP","floor":48}],"player_experience":458494,"relics_obtained":[{"floor":5,"key":"Tough Bandages"},{"floor":9,"key":"The Courier"},{"floor":10,"key":"Dream Catcher"},{"floor":26,"key":"Ninja Scroll"},{"floor":31,"key":"Frozen Egg 2"},{"floor":43,"key":"Vajra"}],"event_choices":[{"damage_healed":0,"gold_gain":0,"player_choice":"Grow","damage_taken":0,"max_hp_gain":0,"max_hp_loss":0,"event_name":"Living Wall","floor":3,"gold_loss":0,"cards_upgraded":["Neutralize"]},{"damage_healed":0,"gold_gain":0,"player_choice":"Simplicity","damage_taken":0,"max_hp_gain":0,"max_hp_loss":0,"event_name":"Back to Basics","floor":19,"gold_loss":0,"cards_upgraded":["Strike_G","Strike_G","Strike_G","Strike_G","Strike_G","Defend_G","Defend_G","Defend_G","Defend_G","Defend_G"]},{"damage_healed":0,"gold_gain":0,"player_choice":"Copied","damage_taken":0,"max_hp_gain":0,"max_hp_loss":0,"event_name":"Duplicator","floor":21,"gold_loss":0,"cards_obtained":["Cloak And Dagger"]},{"damage_healed":0,"gold_gain":0,"player_choice":"Forge","damage_taken":0,"max_hp_gain":0,"max_hp_loss":0,"event_name":"Accursed Blacksmith","floor":28,"gold_loss":0,"cards_upgraded":["Footwork"]},{"damage_healed":0,"gold_gain":0,"player_choice":"Max HP","damage_taken":0,"max_hp_gain":0,"max_hp_loss":4,"event_name":"Winding Halls","floor":45,"gold_loss":0},{"cards_removed":["Bane"],"damage_healed":0,"gold_gain":0,"player_choice":"Removed Attack","damage_taken":0,"max_hp_gain":0,"max_hp_loss":0,"event_name":"Falling","floor":46,"gold_loss":0},{"damage_healed":0,"gold_gain":0,"player_choice":"Ignored","damage_taken":0,"max_hp_gain":0,"max_hp_loss":0,"event_name":"Mysterious Sphere","floor":47,"gold_loss":0}],"is_beta":false,"boss_relics":[{"not_picked":["Snecko Eye","Lizard Tail"],"picked":"Sozu"},{"not_picked":["Coffee Dripper","White Beast Statue"],"picked":"Cursed Key"}],"items_purged_floors":[37],"is_endless":false,"potions_floor_spawned":[1,4,7,14,16,20,22,31,35,36,39,44,48],"ascension_level":8}