{"gold_per_floor":[110,123,143,143,143,143,173,173,173,188,188,188],"floor_reached":12,"playtime":378,"items_purged":[],"score":90,"play_id":"029ad047-754e-4c73-acb7-f1ba569c75aa","local_time":"20181125131750","is_ascension_mode":true,"campfire_choices":[{"floor":6,"key":"RECALL"},{"floor":8,"key":"REST"}],"neow_cost":"NONE","seed_source_timestamp":73903770779371,"circlet_count":0,"master_deck":["Strike_R","Strike_R","Strike_R","Strike_R","Strike_R","Defend_R","Defend_R","Defend_R","Defend_R","Bash","Injury","Flame Barrier"],"relics":["Burning Blood","NeowsBlessing","Peace Pipe","Pen Nib","Smiling Mask"],"potions_floor_usage":[7],"damage_taken":[{"damage":0,"enemies":"Jaw Worm","floor":1,"turns":1},{"damage":0,"enemies":"Cultist","floor":2,"turns":1},{"damage":0,"enemies":"Small Slimes","floor":3,"turns":1},{"damage":36,"enemies":"Gremlin Nob","floor":7,"turns":4},{"damage":6,"enemies":"Gremlin Gang","floor":10,"turns":9},{"damage":75,"enemies":"Exordium Thugs","floor":12,"turns":12}],"seed_played":"-5259434263451176682","potions_obtained":[{"floor":1,"key":"LiquidBronze"},{"floor":10,"key":"LiquidBronze"}],"is_trial":false,"path_per_floor":["M","M","M","?","?","R","E","R","T","M","T","M"],"character_chosen":"IRONCLAD","items_purchased":[],"campfire_rested":1,"item_purchase_floors":[],"current_hp_per_floor":[80,80,80,77,77,77,47,71,71,71,71,0],"gold":188,"neow_bonus":"THREE_ENEMY_KILL","is_prod":false,"is_daily":false,"chose_seed":false,"campfire_upgraded":0,"win_rate":0,"timestamp":1543173470,"path_taken":["M","M","M","?","?","R","E","R","T","?","?","M"],"build_version":"2018-11-15","purchased_purges":0,"victory":false,"max_hp_per_floor":[80,80,80,80,80,80,80,80,80,80,80,80],"card_choices":[{"not_picked":["Evolve","Sentinel","Heavy Blade"],"picked":"SKIP","floor":1},{"not_picked":["Burning Pact","Twin Strike","Bloodletting"],"picked":"SKIP","floor":2},{"not_picked":["Warcry","Hemokinesis","Power Through"],"picked":"SKIP","floor":3},{"not_picked":["Armaments","Perfected Strike"],"picked":"Flame Barrier","floor":7},{"not_picked":["Perfected Strike","Fire Breathing","Cleave"],"picked":"SKIP","floor":10}],"player_experience":478236,"relics_obtained":[{"floor":7,"key":"Pen Nib"},{"floor":11,"key":"Smiling Mask"}],"event_choices":[{"damage_healed":0,"gold_gain":0,"player_choice":"Success","damage_taken":3,"relics_obtained":["Peace Pipe"],"max_hp_gain":0,"max_hp_loss":0,"event_name":"Scrap Ooze","floor":4,"gold_loss":0},{"damage_healed":0,"gold_gain":0,"player_choice":"1 cards matched","damage_taken":0,"max_hp_gain":0,"max_hp_loss":0,"event_name":"Match and Keep!","floor":5,"gold_loss":0,"cards_obtained":["Injury"]}],"is_beta":false,"boss_relics":[],"items_purged_floors":[],"is_endless":false,"potions_floor_spawned":[1,10],"killed_by":"Exordium Thugs","ascension_level":3}