{"gold_per_floor":[115,115,115,115,40,40,57,75,100,100,115,142,155,168,168,272,272,282,300,300,215,39,39,51,68,68,68,68,79,92,111,111,111],"floor_reached":33,"playtime":1823,"items_purged":["Strike_R","Strike_R"],"score":349,"play_id":"a1be2eb0-3737-4eb3-b9ed-21807b6e764c","local_time":"20190630150221","is_ascension_mode":true,"campfire_choices":[{"floor":6,"key":"REST"},{"data":"Battle Trance","floor":10,"key":"SMITH"},{"data":"Metallicize","floor":15,"key":"SMITH"},{"floor":23,"key":"REST"},{"data":"Demon Form","floor":32,"key":"SMITH"}],"neow_cost":"NONE","seed_source_timestamp":388069722403254,"circlet_count":0,"master_deck":["Strike_R","Defend_R+1","Defend_R","Defend_R","Defend_R","Bash+1","Battle Trance+1","Metallicize+1","Flame Barrier","Demon Form+1","Flame Barrier","Shrug It Off","Hemokinesis","Entrench"],"relics":["Burning Blood","Happy Flower","Odd Mushroom","Sozu","Gremlin Horn","Blue Candle"],"potions_floor_usage":[16,16],"damage_taken":[{"damage":3,"enemies":"Jaw Worm","floor":1,"turns":6},{"damage":0,"enemies":"Small Slimes","floor":7,"turns":4},{"damage":11,"enemies":"2 Louse","floor":8,"turns":4},{"damage":0,"enemies":"2 Fungi Beasts","floor":11,"turns":4},{"damage":25,"enemies":"The Mushroom Lair","floor":12,"turns":9},{"damage":5,"enemies":"Blue Slaver","floor":13,"turns":4},{"damage":2,"enemies":"Exordium Wildlife","floor":14,"turns":4},{"damage":54,"enemies":"Hexaghost","floor":16,"turns":17},{"damage":17,"enemies":"3 Byrds","floor":18,"turns":4},{"damage":4,"enemies":"Chosen","floor":19,"turns":6},{"damage":0,"enemies":"Snecko","floor":24,"turns":6},{"damage":17,"enemies":"Cultist and Chosen","floor":25,"turns":7},{"damage":13,"enemies":"Centurion and Healer","floor":29,"turns":13},{"damage":4,"enemies":"Shelled Parasite and Fungi","floor":30,"turns":8},{"damage":13,"enemies":"Snecko","floor":31,"turns":7},{"damage":94,"enemies":"Collector","floor":33,"turns":6}],"seed_played":"2206194558839028113","potions_obtained":[{"floor":7,"key":"PowerPotion"},{"floor":12,"key":"SteroidPotion"},{"floor":13,"key":"FairyPotion"},{"floor":14,"key":"Energy Potion"}],"is_trial":false,"path_per_floor":["M","?","?","?","$","R","M","M","T","R","M","?","M","M","R","B",null,"M","M","?","?","$","R","M","M","T","?","$","M","M","M","R","B"],"character_chosen":"IRONCLAD","items_purchased":["Flame Barrier"],"campfire_rested":2,"item_purchase_floors":[22],"current_hp_per_floor":[75,59,59,52,52,76,80,75,75,75,80,61,62,66,66,18,65,54,56,56,56,56,80,80,69,69,69,69,62,64,57,57,0],"gold":111,"neow_bonus":"TRANSFORM_CARD","is_prod":false,"is_daily":false,"chose_seed":false,"campfire_upgraded":3,"win_rate":0,"timestamp":1561924941,"path_taken":["M","?","?","?","$","R","M","M","T","R","M","?","M","M","R","BOSS","M","M","?","?","?","R","M","M","T","?","$","M","M","?","R","BOSS"],"build_version":"2019-01-23","purchased_purges":2,"victory":false,"max_hp_per_floor":[80,80,80,80,80,80,80,80,80,80,80,80,80,80,80,80,80,80,80,80,80,80,80,80,80,80,80,80,80,80,80,80,80],"card_choices":[{"not_picked":["Warcry","Cleave","Havoc"],"picked":"SKIP","floor":1},{"not_picked":["Thunderclap","Twin Strike","Dual Wield"],"picked":"SKIP","floor":7},{"not_picked":["True Grit","Shockwave"],"picked":"Battle Trance","floor":8},{"not_picked":["Pommel Strike","Wild Strike","Heavy Blade"],"picked":"SKIP","floor":11},{"not_picked":["Evolve","Fire Breathing"],"picked":"Metallicize","floor":13},{"not_picked":["Heavy Blade","Reckless Charge"],"picked":"Flame Barrier","floor":14},{"not_picked":["Feed","Fiend Fire"],"picked":"Demon Form","floor":16},{"not_picked":["Shockwave","Thunderclap+1","Wild Strike+1"],"picked":"SKIP","floor":18},{"not_picked":["Sword Boomerang","True Grit+1","Perfected Strike"],"picked":"SKIP","floor":19},{"not_picked":["Evolve+1","Feel No Pain"],"picked":"Shrug It Off","floor":24},{"not_picked":["Spot Weakness+1","Inflame","Pommel Strike"],"picked":"SKIP","floor":25},{"not_picked":["Power Through","Infernal Blade","Pommel Strike"],"picked":"SKIP","floor":29},{"not_picked":["Heavy Blade","Inflame"],"picked":"Entrench","floor":30},{"not_picked":["Warcry","Iron Wave+1","Carnage"],"picked":"SKIP","floor":31}],"player_experience":2069502,"relics_obtained":[{"floor":9,"key":"Happy Flower"},{"floor":12,"key":"Odd Mushroom"},{"floor":26,"key":"Blue Candle"}],"event_choices":[{"damage_healed":0,"gold_gain":0,"player_choice":"Entered Light","damage_taken":16,"max_hp_gain":0,"max_hp_loss":0,"event_name":"Shining Light","floor":2,"gold_loss":0,"cards_upgraded":["Bash","Defend_R"]},{"damage_healed":0,"gold_gain":0,"player_choice":"Ignored","damage_taken":0,"max_hp_gain":0,"max_hp_loss":0,"event_name":"Liars Game","floor":3,"gold_loss":0},{"cards_removed":["Combust"],"damage_healed":0,"gold_gain":0,"player_choice":"Card Removal","damage_taken":7,"max_hp_gain":0,"max_hp_loss":0,"event_name":"Golden Wing","floor":4,"gold_loss":0},{"damage_healed":0,"gold_gain":0,"player_choice":"Fought Mushrooms","damage_taken":0,"max_hp_gain":0,"max_hp_loss":0,"event_name":"Mushrooms","floor":12,"gold_loss":0},{"damage_healed":0,"gold_gain":0,"player_choice":"Ignored","damage_taken":0,"max_hp_gain":0,"max_hp_loss":0,"event_name":"Vampires","floor":20,"gold_loss":0},{"damage_healed":0,"gold_gain":0,"player_choice":"Obtained Relic","damage_taken":0,"relics_obtained":["Gremlin Horn"],"max_hp_gain":0,"max_hp_loss":0,"event_name":"Addict","floor":21,"gold_loss":85},{"damage_healed":0,"gold_gain":0,"cards_transformed":["Strike_R"],"player_choice":"Transformed","damage_taken":0,"max_hp_gain":0,"max_hp_loss":0,"event_name":"Transmorgrifier","floor":27,"gold_loss":0,"cards_obtained":["Hemokinesis"]}],"is_beta":false,"boss_relics":[{"not_picked":["Snecko Eye","Runic Pyramid"],"picked":"Sozu"}],"items_purged_floors":[5,22],"is_endless":false,"potions_floor_spawned":[7,12,13,14,24,25,31],"killed_by":"Collector","ascension_level":9}