{"gold_per_floor":[19,38,57,57,72,72,106,106,133,133,189,189,289,289,289,289],"floor_reached":16,"playtime":1642,"items_purged":[],"score":140,"play_id":"22aad6c3-1581-4dfb-84a3-ba667dda5970","local_time":"20190823193641","is_ascension_mode":true,"campfire_choices":[{"data":"Neutralize","floor":6,"key":"SMITH"},{"data":"Endless Agony","floor":8,"key":"SMITH"},{"floor":10,"key":"REST"},{"data":"Backflip","floor":12,"key":"SMITH"},{"data":"Deflect","floor":15,"key":"SMITH"}],"neow_cost":"NO_GOLD","seed_source_timestamp":337261550915000,"circlet_count":0,"master_deck":["Strike_G","Strike_G","Strike_G","Strike_G","Strike_G","Defend_G","Defend_G","Defend_G","Defend_G","Defend_G","Survivor","Neutralize+1","Terror","Endless Agony+1","Backstab","Acrobatics","Backstab","Heel Hook","Backflip+1","Crippling Poison","Adrenaline","Deflect+1"],"relics":["Ring of the Snake","Prayer Wheel","Orichalcum","Juzu Bracelet","Tiny Chest","Anchor"],"potions_floor_usage":[],"damage_taken":[{"damage":7,"enemies":"Small Slimes","floor":1,"turns":4},{"damage":0,"enemies":"Jaw Worm","floor":2,"turns":5},{"damage":0,"enemies":"Cultist","floor":3,"turns":3},{"damage":0,"enemies":"Gremlin Gang","floor":5,"turns":4},{"damage":28,"enemies":"Gremlin Nob","floor":7,"turns":4},{"damage":12,"enemies":"Lagavulin","floor":11,"turns":7},{"damage":43,"enemies":"Hexaghost","floor":16,"turns":14}],"seed_played":"2952306472727372397","potions_obtained":[{"floor":3,"key":"LiquidBronze"},{"floor":5,"key":"LiquidBronze"},{"floor":11,"key":"SteroidPotion"}],"is_trial":false,"path_per_floor":["M","M","M","?","M","R","E","R","T","R","E","R","?","?","R","B"],"character_chosen":"THE_SILENT","items_purchased":[],"campfire_rested":1,"item_purchase_floors":[],"current_hp_per_floor":[56,56,56,61,61,61,33,33,33,55,43,43,43,43,43,0],"gold":289,"neow_bonus":"ONE_RARE_RELIC","is_prod":false,"is_daily":false,"chose_seed":false,"campfire_upgraded":4,"win_rate":0,"timestamp":1566556601,"path_taken":["M","M","M","?","M","R","E","R","T","R","E","R","?","?","R","BOSS"],"build_version":"2019-07-17","purchased_purges":0,"victory":false,"max_hp_per_floor":[70,70,70,75,75,75,75,75,75,75,75,75,75,75,75,75],"card_choices":[{"not_picked":["Blade Dance","Dagger Throw"],"picked":"Terror","floor":1},{"not_picked":["Deadly Poison","Quick Slash"],"picked":"Endless Agony","floor":1},{"not_picked":["Sucker Punch","Finisher"],"picked":"Backstab","floor":2},{"not_picked":["Accuracy","Terror"],"picked":"Acrobatics","floor":2},{"not_picked":["Bane","Choke"],"picked":"Backstab","floor":3},{"not_picked":["Outmaneuver","Deadly Poison"],"picked":"Heel Hook","floor":3},{"not_picked":["Prepared","Dash"],"picked":"Backflip","floor":5},{"not_picked":["Dagger Throw","Deadly Poison"],"picked":"Crippling Poison","floor":5},{"not_picked":["Poisoned Stab","Escape Plan"],"picked":"Adrenaline","floor":7},{"not_picked":["Distraction","Quick Slash"],"picked":"Deflect","floor":11}],"player_experience":404872,"relics_obtained":[{"floor":7,"key":"Orichalcum"},{"floor":9,"key":"Juzu Bracelet"},{"floor":11,"key":"Tiny Chest"}],"event_choices":[{"damage_healed":0,"gold_gain":0,"player_choice":"Donut","damage_taken":0,"max_hp_gain":5,"max_hp_loss":0,"event_name":"Big Fish","floor":4,"gold_loss":0},{"damage_healed":0,"gold_gain":100,"player_choice":"Pray","damage_taken":0,"max_hp_gain":0,"max_hp_loss":0,"event_name":"Golden Shrine","floor":13,"gold_loss":0},{"damage_healed":0,"gold_gain":0,"player_choice":"Gave Potion","damage_taken":0,"relics_obtained":["Anchor"],"max_hp_gain":0,"max_hp_loss":0,"event_name":"WeMeetAgain","floor":14,"gold_loss":0}],"is_beta":false,"boss_relics":[],"items_purged_floors":[],"is_endless":false,"potions_floor_spawned":[3,5,11],"killed_by":"Hexaghost","ascension_level":6}