{"gold_per_floor":[116,116,129,141,141,141,141,141,166,166,91,41,60,77,77,179,229,247,247,247,346,357,357],"floor_reached":23,"playtime":1024,"items_purged":["Strike_B"],"score":233,"play_id":"06a715f0-cdca-4ae6-b2fa-58afe0675eb5","local_time":"20190220013220","is_ascension_mode":true,"campfire_choices":[{"data":"Zap","floor":6,"key":"SMITH"},{"data":"FTL","floor":8,"key":"SMITH"},{"data":"Streamline","floor":10,"key":"SMITH"},{"floor":15,"key":"REST"}],"neow_cost":"NONE","seed_source_timestamp":615941721931553,"circlet_count":0,"master_deck":["Strike_B","Strike_B","Defend_B","Defend_B","Defend_B+1","Defend_B","Zap+1","FTL+1","Streamline+1","Tempest","Seek"],"relics":["Cracked Core","Oddly Smooth Stone","Tiny House","MutagenicStrength","Pocketwatch"],"potions_floor_usage":[16,16,23,23],"damage_taken":[{"damage":13,"enemies":"Jaw Worm","floor":1,"turns":4},{"damage":1,"enemies":"Cultist","floor":3,"turns":4},{"damage":0,"enemies":"Small Slimes","floor":4,"turns":2},{"damage":2,"enemies":"Looter","floor":13,"turns":4},{"damage":5,"enemies":"Exordium Thugs","floor":14,"turns":4},{"damage":27,"enemies":"The Guardian","floor":16,"turns":9},{"damage":9,"enemies":"Shell Parasite","floor":18,"turns":5},{"damage":16,"enemies":"2 Thieves","floor":22,"turns":3},{"damage":50,"enemies":"Slavers","floor":23,"turns":5}],"seed_played":"5104242290718067142","potions_obtained":[{"floor":0,"key":"Swift Potion"},{"floor":0,"key":"GamblersBrew"},{"floor":0,"key":"SkillPotion"},{"floor":2,"key":"FocusPotion"},{"floor":2,"key":"Explosive Potion"},{"floor":17,"key":"SteroidPotion"}],"is_trial":false,"path_per_floor":["M","?","M","M","?","R","?","R","T","R","$","?","M","M","R","B",null,"M","?","T","?","M","E"],"character_chosen":"DEFECT","items_purchased":[],"campfire_rested":1,"item_purchase_floors":[],"current_hp_per_floor":[55,55,54,54,54,54,54,54,54,54,54,54,52,47,69,42,72,63,63,63,63,47,0],"gold":357,"neow_bonus":"THREE_SMALL_POTIONS","is_prod":false,"is_daily":false,"chose_seed":false,"campfire_upgraded":3,"win_rate":0,"timestamp":1550647940,"path_taken":["M","?","M","?","?","R","?","R","T","R","$","?","M","M","R","BOSS","M","?","?","?","M","E"],"build_version":"2019-01-23","purchased_purges":1,"victory":false,"max_hp_per_floor":[75,75,75,75,75,75,75,75,75,75,75,75,75,75,75,75,80,80,80,80,80,80,80],"card_choices":[{"not_picked":["Go for the Eyes","Coolheaded"],"picked":"FTL","floor":1},{"not_picked":["Leap","Go for the Eyes"],"picked":"Streamline","floor":3},{"not_picked":["Leap","Storm","Reprogram"],"picked":"SKIP","floor":4},{"not_picked":["Turbo","Undo","White Noise"],"picked":"SKIP","floor":13},{"not_picked":["Hello World","Melter"],"picked":"Tempest","floor":14},{"not_picked":["Thunder Strike","Buffer"],"picked":"Seek","floor":16},{"not_picked":["Beam Cell","Coolheaded","Lockon"],"picked":"SKIP","floor":18},{"not_picked":["Scrape","Leap","Hologram"],"picked":"SKIP","floor":22}],"player_experience":1469870,"relics_obtained":[{"floor":9,"key":"Oddly Smooth Stone"},{"floor":20,"key":"Pocketwatch"}],"event_choices":[{"damage_healed":0,"gold_gain":0,"player_choice":"Got Potions","damage_taken":0,"max_hp_gain":0,"max_hp_loss":0,"event_name":"Lab","floor":2,"gold_loss":0},{"damage_healed":0,"gold_gain":0,"player_choice":"Ignored","damage_taken":0,"max_hp_gain":0,"max_hp_loss":0,"event_name":"Liars Game","floor":5,"gold_loss":0},{"cards_removed":["Dualcast"],"damage_healed":0,"gold_gain":0,"player_choice":"Forget","damage_taken":0,"max_hp_gain":0,"max_hp_loss":0,"event_name":"Living Wall","floor":7,"gold_loss":0},{"cards_removed":["Strike_B"],"damage_healed":0,"gold_gain":0,"player_choice":"Card Removal","damage_taken":0,"max_hp_gain":0,"max_hp_loss":0,"event_name":"The Cleric","floor":12,"gold_loss":50},{"damage_healed":0,"gold_gain":0,"player_choice":"Inject Mutagens","damage_taken":0,"relics_obtained":["MutagenicStrength"],"max_hp_gain":0,"max_hp_loss":0,"event_name":"Drug Dealer","floor":19,"gold_loss":0},{"damage_healed":0,"gold_gain":99,"player_choice":"Stole From Cult","damage_taken":0,"max_hp_gain":0,"max_hp_loss":0,"event_name":"Nest","floor":21,"gold_loss":0}],"is_beta":false,"boss_relics":[{"not_picked":["Ectoplasm","FrozenCore"],"picked":"Tiny House"}],"items_purged_floors":[11],"is_endless":false,"potions_floor_spawned":[1,4,13],"killed_by":"Slavers","ascension_level":6}