{"gold_per_floor":[148,73,73,93,93,93,111,130,130,130,149,149,163,63,63,63],"floor_reached":16,"playtime":667,"items_purged":["Strike_R","Injury"],"score":92,"play_id":"be50544b-7bcf-4d5a-9678-e62bed898f0c","local_time":"20190829150852","is_ascension_mode":false,"campfire_choices":[{"data":"Cleave","floor":6,"key":"SMITH"},{"floor":10,"key":"DIG"},{"data":"Barricade","floor":12,"key":"SMITH"},{"data":"True Grit","floor":15,"key":"SMITH"}],"neow_cost":"NONE","seed_source_timestamp":619869061517073,"circlet_count":0,"master_deck":["Strike_R","Strike_R","Strike_R","Strike_R","Defend_R","Defend_R","Defend_R","Defend_R","Bash","Cleave+1","Shrug It Off","Barricade+1","True Grit+1"],"relics":["Burning Blood","Tiny Chest","Golden Idol","Shovel","FossilizedHelix"],"potions_floor_usage":[8,16],"damage_taken":[{"damage":1,"enemies":"Cultist","floor":1,"turns":4},{"damage":7,"enemies":"2 Louse","floor":4,"turns":2},{"damage":1,"enemies":"Jaw Worm","floor":7,"turns":3},{"damage":15,"enemies":"Gremlin Gang","floor":8,"turns":6},{"damage":6,"enemies":"2 Fungi Beasts","floor":11,"turns":4},{"damage":0,"enemies":"Blue Slaver","floor":13,"turns":8},{"damage":79,"enemies":"Hexaghost","floor":16,"turns":16}],"seed_played":"-1548274438445603288","potions_obtained":[{"floor":7,"key":"Block Potion"},{"floor":8,"key":"Poison Potion"},{"floor":11,"key":"SkillPotion"}],"is_trial":false,"path_per_floor":["M","$","?","M","?","R","M","M","T","R","M","R","M","$","R","B"],"character_chosen":"IRONCLAD","items_purchased":[],"campfire_rested":0,"item_purchase_floors":[],"current_hp_per_floor":[80,80,80,79,79,79,80,71,71,71,71,71,77,77,77,0],"gold":63,"neow_bonus":"RANDOM_COMMON_RELIC","is_prod":false,"is_daily":false,"chose_seed":false,"campfire_upgraded":3,"win_rate":0,"timestamp":1567105732,"path_taken":["M","?","?","M","?","R","M","M","T","R","M","R","M","?","R","BOSS"],"build_version":"2019-07-17","purchased_purges":2,"victory":false,"max_hp_per_floor":[80,80,80,80,80,80,80,80,80,80,80,80,80,80,80,80],"card_choices":[{"not_picked":["Clash","Clothesline"],"picked":"Cleave","floor":1},{"not_picked":["Rampage","Reckless Charge"],"picked":"Shrug It Off","floor":4},{"not_picked":["Clash","Shrug It Off","Headbutt"],"picked":"SKIP","floor":7},{"not_picked":["Iron Wave","Body Slam"],"picked":"Barricade","floor":8},{"not_picked":["Perfected Strike","Iron Wave"],"picked":"True Grit","floor":11},{"not_picked":["Seeing Red","Whirlwind","Clothesline"],"picked":"SKIP","floor":13}],"player_experience":172517,"relics_obtained":[{"floor":9,"key":"Shovel"},{"floor":10,"key":"FossilizedHelix"}],"event_choices":[{"damage_healed":0,"gold_gain":0,"player_choice":"Ignored","damage_taken":0,"max_hp_gain":0,"max_hp_loss":0,"event_name":"Liars Game","floor":3,"gold_loss":0},{"damage_healed":0,"gold_gain":0,"player_choice":"Take Wound","damage_taken":0,"relics_obtained":["Golden Idol"],"max_hp_gain":0,"max_hp_loss":0,"event_name":"Golden Idol","floor":5,"gold_loss":0,"cards_obtained":["Injury"]}],"is_beta":false,"boss_relics":[],"items_purged_floors":[2,14],"is_endless":false,"potions_floor_spawned":[7,8,11],"killed_by":"Hexaghost","ascension_level":0}