{"gold_per_floor":[114,114,68,80,100,128,128,143,143,154,164,120,120,120],"floor_reached":14,"playtime":549,"items_purged":[],"score":92,"play_id":"d4f05e51-640b-4050-878e-2cc2522f34a2","local_time":"20190819152516","is_ascension_mode":false,"campfire_choices":[{"data":"Lockon","floor":7,"key":"SMITH"},{"floor":13,"key":"REST"}],"neow_cost":"NONE","seed_source_timestamp":359032909430251,"circlet_count":0,"master_deck":["Strike_B","Strike_B","Strike_B","Strike_B","Defend_B","Defend_B","Defend_B","Defend_B","Zap","Dualcast","Rebound+1","Cold Snap","Lockon+1","Hello World","Ball Lightning","Go for the Eyes"],"relics":["Cracked Core","Bottled Tornado","Darkstone Periapt"],"potions_floor_usage":[6],"damage_taken":[{"damage":6,"enemies":"2 Louse","floor":1,"turns":3},{"damage":0,"enemies":"Cultist","floor":4,"turns":3},{"damage":0,"enemies":"Small Slimes","floor":5,"turns":2},{"damage":22,"enemies":"3 Sentries","floor":6,"turns":7},{"damage":16,"enemies":"Exordium Wildlife","floor":8,"turns":4},{"damage":7,"enemies":"Blue Slaver","floor":10,"turns":3},{"damage":5,"enemies":"Looter","floor":11,"turns":2},{"damage":0,"enemies":"Lots of Slimes","floor":14,"turns":1}],"seed_played":"2933768109890355604","potions_obtained":[{"floor":1,"key":"SkillPotion"},{"floor":5,"key":"FearPotion"},{"floor":10,"key":"EssenceOfSteel"},{"floor":11,"key":"LiquidBronze"}],"is_trial":false,"path_per_floor":["M","?","$","M","M","E","R","M","T","M","M","?","R","M"],"character_chosen":"DEFECT","items_purchased":["Cold Snap"],"campfire_rested":1,"item_purchase_floors":[3],"current_hp_per_floor":[76,76,76,76,76,54,54,38,38,31,26,26,50,50],"gold":120,"neow_bonus":"TEN_PERCENT_HP_BONUS","is_prod":false,"is_daily":false,"chose_seed":false,"campfire_upgraded":1,"win_rate":0.0,"timestamp":1566242716,"path_taken":["M","?","$","M","?","E","R","M","T","M","M","?","R","M"],"build_version":"2019-07-17","purchased_purges":0,"victory":false,"max_hp_per_floor":[82,82,82,82,82,82,82,82,82,82,82,82,82,82],"card_choices":[{"not_picked":["Scrape","Steam"],"picked":"Rebound","floor":1},{"not_picked":["Reinforced Body","Aggregate"],"picked":"Lockon","floor":4},{"not_picked":["Go for the Eyes","Loop"],"picked":"Hello World","floor":5},{"not_picked":["Melter","Beam Cell"],"picked":"Ball Lightning","floor":6},{"not_picked":["Glacier","Steam"],"picked":"Go for the Eyes","floor":8},{"not_picked":["Auto Shields","Tempest","Rebound"],"picked":"SKIP","floor":10},{"not_picked":["Beam Cell","Ball Lightning","Melter"],"picked":"SKIP","floor":11}],"player_experience":136513,"relics_obtained":[{"floor":6,"key":"Bottled Tornado"},{"floor":9,"key":"Darkstone Periapt"}],"event_choices":[{"damage_healed":0,"gold_gain":0,"player_choice":"Upgraded","damage_taken":0,"max_hp_gain":0,"max_hp_loss":0,"event_name":"Upgrade Shrine","floor":2,"gold_loss":0,"cards_upgraded":["Rebound"]},{"damage_healed":0,"gold_gain":0,"player_choice":"Left Gold","damage_taken":0,"max_hp_gain":0,"max_hp_loss":0,"event_name":"World of Goop","floor":12,"gold_loss":44}],"is_beta":false,"boss_relics":[],"items_purged_floors":[],"is_endless":false,"potions_floor_spawned":[1,5,10,11],"killed_by":"Lots of Slimes","ascension_level":0}