{"gold_per_floor":[114,64,64,64,78,78,109,119,119,131,71,88,8,8],"floor_reached":14,"playtime":412,"items_purged":["Strike_B","Strike_B"],"score":126,"play_id":"7cdaaebf-cd1d-44a9-aef5-913df6b4f28d","local_time":"20190425200337","is_ascension_mode":true,"campfire_choices":[{"floor":6,"key":"REST"}],"neow_cost":"NONE","seed_source_timestamp":1356162459788052,"circlet_count":0,"master_deck":["Strike_B","Strike_B","Defend_B","Defend_B","Defend_B","Defend_B","Zap+1","Conserve Battery","Conserve Battery"],"relics":["Cracked Core","Nunchaku","Symbiotic Virus","Singing Bowl","The Courier"],"potions_floor_usage":[10,14],"damage_taken":[{"damage":10,"enemies":"2 Louse","floor":1,"turns":2},{"damage":2,"enemies":"Jaw Worm","floor":5,"turns":3},{"damage":39,"enemies":"Lagavulin","floor":7,"turns":7},{"damage":0,"enemies":"Cultist","floor":8,"turns":4},{"damage":0,"enemies":"Lots of Slimes","floor":10,"turns":2},{"damage":3,"enemies":"Blue Slaver","floor":12,"turns":5},{"damage":60,"enemies":"Gremlin Nob","floor":14,"turns":4}],"seed_played":"2545303225327566433","potions_obtained":[{"floor":1,"key":"Explosive Potion"},{"floor":12,"key":"Regen Potion"}],"is_trial":false,"path_per_floor":["M","?","?","T","M","R","E","M","T","M","$","M","$","E"],"character_chosen":"DEFECT","items_purchased":[],"campfire_rested":1,"item_purchase_floors":[],"current_hp_per_floor":[58,58,46,46,44,66,29,31,31,31,31,28,28,0],"gold":8,"neow_bonus":"UPGRADE_CARD","is_prod":false,"is_daily":false,"chose_seed":false,"campfire_upgraded":0,"win_rate":0,"timestamp":1556240617,"path_taken":["M","?","?","?","?","R","E","M","T","M","?","M","$","E"],"build_version":"2019-01-23","purchased_purges":2,"victory":false,"max_hp_per_floor":[75,75,75,75,75,75,77,79,79,79,79,79,79,79],"card_choices":[{"not_picked":["Blizzard","Go for the Eyes","Stack"],"picked":"SKIP","floor":1},{"not_picked":["Sweeping Beam","Tempest","Turbo"],"picked":"SKIP","floor":5},{"not_picked":["Beam Cell","Leap","Sweeping Beam"],"picked":"Singing Bowl","floor":7},{"not_picked":["Beam Cell","Auto Shields","Skim"],"picked":"Singing Bowl","floor":8},{"not_picked":["Hologram","Fusion"],"picked":"Conserve Battery","floor":10},{"not_picked":["Stack","Aggregate"],"picked":"Conserve Battery","floor":12}],"player_experience":1882101,"relics_obtained":[{"floor":4,"key":"Symbiotic Virus"},{"floor":7,"key":"Singing Bowl"},{"floor":9,"key":"The Courier"}],"event_choices":[{"cards_removed":["Dualcast"],"damage_healed":0,"gold_gain":0,"player_choice":"Card Removal","damage_taken":0,"max_hp_gain":0,"max_hp_loss":0,"event_name":"The Cleric","floor":2,"gold_loss":50},{"damage_healed":0,"gold_gain":0,"player_choice":"Success","damage_taken":12,"relics_obtained":["Nunchaku"],"max_hp_gain":0,"max_hp_loss":0,"event_name":"Scrap Ooze","floor":3,"gold_loss":0}],"is_beta":false,"boss_relics":[],"items_purged_floors":[11,13],"is_endless":false,"potions_floor_spawned":[1,12],"killed_by":"Gremlin Nob","ascension_level":8}