{"gold_per_floor":[110,110,35,52,52,68,68,78,155,155,171,190,203,215,215,215],"floor_reached":16,"playtime":691,"items_purged":["Bash"],"score":154,"play_id":"f53c6535-152c-40aa-82ec-584ccf30ef13","local_time":"20190806122011","is_ascension_mode":true,"campfire_choices":[{"data":"Defend_R","floor":7,"key":"SMITH"},{"floor":10,"key":"REST"},{"floor":15,"key":"REST"}],"neow_cost":"NONE","seed_source_timestamp":301508323747900,"circlet_count":0,"master_deck":["AscendersBane","Strike_R","Strike_R","Strike_R","Strike_R","Strike_R","Defend_R","Defend_R","Defend_R+1","Defend_R+1","Inflame","Body Slam","Whirlwind"],"relics":["Burning Blood","Happy Flower","Sundial"],"potions_floor_usage":[16,16],"damage_taken":[{"damage":9,"enemies":"2 Louse","floor":1,"turns":4},{"damage":8,"enemies":"Cultist","floor":4,"turns":4},{"damage":10,"enemies":"Jaw Worm","floor":6,"turns":4},{"damage":15,"enemies":"Exordium Thugs","floor":8,"turns":5},{"damage":0,"enemies":"Exordium Wildlife","floor":11,"turns":5},{"damage":7,"enemies":"Lots of Slimes","floor":12,"turns":5},{"damage":37,"enemies":"Large Slime","floor":13,"turns":6},{"damage":22,"enemies":"Exordium Wildlife","floor":14,"turns":5},{"damage":60,"enemies":"Hexaghost","floor":16,"turns":9}],"seed_played":"2642281640582542195","potions_obtained":[{"floor":6,"key":"Poison Potion"},{"floor":8,"key":"AttackPotion"}],"is_trial":false,"path_per_floor":["M","?","$","M","$","M","R","M","T","R","M","M","M","M","R","B"],"character_chosen":"IRONCLAD","items_purchased":[],"campfire_rested":2,"item_purchase_floors":[],"current_hp_per_floor":[69,69,69,67,67,63,63,54,54,78,80,79,48,32,56,0],"gold":215,"neow_bonus":"RANDOM_COMMON_RELIC","is_prod":false,"is_daily":false,"chose_seed":false,"campfire_upgraded":1,"win_rate":0,"timestamp":1565112011,"path_taken":["M","?","$","M","$","M","R","M","T","R","M","M","M","M","R","BOSS"],"build_version":"2019-07-17","purchased_purges":1,"victory":false,"max_hp_per_floor":[80,80,80,80,80,80,80,80,80,80,80,80,80,80,80,80],"card_choices":[{"not_picked":["True Grit","Combust","Heavy Blade"],"picked":"SKIP","floor":1},{"not_picked":["Sword Boomerang","Iron Wave"],"picked":"Inflame","floor":4},{"not_picked":["Bloodletting","Clothesline","Clash"],"picked":"SKIP","floor":6},{"not_picked":["Anger","Pommel Strike"],"picked":"Body Slam","floor":8},{"not_picked":["Twin Strike","Sever Soul","Evolve"],"picked":"SKIP","floor":11},{"not_picked":["Flame Barrier","Twin Strike"],"picked":"Whirlwind","floor":12},{"not_picked":["Sword Boomerang","Feel No Pain","Headbutt"],"picked":"SKIP","floor":13},{"not_picked":["Sword Boomerang","Havoc","Cleave"],"picked":"SKIP","floor":14}],"player_experience":2702677,"relics_obtained":[{"floor":9,"key":"Sundial"}],"event_choices":[{"damage_healed":0,"gold_gain":0,"player_choice":"Upgraded","damage_taken":0,"max_hp_gain":0,"max_hp_loss":0,"event_name":"Upgrade Shrine","floor":2,"gold_loss":0,"cards_upgraded":["Defend_R"]}],"is_beta":false,"boss_relics":[],"items_purged_floors":[3],"is_endless":false,"potions_floor_spawned":[6,8,14],"killed_by":"Hexaghost","ascension_level":12}