{"path_per_floor":["M","?","?","M","M","R","E","?","T","M","R","M","?","M","R","B",null,"M","$","?","T","M","R","T","E","T","R","?","R","?","M","R","B",null,"M","?","?","M","M","R","M","?","T","$","R","?","$","?","R","B"],"character_chosen":"IRONCLAD","items_purchased":["Bronze Scales","Rampage","Lee\u0027s Waffle","Orichalcum","Blood for Blood"],"gold_per_floor":[213,213,288,300,315,315,340,340,365,376,376,388,388,403,403,501,501,515,15,15,15,31,31,31,64,64,64,64,64,64,81,81,181,181,201,201,201,218,228,228,248,248,248,23,23,23,23,0,0,0],"floor_reached":51,"campfire_rested":5,"playtime":2735,"current_hp_per_floor":[80,90,79,83,80,80,40,33,33,16,43,45,20,17,44,9,90,52,97,97,97,93,93,93,70,84,84,69,69,69,62,96,46,116,82,82,82,69,72,106,83,83,83,83,83,73,73,73,107,67],"items_purged":["Strike_R"],"gold":0,"play_id":"b2015b01-a991-4bac-a32e-42e0fbe749aa","is_prod":false,"is_daily":false,"campfire_rituals":0,"campfire_upgraded":5,"is_hardmode":false,"path_taken":["M","?","?","?","M","R","E","?","T","?","R","M","?","?","R","BOSS","M","$","?","?","?","R","?","E","T","R","?","R","?","M","R","BOSS","M","?","?","M","?","R","M","?","T","$","R","?","$","?","R","BOSS"],"build_version":"2018-01-18-PROD4","purchased_purges":2,"victory":true,"master_deck":["Strike_R","Defend_R","Defend_R","Defend_R","Bash","Cleave","Thunderclap","Searing Blow","Body Slam","Barricade","Twin Strike","Demon Form","Reaper","Battle Trance","Rampage","Spot Weakness","Intimidate","Heavy Blade","Dropkick","Clash","Shrug It Off","Offering","Feel No Pain","Uppercut","Battle Trance","Burning Pact","Headbutt","Flex","Blood for Blood","Madness","Madness"],"max_hp_per_floor":[80,90,90,90,90,90,90,90,90,90,90,90,90,90,90,90,90,90,97,97,97,97,97,97,97,111,111,116,116,116,116,116,116,116,116,116,116,116,116,116,116,116,116,116,116,116,116,116,116,116],"relics":["Burning Blood","Pear","Ice Cream","Oddly Smooth Stone","Matryoshka","Mark of Pain","Bronze Scales","Lee\u0027s Waffle","War Paint","Girya","Meat on the Bone","Vajra","Frozen Egg","Mango","Astrolabe","Torii","Charon\u0027s Ashes","Orichalcum","Red Mask"],"campfire_meditates":0,"card_choices":[{"not_picked":["Perfected Strike","Wild Strike"],"picked":"Cleave"},{"not_picked":["Blood for Blood","Clothesline"],"picked":"Thunderclap"},{"not_picked":["Reckless Charge","Body Slam"],"picked":"Searing Blow"},{"not_picked":["Warcry","Fire Breathing"],"picked":"Body Slam"},{"not_picked":["Anger","Battle Trance"],"picked":"Barricade"},{"not_picked":["Perfected Strike","Dual Wield"],"picked":"Twin Strike"},{"not_picked":["Iron Wave","Armaments"],"picked":"Demon Form"},{"not_picked":["Feed","Demon Form"],"picked":"Reaper"},{"not_picked":["Pommel Strike","Cleave"],"picked":"Battle Trance"},{"not_picked":["Thunderclap","Rampage"],"picked":"Intimidate"},{"not_picked":["Seeing Red","Searing Blow"],"picked":"Heavy Blade"},{"not_picked":["Body Slam","Perfected Strike"],"picked":"Shrug It Off"},{"not_picked":["Fiend Fire","Reaper"],"picked":"Offering"},{"not_picked":["Shrug It Off","Dropkick"],"picked":"Burning Pact"},{"not_picked":["Thunderclap","Iron Wave"],"picked":"Headbutt"},{"not_picked":["Corruption","Pummel"],"picked":"Flex"}],"player_experience":58694,"potions_floor_usage":[7,16,22,33,33,39,41],"damage_taken":[{"damage":5,"enemies":"Cultist","floor":1,"turns":4},{"damage":2,"enemies":"2 Louse","floor":4,"turns":2},{"damage":9,"enemies":"Small Slimes","floor":5,"turns":4},{"damage":46,"enemies":"Gremlin Nob","floor":7,"turns":5},{"damage":23,"enemies":"Gremlin Gang","floor":10,"turns":4},{"damage":4,"enemies":"Looter","floor":12,"turns":4},{"damage":9,"enemies":"Exordium Thugs","floor":14,"turns":5},{"damage":41,"enemies":"Slime Boss","floor":16,"turns":7},{"damage":52,"enemies":"Shell Parasite","floor":18,"turns":7},{"damage":10,"enemies":"Chosen","floor":22,"turns":6},{"damage":33,"enemies":"Gremlin Leader","floor":25,"turns":5},{"damage":25,"enemies":"Slaver and Parasite","floor":31,"turns":4},{"damage":83,"enemies":"Automaton","floor":33,"turns":10},{"damage":40,"enemies":"3 Darklings","floor":35,"turns":4},{"damage":24,"enemies":"Orb Walker","floor":38,"turns":3},{"damage":27,"enemies":"Sphere and 2 Shapes","floor":39,"turns":5},{"damage":29,"enemies":"4 Shapes","floor":41,"turns":5},{"damage":46,"enemies":"Time Eater","floor":50,"turns":5}],"event_choices":[{"event_name":"Big Fish","player_choice":"Box","floor":2,"damage_taken":0},{"event_name":"World of Goop","player_choice":"Gather Gold","floor":3,"damage_taken":0},{"event_name":"Golden Wing","player_choice":"Card Removal","floor":8,"damage_taken":0},{"event_name":"Scrap Ooze","player_choice":"success","floor":13,"damage_taken":25},{"event_name":"The Library","player_choice":"Read","floor":20,"damage_taken":0},{"event_name":"Forgotten Altar","player_choice":"Shed Blood","floor":28,"damage_taken":0},{"event_name":"Match and Keep!","player_choice":"2 cards matched","floor":30,"damage_taken":0},{"event_name":"Wheel of Change","player_choice":"Relic","floor":36,"damage_taken":0},{"event_name":"Mysterious Sphere","player_choice":"Ignore","floor":37,"damage_taken":0},{"event_name":"Winding Halls","player_choice":"Embrace Madness","floor":46,"damage_taken":0},{"event_name":"Tomb of Lord Red Mask","player_choice":"Paid","floor":48,"damage_taken":0}],"boss_relics":[{"not_picked":["Philosopher\u0027s Stone","Sozu"],"picked":"Mark of Pain"},{"not_picked":["Runic Dome","Snecko Eye"],"picked":"Astrolabe"}],"potions_floor_spawned":[1,10,14,18,31,35,38],"seed_played":"-5379196780813404847","is_trial":false}