{"gold_per_floor":[114,114,124,139,154,2,77,97,97,109,109],"floor_reached":11,"playtime":384,"items_purged":["Steam Power"],"score":94,"play_id":"3d933ee2-c136-48dd-9ed9-cb8c45a0be0d","local_time":"20190504131650","is_ascension_mode":true,"campfire_choices":[],"neow_cost":"NONE","seed_source_timestamp":28925049767011,"circlet_count":0,"master_deck":["Strike_B","Strike_B","Strike_B","Strike_B","Defend_B","Defend_B","Defend_B","Defend_B","Zap","Sunder","Cold Snap","Defragment"],"relics":["Cracked Core","Ancient Tea Set","Matryoshka","Golden Idol"],"potions_floor_usage":[],"damage_taken":[{"damage":1,"enemies":"Small Slimes","floor":1,"turns":4},{"damage":0,"enemies":"Cultist","floor":3,"turns":4},{"damage":0,"enemies":"2 Louse","floor":4,"turns":2},{"damage":18,"enemies":"Exordium Thugs","floor":5,"turns":4},{"damage":16,"enemies":"Large Slime","floor":8,"turns":6},{"damage":8,"enemies":"Gremlin Gang","floor":10,"turns":3}],"seed_played":"3322867517912606831","potions_obtained":[{"floor":4,"key":"Block Potion"},{"floor":10,"key":"LiquidBronze"}],"is_trial":false,"path_per_floor":["M","?","M","M","M","$","?","M","T","M","?"],"character_chosen":"DEFECT","items_purchased":["Defragment"],"campfire_rested":0,"item_purchase_floors":[6],"current_hp_per_floor":[67,67,67,67,49,49,38,22,22,14,0],"gold":109,"neow_bonus":"RANDOM_COMMON_RELIC","is_prod":false,"is_daily":false,"chose_seed":false,"campfire_upgraded":0,"win_rate":0,"timestamp":1556993810,"path_taken":["M","?","M","?","M","?","?","M","T","M","?"],"build_version":"2019-01-23","purchased_purges":1,"victory":false,"max_hp_per_floor":[75,75,75,75,75,75,75,75,75,75,75],"card_choices":[{"not_picked":["Turbo","Rebound","Steam"],"picked":"SKIP","floor":1},{"not_picked":["Turbo","Tempest"],"picked":"Sunder","floor":3},{"not_picked":["Genetic Algorithm","Redo"],"picked":"Cold Snap","floor":4},{"not_picked":["Hologram","Lockon","Tempest"],"picked":"SKIP","floor":5},{"not_picked":["Compile Driver","Sweeping Beam","Hello World"],"picked":"SKIP","floor":8},{"not_picked":["Gash","Lockon","Doom and Gloom"],"picked":"SKIP","floor":10}],"player_experience":1900909,"relics_obtained":[{"floor":9,"key":"Matryoshka"}],"event_choices":[{"damage_healed":0,"gold_gain":0,"cards_transformed":["Dualcast"],"player_choice":"Transformed","damage_taken":0,"max_hp_gain":0,"max_hp_loss":0,"event_name":"Transmorgrifier","floor":2,"gold_loss":0,"cards_obtained":["Steam Power"]},{"damage_healed":0,"gold_gain":75,"player_choice":"Gather Gold","damage_taken":11,"max_hp_gain":0,"max_hp_loss":0,"event_name":"World of Goop","floor":7,"gold_loss":0}],"is_beta":false,"boss_relics":[],"items_purged_floors":[6],"is_endless":false,"potions_floor_spawned":[4,10],"ascension_level":8}