{"gold_per_floor":[118,118,193,209,229,229,262,272,295,315,325,340,362,362],"floor_reached":14,"playtime":19211,"items_purged":[],"score":132,"play_id":"81855eb2-ac1f-4290-b467-b9b911230374","local_time":"20190525144850","is_ascension_mode":true,"campfire_choices":[{"floor":6,"key":"REST"}],"neow_cost":"NONE","seed_source_timestamp":728294100674087,"circlet_count":0,"master_deck":["Strike_B","Strike_B","Strike_B","Defend_B","Defend_B","Defend_B","Defend_B","Zap","Cold Snap","Conserve Battery","Buffer"],"relics":["Cracked Core","Blood Vial","Happy Flower","Odd Mushroom"],"potions_floor_usage":[],"damage_taken":[{"damage":0,"enemies":"Cultist","floor":1,"turns":4},{"damage":8,"enemies":"Jaw Worm","floor":4,"turns":4},{"damage":4,"enemies":"Small Slimes","floor":5,"turns":6},{"damage":25,"enemies":"3 Sentries","floor":7,"turns":10},{"damage":1,"enemies":"Blue Slaver","floor":8,"turns":4},{"damage":2,"enemies":"Red Slaver","floor":10,"turns":4},{"damage":6,"enemies":"Large Slime","floor":11,"turns":6},{"damage":20,"enemies":"Lots of Slimes","floor":12,"turns":4},{"damage":8,"enemies":"The Mushroom Lair","floor":13,"turns":6},{"damage":13,"enemies":"Gremlin Gang","floor":14,"turns":4}],"seed_played":"-7707277480032594990","potions_obtained":[{"floor":10,"key":"PowerPotion"},{"floor":11,"key":"Poison Potion"},{"floor":12,"key":"Swift Potion"},{"floor":13,"key":"Ancient Potion"}],"is_trial":false,"path_per_floor":["M","?","?","M","M","R","E","M","T","M","M","M","?","M"],"character_chosen":"DEFECT","items_purchased":[],"campfire_rested":1,"item_purchase_floors":[],"current_hp_per_floor":[68,61,50,42,38,60,35,36,36,36,32,14,8,0],"gold":362,"neow_bonus":"REMOVE_CARD","is_prod":false,"is_daily":false,"chose_seed":false,"campfire_upgraded":0,"win_rate":0,"timestamp":1558813730,"path_taken":["M","?","?","M","M","R","E","M","T","M","M","M","?","M"],"build_version":"2019-01-23","purchased_purges":0,"victory":false,"max_hp_per_floor":[75,75,75,75,75,75,75,75,75,75,75,75,75,75],"card_choices":[{"not_picked":["Barrage","Steam","Rebound"],"picked":"SKIP","floor":1},{"not_picked":["Sweeping Beam","Turbo","Barrage"],"picked":"SKIP","floor":4},{"not_picked":["Go for the Eyes","Recycle"],"picked":"Cold Snap","floor":5},{"not_picked":["Stack","Compile Driver","Lockon"],"picked":"SKIP","floor":7},{"not_picked":["Go for the Eyes","Gash","Fusion"],"picked":"SKIP","floor":8},{"not_picked":["Streamline","Sweeping Beam"],"picked":"Conserve Battery","floor":10},{"not_picked":["Sweeping Beam","Redo","Steam"],"picked":"SKIP","floor":11},{"not_picked":["Barrage","Genetic Algorithm"],"picked":"Buffer","floor":12}],"player_experience":1926329,"relics_obtained":[{"floor":7,"key":"Blood Vial"},{"floor":9,"key":"Happy Flower"},{"floor":13,"key":"Odd Mushroom"}],"event_choices":[{"cards_removed":["Strike_B"],"damage_healed":0,"gold_gain":0,"player_choice":"Card Removal","damage_taken":7,"max_hp_gain":0,"max_hp_loss":0,"event_name":"Golden Wing","floor":2,"gold_loss":0},{"damage_healed":0,"gold_gain":75,"player_choice":"Gather Gold","damage_taken":11,"max_hp_gain":0,"max_hp_loss":0,"event_name":"World of Goop","floor":3,"gold_loss":0},{"damage_healed":0,"gold_gain":0,"player_choice":"Fought Mushrooms","damage_taken":0,"max_hp_gain":0,"max_hp_loss":0,"event_name":"Mushrooms","floor":13,"gold_loss":0}],"is_beta":false,"boss_relics":[],"items_purged_floors":[],"is_endless":false,"potions_floor_spawned":[10,11,12,13],"killed_by":"Gremlin Gang","ascension_level":8}