{"gold_per_floor":[114,129,146,160,190,190,218,218,243,253,253,276,293,306,306,405,405,416,416,431,448,448,448,468,478,526,536,550,550,570,570],"floor_reached":31,"playtime":1788,"items_purged":[],"score":392,"play_id":"65188f83-09cd-421e-9c58-7a5689cebfc1","local_time":"20190831091650","is_ascension_mode":true,"campfire_choices":[{"floor":6,"key":"REST"},{"floor":8,"key":"REST"},{"floor":11,"key":"REST"},{"floor":15,"key":"REST"},{"floor":23,"key":"REST"},{"floor":29,"key":"REST"}],"neow_cost":"PERCENT_DAMAGE","seed_source_timestamp":1494749001175000,"circlet_count":0,"master_deck":["AscendersBane","Strike_B+1","Strike_B+1","Strike_B+1","Strike_B+1","Defend_B+1","Defend_B+1","Defend_B+1","Defend_B+1","Zap+1","Dualcast","Conserve Battery","BootSequence","All For One","Streamline","Electrodynamics","Streamline","Cold Snap","Conserve Battery","Gash","Reinforced Body"],"relics":["Cracked Core","Tiny Chest","Potion Belt","Happy Flower","Centennial Puzzle","Philosopher\u0027s Stone","Lantern"],"potions_floor_usage":[16,16,16,31,31],"damage_taken":[{"damage":0,"enemies":"Cultist","floor":1,"turns":4},{"damage":10,"enemies":"Small Slimes","floor":2,"turns":4},{"damage":7,"enemies":"Jaw Worm","floor":3,"turns":4},{"damage":18,"enemies":"Exordium Wildlife","floor":4,"turns":7},{"damage":43,"enemies":"3 Sentries","floor":7,"turns":9},{"damage":8,"enemies":"Blue Slaver","floor":10,"turns":4},{"damage":5,"enemies":"Exordium Thugs","floor":13,"turns":5},{"damage":0,"enemies":"Exordium Wildlife","floor":14,"turns":5},{"damage":3,"enemies":"Slime Boss","floor":16,"turns":8},{"damage":30,"enemies":"3 Byrds","floor":18,"turns":3},{"damage":2,"enemies":"Shell Parasite","floor":20,"turns":5},{"damage":33,"enemies":"Snecko","floor":21,"turns":5},{"damage":15,"enemies":"Sentry and Sphere","floor":24,"turns":4},{"damage":5,"enemies":"Centurion and Healer","floor":25,"turns":3},{"damage":11,"enemies":"Snecko","floor":27,"turns":3},{"damage":14,"enemies":"3 Cultists","floor":28,"turns":4},{"damage":24,"enemies":"Shelled Parasite and Fungi","floor":30,"turns":7},{"damage":4,"enemies":"Chosen and Byrds","floor":31,"turns":1}],"seed_played":"7908105719040610552","potions_obtained":[{"floor":7,"key":"PowerPotion"},{"floor":10,"key":"Weak Potion"},{"floor":13,"key":"SpeedPotion"},{"floor":18,"key":"PowerPotion"},{"floor":21,"key":"Energy Potion"},{"floor":28,"key":"FocusPotion"}],"is_trial":false,"path_per_floor":["M","M","M","M","?","R","E","R","T","M","R","T","M","M","R","B",null,"M","?","M","M","?","R","M","M","T","M","M","R","M","M"],"character_chosen":"DEFECT","items_purchased":[],"campfire_rested":6,"item_purchase_floors":[],"current_hp_per_floor":[64,54,47,29,29,55,12,38,38,30,56,56,51,51,77,74,85,55,55,53,20,20,46,31,26,26,15,1,27,3,0],"gold":570,"neow_bonus":"TWENTY_PERCENT_HP_BONUS","is_prod":false,"is_daily":false,"chose_seed":false,"campfire_upgraded":0,"win_rate":0,"timestamp":1567261010,"path_taken":["M","?","M","M","?","R","E","R","T","?","R","?","M","M","R","BOSS","M","?","M","M","?","R","M","M","T","M","M","R","?","M"],"build_version":"2019-07-17","purchased_purges":0,"victory":false,"max_hp_per_floor":[89,89,89,89,89,89,89,89,89,89,89,89,89,89,89,89,89,89,89,89,89,89,89,89,89,89,89,89,89,89,89],"card_choices":[{"not_picked":["Hologram","Compile Driver"],"picked":"Conserve Battery","floor":1},{"not_picked":["Scrape","Leap","Stack"],"picked":"SKIP","floor":2},{"not_picked":["Coolheaded","Turbo"],"picked":"BootSequence","floor":3},{"not_picked":["Beam Cell","Rebound"],"picked":"Gash","floor":4},{"not_picked":["Coolheaded","Compile Driver"],"picked":"All For One","floor":7},{"not_picked":["Aggregate","Turbo","Skim"],"picked":"SKIP","floor":10},{"not_picked":["Ball Lightning","Go for the Eyes"],"picked":"Streamline","floor":13},{"not_picked":["Stack","Coolheaded","Aggregate"],"picked":"SKIP","floor":14},{"not_picked":["Reboot","Creative AI"],"picked":"Electrodynamics","floor":16},{"not_picked":["Melter","Leap"],"picked":"Streamline","floor":18},{"not_picked":["Go for the Eyes","Compile Driver","Sunder"],"picked":"SKIP","floor":20},{"not_picked":["Turbo","Steam"],"picked":"Cold Snap","floor":21},{"not_picked":["Steam","Hologram","Undo"],"picked":"SKIP","floor":24},{"not_picked":["Chill","Amplify"],"picked":"Conserve Battery","floor":25},{"not_picked":["Storm","Lockon"],"picked":"Gash","floor":27},{"not_picked":["Aggregate","Barrage+1"],"picked":"Reinforced Body","floor":28},{"not_picked":["Beam Cell","Hologram+1","Go for the Eyes"],"picked":"SKIP","floor":30}],"player_experience":2939314,"relics_obtained":[{"floor":7,"key":"Potion Belt"},{"floor":9,"key":"Happy Flower"},{"floor":12,"key":"Centennial Puzzle"},{"floor":26,"key":"Lantern"}],"event_choices":[{"cards_removed":["Gash"],"damage_healed":0,"gold_gain":0,"player_choice":"Gave Card","damage_taken":0,"relics_obtained":["Tiny Chest"],"max_hp_gain":0,"max_hp_loss":0,"event_name":"WeMeetAgain","floor":5,"gold_loss":0},{"damage_healed":0,"gold_gain":0,"player_choice":"Simplicity","damage_taken":0,"max_hp_gain":0,"max_hp_loss":0,"event_name":"Back to Basics","floor":19,"gold_loss":0,"cards_upgraded":["Strike_B","Strike_B","Strike_B","Strike_B","Defend_B","Defend_B","Defend_B","Defend_B"]},{"damage_healed":0,"gold_gain":0,"player_choice":"Upgraded","damage_taken":0,"max_hp_gain":0,"max_hp_loss":0,"event_name":"Upgrade Shrine","floor":22,"gold_loss":0,"cards_upgraded":["Zap"]}],"is_beta":false,"boss_relics":[{"not_picked":["Velvet Choker","Snecko Eye"],"picked":"Philosopher\u0027s Stone"}],"items_purged_floors":[],"is_endless":false,"potions_floor_spawned":[7,10,13,18,21,28],"killed_by":"Chosen and Byrds","ascension_level":12}