{"gold_per_floor":[119,119,137,137,137,178,178,192,241,241,260,279,279,279,279,402,402,422,446,446,446],"floor_reached":21,"playtime":718,"items_purged":[],"score":306,"play_id":"079e2703-4a64-47a6-9ad0-823eea823208","local_time":"20190716160904","is_ascension_mode":true,"campfire_choices":[{"floor":7,"key":"REST"},{"data":"Body Slam","floor":10,"key":"SMITH"},{"floor":13,"key":"RECALL"},{"data":"Seeing Red","floor":15,"key":"SMITH"}],"neow_cost":"NONE","seed_source_timestamp":402171606107697,"circlet_count":0,"master_deck":["AscendersBane","Strike_R","Strike_R+1","Strike_R","Strike_R","Defend_R","Defend_R","Defend_R","Defend_R+1","Bash","Seeing Red+1","Clothesline","Battle Trance","Body Slam+1","Ghostly Armor","Barricade"],"relics":["Burning Blood","NeowsBlessing","Golden Idol","Dream Catcher","Boot","Fusion Hammer"],"potions_floor_usage":[16,16,16],"damage_taken":[{"damage":0,"enemies":"Small Slimes","floor":1,"turns":1},{"damage":0,"enemies":"Cultist","floor":3,"turns":1},{"damage":0,"enemies":"3 Sentries","floor":6,"turns":2},{"damage":4,"enemies":"2 Louse","floor":8,"turns":3},{"damage":0,"enemies":"Large Slime","floor":11,"turns":5},{"damage":15,"enemies":"3 Louse","floor":12,"turns":3},{"damage":30,"enemies":"Slime Boss","floor":16,"turns":7},{"damage":31,"enemies":"3 Byrds","floor":18,"turns":7},{"damage":34,"enemies":"Spheric Guardian","floor":19,"turns":9},{"damage":42,"enemies":"Chosen and Byrds","floor":21,"turns":4}],"seed_played":"-7930841053653752130","potions_obtained":[{"floor":3,"key":"Swift Potion"},{"floor":6,"key":"Regen Potion"},{"floor":8,"key":"PowerPotion"},{"floor":11,"key":"PowerPotion"},{"floor":18,"key":"Dexterity Potion"}],"is_trial":false,"path_per_floor":["M","?","M","?","?","E","R","M","T","R","M","M","R","?","R","B",null,"M","M","?","M"],"character_chosen":"IRONCLAD","items_purchased":[],"campfire_rested":1,"item_purchase_floors":[],"current_hp_per_floor":[78,78,80,60,44,50,74,76,76,76,80,71,71,76,76,64,80,55,27,27,0],"gold":446,"neow_bonus":"THREE_ENEMY_KILL","is_prod":false,"is_daily":false,"chose_seed":false,"campfire_upgraded":2,"win_rate":0,"timestamp":1563311344,"path_taken":["M","?","?","?","?","E","R","M","T","R","M","M","R","?","R","BOSS","M","M","?","M"],"build_version":"2019-07-05","purchased_purges":0,"victory":false,"max_hp_per_floor":[80,80,80,80,80,80,80,80,80,80,80,80,80,85,85,85,85,85,85,85,85],"card_choices":[{"not_picked":["True Grit","Flex"],"picked":"Seeing Red","floor":1},{"not_picked":["Cleave","Headbutt"],"picked":"Battle Trance","floor":3},{"not_picked":["Sever Soul","Dark Embrace","Bloodletting"],"picked":"SKIP","floor":6},{"not_picked":["Clash","Headbutt"],"picked":"Body Slam","floor":7},{"not_picked":["Pommel Strike","Spot Weakness","Havoc"],"picked":"SKIP","floor":8},{"not_picked":["Bloodletting","Clash","Dropkick"],"picked":"SKIP","floor":11},{"not_picked":["Thunderclap","Rupture"],"picked":"Ghostly Armor","floor":12},{"not_picked":["Fiend Fire","Dark Embrace"],"picked":"Barricade","floor":16},{"not_picked":["Cleave","Searing Blow","Warcry"],"picked":"SKIP","floor":18},{"not_picked":["Armaments","True Grit","Rampage"],"picked":"SKIP","floor":19}],"player_experience":2354429,"relics_obtained":[{"floor":6,"key":"Dream Catcher"},{"floor":9,"key":"Boot"}],"event_choices":[{"damage_healed":0,"gold_gain":0,"cards_transformed":["Strike_R"],"player_choice":"Transformed","damage_taken":0,"max_hp_gain":0,"max_hp_loss":0,"event_name":"Transmorgrifier","floor":2,"gold_loss":0,"cards_obtained":["Clothesline"]},{"damage_healed":0,"gold_gain":0,"player_choice":"Take Damage","damage_taken":20,"relics_obtained":["Golden Idol"],"max_hp_gain":0,"max_hp_loss":0,"event_name":"Golden Idol","floor":4,"gold_loss":0},{"damage_healed":0,"gold_gain":0,"player_choice":"Entered Light","damage_taken":16,"max_hp_gain":0,"max_hp_loss":0,"event_name":"Shining Light","floor":5,"gold_loss":0,"cards_upgraded":["Strike_R","Defend_R"]},{"damage_healed":0,"gold_gain":0,"player_choice":"Donut","damage_taken":0,"max_hp_gain":5,"max_hp_loss":0,"event_name":"Big Fish","floor":14,"gold_loss":0},{"damage_healed":0,"gold_gain":0,"player_choice":"Ignored","damage_taken":0,"max_hp_gain":0,"max_hp_loss":0,"event_name":"Ghosts","floor":20,"gold_loss":0}],"is_beta":false,"boss_relics":[{"not_picked":["Ectoplasm","Eternal Feather"],"picked":"Fusion Hammer"}],"items_purged_floors":[],"is_endless":false,"potions_floor_spawned":[3,6,8,11,18],"killed_by":"Chosen and Byrds","ascension_level":10}