{"gold_per_floor":[111,36,55,55,71,96,110,110,110,202,202,202,152,171,171,270,270,283,283,294,305,205,230,230,258,258,268,288,388,405,416,416,515,565,580,268,268,268,280,280,300,317,317,317,333,333,352,352],"floor_reached":48,"playtime":3149,"items_purged":["Strike_B","Creative AI","Injury"],"score":481,"play_id":"cdf351c5-ccaa-4ba3-a51c-86998150d5c4","local_time":"20181112214021","is_ascension_mode":false,"campfire_choices":[{"data":"Cold Snap","floor":15,"key":"SMITH"},{"floor":24,"key":"REST"},{"floor":32,"key":"REST"},{"data":"Apotheosis","floor":40,"key":"SMITH"},{"floor":46,"key":"REST"}],"neow_cost":"NONE","seed_source_timestamp":2928822461620345,"circlet_count":0,"master_deck":["Strike_B+1","Strike_B+1","Defend_B","Defend_B","Defend_B","Zap","FTL","Cold Snap+1","Cold Snap+1","Sunder","Defragment","Chill+1","Capacitor+1","Cold Snap","Cold Snap","Cold Snap","Apotheosis+1","Echo Form","Loop+1","Cold Snap+1","Normality","Pain"],"relics":["Cracked Core","Kunai","Meat on the Bone","Tiny Chest","Whetstone","Cursed Key","Art of War","Red Mask","Sundial","Tiny House","Ornamental Fan","Toxic Egg 2"],"potions_floor_usage":[10,14,16,33,33,33],"damage_taken":[{"damage":0,"enemies":"Jaw Worm","floor":1,"turns":5},{"damage":0,"enemies":"Small Slimes","floor":3,"turns":4},{"damage":1,"enemies":"2 Louse","floor":5,"turns":3},{"damage":31,"enemies":"Lagavulin","floor":6,"turns":7},{"damage":7,"enemies":"2 Fungi Beasts","floor":7,"turns":4},{"damage":24,"enemies":"Gremlin Nob","floor":10,"turns":5},{"damage":6,"enemies":"Lots of Slimes","floor":14,"turns":4},{"damage":35,"enemies":"Slime Boss","floor":16,"turns":11},{"damage":20,"enemies":"3 Byrds","floor":18,"turns":5},{"damage":14,"enemies":"Shell Parasite","floor":20,"turns":7},{"damage":16,"enemies":"Centurion and Healer","floor":21,"turns":8},{"damage":26,"enemies":"Book of Stabbing","floor":23,"turns":7},{"damage":23,"enemies":"Masked Bandits","floor":25,"turns":6},{"damage":2,"enemies":"3 Cultists","floor":27,"turns":7},{"damage":9,"enemies":"Cultist and Chosen","floor":28,"turns":6},{"damage":0,"enemies":"Centurion and Healer","floor":30,"turns":9},{"damage":17,"enemies":"Snake Plant","floor":31,"turns":5},{"damage":42,"enemies":"Collector","floor":33,"turns":17},{"damage":0,"enemies":"Orb Walker","floor":35,"turns":4},{"damage":21,"enemies":"3 Shapes","floor":39,"turns":5},{"damage":30,"enemies":"Spire Growth","floor":41,"turns":6},{"damage":13,"enemies":"Sphere and 2 Shapes","floor":42,"turns":6},{"damage":28,"enemies":"Maw","floor":45,"turns":8},{"damage":33,"enemies":"Jaw Worm Horde","floor":47,"turns":6},{"damage":42,"enemies":"Sphere and 2 Shapes","floor":48,"turns":3}],"seed_played":"-6467432703584478720","potions_obtained":[{"floor":1,"key":"SkillPotion"},{"floor":5,"key":"Dexterity Potion"},{"floor":7,"key":"Regen Potion"},{"floor":20,"key":"Explosive Potion"},{"floor":23,"key":"LiquidBronze"},{"floor":25,"key":"GamblersBrew"},{"floor":33,"key":"FocusPotion"},{"floor":34,"key":"SkillPotion"},{"floor":39,"key":"Poison Potion"}],"is_trial":false,"path_per_floor":["M","$","M","$","M","E","M","?","T","?","?","T","?","M","R","B",null,"M","?","M","M","$","E","R","?","T","M","M","?","M","M","R","B",null,"M","$","?","?","M","R","M","M","T","T","M","R","M","M"],"character_chosen":"DEFECT","items_purchased":["Apotheosis"],"campfire_rested":3,"item_purchase_floors":[36],"current_hp_per_floor":[75,75,75,75,74,43,36,36,36,36,41,41,41,47,47,24,80,60,45,43,39,39,25,50,39,39,49,52,52,52,47,72,42,90,90,90,85,85,64,64,46,45,45,45,29,54,33,0],"gold":352,"neow_bonus":"REMOVE_CARD","is_prod":false,"is_daily":false,"chose_seed":false,"campfire_upgraded":2,"win_rate":0.0,"timestamp":1542080421,"path_taken":["M","$","M","$","M","E","M","?","T","?","?","?","?","M","R","BOSS","M","?","M","M","$","E","R","?","T","M","M","?","?","M","R","BOSS","M","$","?","?","M","R","M","M","T","?","M","R","M","?"],"build_version":"2018-11-08","purchased_purges":3,"victory":false,"max_hp_per_floor":[75,75,75,75,75,75,75,75,75,75,80,80,80,80,80,80,80,80,85,85,85,85,85,85,85,85,85,85,85,85,85,85,85,90,90,90,85,85,85,85,85,85,85,85,85,85,85,85],"card_choices":[{"not_picked":["Go for the Eyes","Reprogram"],"picked":"FTL","floor":1},{"not_picked":["Stack","Rebound","Barrage"],"picked":"SKIP","floor":3},{"not_picked":["Stack","Rebound","Barrage"],"picked":"SKIP","floor":3},{"not_picked":["Barrage","Compile Driver","Force Field"],"picked":"SKIP","floor":5},{"not_picked":["Scrape","Thunder Strike"],"picked":"Cold Snap","floor":6},{"not_picked":["Streamline","Beam Cell","Consume"],"picked":"SKIP","floor":7},{"not_picked":["Redo","Stack","Beam Cell"],"picked":"SKIP","floor":14},{"not_picked":["Reboot","Meteor Strike"],"picked":"Creative AI","floor":16},{"not_picked":["Genetic Algorithm+1","Darkness"],"picked":"Cold Snap+1","floor":18},{"not_picked":["Steam+1","Hologram+1","Redo+1"],"picked":"SKIP","floor":20},{"not_picked":["Steam","Beam Cell"],"picked":"Sunder","floor":21},{"not_picked":["Fission","Leap","Steam+1"],"picked":"SKIP","floor":23},{"not_picked":["Go for the Eyes","Reinforced Body"],"picked":"Defragment","floor":25},{"not_picked":["Rebound","Streamline"],"picked":"Chill+1","floor":27},{"not_picked":["Rebound+1","Lockon"],"picked":"Capacitor","floor":28},{"not_picked":["Conserve Battery","Rebound"],"picked":"Cold Snap","floor":30},{"not_picked":["Blizzard","Aggregate+1","Streamline+1"],"picked":"SKIP","floor":31},{"not_picked":["Conserve Battery","Stack"],"picked":"Cold Snap","floor":34},{"not_picked":["Compile Driver+1","Stack+1"],"picked":"Cold Snap","floor":35},{"not_picked":["Turbo","Gash"],"picked":"Echo Form","floor":39},{"not_picked":["Static Discharge","Compile Driver"],"picked":"Loop+1","floor":41},{"not_picked":["Stack+1","Streamline"],"picked":"Cold Snap+1","floor":42},{"not_picked":["Ball Lightning","Coolheaded+1","Conserve Battery+1"],"picked":"SKIP","floor":45},{"not_picked":["White Noise+1","Redo+1","Fusion+1"],"picked":"SKIP","floor":47}],"player_experience":165709,"relics_obtained":[{"floor":6,"key":"Kunai"},{"floor":9,"key":"Meat on the Bone"},{"floor":10,"key":"Tiny Chest"},{"floor":12,"key":"Whetstone"},{"floor":23,"key":"Art of War"},{"floor":25,"key":"Red Mask"},{"floor":26,"key":"Sundial"},{"floor":43,"key":"Ornamental Fan"},{"floor":44,"key":"Toxic Egg 2"}],"event_choices":[{"damage_healed":0,"gold_gain":0,"player_choice":"Ignored","damage_taken":0,"max_hp_gain":0,"max_hp_loss":0,"event_name":"Liars Game","floor":8,"gold_loss":0},{"damage_healed":0,"gold_gain":30,"player_choice":"Searched \u00272\u0027 times","damage_taken":0,"max_hp_gain":0,"max_hp_loss":0,"event_name":"Dead Adventurer","floor":10,"gold_loss":0},{"damage_healed":0,"gold_gain":0,"player_choice":"Donut","damage_taken":0,"max_hp_gain":5,"max_hp_loss":0,"event_name":"Big Fish","floor":11,"gold_loss":0},{"cards_removed":["Strike_B"],"damage_healed":0,"gold_gain":0,"player_choice":"Card Removal","damage_taken":0,"max_hp_gain":0,"max_hp_loss":0,"event_name":"The Cleric","floor":13,"gold_loss":50},{"damage_healed":0,"gold_gain":0,"player_choice":"Shed Blood","damage_taken":20,"max_hp_gain":5,"max_hp_loss":0,"event_name":"Forgotten Altar","floor":19,"gold_loss":0},{"damage_healed":0,"gold_gain":0,"player_choice":"Fought Bandits","damage_taken":0,"max_hp_gain":0,"max_hp_loss":0,"event_name":"Masked Bandits","floor":25,"gold_loss":0},{"damage_healed":0,"gold_gain":100,"player_choice":"Pray","damage_taken":0,"max_hp_gain":0,"max_hp_loss":0,"event_name":"Golden Shrine","floor":29,"gold_loss":0},{"damage_healed":0,"gold_gain":0,"player_choice":"Max HP","damage_taken":0,"max_hp_gain":0,"max_hp_loss":5,"event_name":"Winding Halls","floor":37,"gold_loss":0},{"cards_removed":["Defend_B"],"damage_healed":0,"gold_gain":0,"player_choice":"Removed Skill","damage_taken":0,"max_hp_gain":0,"max_hp_loss":0,"event_name":"Falling","floor":38,"gold_loss":0}],"is_beta":false,"boss_relics":[{"not_picked":["Runic Dome","Snecko Eye"],"picked":"Cursed Key"},{"not_picked":["Eternal Feather","Philosopher\u0027s Stone"],"picked":"Tiny House"}],"items_purged_floors":[2,22,36],"is_endless":false,"potions_floor_spawned":[1,5,7,20,23,25,33,39,42,45],"killed_by":"Sphere and 2 Shapes","ascension_level":0}