{"gold_per_floor":[115,115,115,132,57,57,85,85,85,85,98,139,158,158,158,286,286,302,302,202,117,117,117,106,106,106,106,122,160,160,184,184,184],"floor_reached":33,"playtime":1626,"items_purged":["Strike_R","Bash"],"score":285,"play_id":"bda41619-9075-48b8-bb86-75f643625ddd","local_time":"20181110235346","is_ascension_mode":true,"campfire_choices":[{"floor":10,"key":"REST"},{"floor":15,"key":"REST"},{"data":"1","floor":23,"key":"LIFT"},{"data":"2","floor":25,"key":"LIFT"},{"data":"3","floor":27,"key":"LIFT"},{"floor":32,"key":"REST"}],"neow_cost":"NONE","seed_source_timestamp":2765550567887733,"circlet_count":0,"master_deck":["Strike_R+1","Strike_R+1","Strike_R+1","Strike_R+1","Defend_R+1","Defend_R+1","Defend_R+1","Defend_R+1","Shrug It Off","Flame Barrier","Reaper","Uppercut","Regret","Fiend Fire","Disarm"],"relics":["Lizard Tail","Girya","Potion Belt","Golden Idol","Shuriken","Bronze Scales","Cursed Key","Dodecahedron","Bottled Flame"],"potions_floor_usage":[16,16,16,16,16,16,24,33,33],"damage_taken":[{"damage":7,"enemies":"2 Louse","floor":1,"turns":4},{"damage":5,"enemies":"Jaw Worm","floor":4,"turns":5},{"damage":39,"enemies":"3 Sentries","floor":7,"turns":16},{"damage":0,"enemies":"Small Slimes","floor":11,"turns":5},{"damage":29,"enemies":"Lagavulin","floor":12,"turns":14},{"damage":0,"enemies":"3 Louse","floor":13,"turns":3},{"damage":14,"enemies":"Hexaghost","floor":16,"turns":9},{"damage":0,"enemies":"3 Byrds","floor":18,"turns":1},{"damage":0,"enemies":"2 Thieves","floor":24,"turns":4},{"damage":8,"enemies":"Sentry and Sphere","floor":28,"turns":4},{"damage":30,"enemies":"Gremlin Leader","floor":29,"turns":7},{"damage":10,"enemies":"Cultist and Chosen","floor":31,"turns":7},{"damage":93,"enemies":"Champ","floor":33,"turns":15}],"seed_played":"729190301337459632","potions_obtained":[{"floor":4,"key":"EntropicBrew"},{"floor":12,"key":"LiquidBronze"},{"floor":24,"key":"SmokeBomb"},{"floor":28,"key":"FearPotion"},{"floor":31,"key":"Regen Potion"}],"is_trial":false,"path_per_floor":["M","?","?","M","$","?","E","?","T","R","M","E","M","?","R","B",null,"M","?","$","?","$","R","M","R","T","R","M","E","?","M","R","B"],"character_chosen":"IRONCLAD","items_purchased":[],"campfire_rested":3,"item_purchase_floors":[],"current_hp_per_floor":[73,61,66,61,61,44,5,5,5,28,28,39,39,39,62,55,79,79,79,79,79,79,79,79,79,79,79,71,56,56,54,77,0],"gold":184,"neow_bonus":"BOSS_RELIC","is_prod":false,"is_daily":false,"chose_seed":false,"campfire_upgraded":0,"win_rate":0,"timestamp":1541915626,"path_taken":["M","?","?","M","?","?","E","?","T","R","M","E","?","?","R","BOSS","M","?","$","?","?","R","M","R","T","R","M","E","?","?","R","BOSS"],"build_version":"2018-11-08","purchased_purges":2,"victory":false,"max_hp_per_floor":[80,80,85,85,85,85,85,79,79,79,79,79,79,79,79,79,79,79,79,79,79,79,79,79,79,79,79,79,79,79,79,79,79],"card_choices":[{"not_picked":["Warcry","Clash","Armaments"],"picked":"SKIP","floor":1},{"not_picked":["Wild Strike","Clothesline"],"picked":"Shrug It Off","floor":4},{"not_picked":["True Grit","Armaments"],"picked":"Flame Barrier","floor":7},{"not_picked":["Cleave","Body Slam","Armaments"],"picked":"SKIP","floor":11},{"not_picked":["Blood for Blood","Burning Pact","Feel No Pain"],"picked":"SKIP","floor":12},{"not_picked":["Second Wind","Armaments","Bloodletting"],"picked":"SKIP","floor":13},{"not_picked":["Feed","Brutality"],"picked":"Reaper","floor":16},{"not_picked":["Headbutt+1","Combust+1","Cleave"],"picked":"SKIP","floor":18},{"not_picked":["Havoc+1","Fire Breathing","Heavy Blade"],"picked":"SKIP","floor":24},{"not_picked":["Perfected Strike+1","Entrench"],"picked":"Uppercut","floor":28},{"not_picked":["Clash+1","Sever Soul","Body Slam+1"],"picked":"SKIP","floor":29},{"not_picked":["True Grit+1","Offering"],"picked":"Disarm","floor":31}],"player_experience":97718,"relics_obtained":[{"floor":7,"key":"Potion Belt"},{"floor":9,"key":"Shuriken"},{"floor":12,"key":"Bronze Scales"},{"floor":29,"key":"Bottled Flame"}],"event_choices":[{"damage_healed":0,"gold_gain":0,"player_choice":"Success","damage_taken":12,"relics_obtained":["Girya"],"max_hp_gain":0,"max_hp_loss":0,"event_name":"Scrap Ooze","floor":2,"gold_loss":0},{"damage_healed":0,"gold_gain":0,"player_choice":"Donut","damage_taken":0,"max_hp_gain":5,"max_hp_loss":0,"event_name":"Big Fish","floor":3,"gold_loss":0},{"damage_healed":0,"gold_gain":0,"player_choice":"Entered Light","damage_taken":17,"max_hp_gain":0,"max_hp_loss":0,"event_name":"Shining Light","floor":6,"gold_loss":0,"cards_upgraded":["Strike_R","Defend_R"]},{"damage_healed":0,"gold_gain":0,"player_choice":"Lose Max HP","damage_taken":0,"relics_obtained":["Golden Idol"],"max_hp_gain":0,"max_hp_loss":6,"event_name":"Golden Idol","floor":8,"gold_loss":0},{"damage_healed":0,"gold_gain":0,"player_choice":"Ignored","damage_taken":0,"max_hp_gain":0,"max_hp_loss":0,"event_name":"Liars Game","floor":14,"gold_loss":0},{"damage_healed":0,"gold_gain":0,"player_choice":"Simplicity","damage_taken":0,"max_hp_gain":0,"max_hp_loss":0,"event_name":"Back to Basics","floor":19,"gold_loss":0,"cards_upgraded":["Strike_R","Strike_R","Strike_R","Defend_R","Defend_R","Defend_R"]},{"damage_healed":0,"gold_gain":0,"player_choice":"Obtained Relic","damage_taken":0,"relics_obtained":["Dodecahedron"],"max_hp_gain":0,"max_hp_loss":0,"event_name":"Addict","floor":21,"gold_loss":85},{"damage_healed":0,"gold_gain":0,"player_choice":"2 cards matched","damage_taken":0,"max_hp_gain":0,"max_hp_loss":0,"event_name":"Match and Keep!","floor":30,"gold_loss":0,"cards_obtained":["Regret","Fiend Fire"]}],"is_beta":false,"boss_relics":[{"not_picked":["Philosopher\u0027s Stone","Runic Dome"],"picked":"Cursed Key"}],"items_purged_floors":[5,20],"is_endless":false,"potions_floor_spawned":[4,12,24,28,31],"killed_by":"Champ","ascension_level":1}