{"gold_per_floor":[119,194,210,47,65,96,109,125,148,162,162,192,209,209,209,307,307,327,346,261,261,271,271,271],"floor_reached":24,"playtime":1268,"items_purged":["Dualcast"],"score":320,"play_id":"23a4ee53-d2ce-46ba-8bae-5604415f6e98","local_time":"20190822182414","is_ascension_mode":true,"campfire_choices":[{"floor":11.0,"key":"REST"},{"data":"Zap","floor":15.0,"key":"SMITH"},{"floor":23,"key":"REST"}],"neow_cost":"NONE","seed_source_timestamp":0,"circlet_count":0,"master_deck":["AscendersBane","Strike_B","Strike_B","Strike_B","Defend_B","Defend_B","Defend_B","Defend_B","Zap+1","Reinforced Body","Bandage Up","Chill","Cold Snap","Gash","Reinforced Body","Echo Form","Chill"],"special_seed":0,"relics":["Cracked Core","NeowsBlessing","Strawberry","Blood Vial","Busted Crown","Bronze Scales"],"potions_floor_usage":[],"damage_taken":[{"damage":0.0,"enemies":"Small Slimes","floor":1.0,"turns":1.0},{"damage":0.0,"enemies":"Jaw Worm","floor":3.0,"turns":1.0},{"damage":0.0,"enemies":"Cultist","floor":5.0,"turns":1.0},{"damage":40.0,"enemies":"Gremlin Nob","floor":6.0,"turns":5.0},{"damage":1.0,"enemies":"Blue Slaver","floor":7.0,"turns":5.0},{"damage":0.0,"enemies":"Lots of Slimes","floor":8.0,"turns":5.0},{"damage":6.0,"enemies":"Exordium Thugs","floor":10.0,"turns":6.0},{"damage":42.0,"enemies":"Gremlin Gang","floor":13.0,"turns":7.0},{"damage":38.0,"enemies":"Slime Boss","floor":16.0,"turns":22.0},{"damage":7,"enemies":"Chosen","floor":18,"turns":7},{"damage":26,"enemies":"Spheric Guardian","floor":19,"turns":6},{"damage":23,"enemies":"Shelled Parasite and Fungi","floor":22,"turns":7},{"damage":69,"enemies":"3 Cultists","floor":24,"turns":6}],"seed_played":"-1021026540195757694","potions_obtained":[{"floor":3.0,"key":"Poison Potion"},{"floor":5.0,"key":"LiquidBronze"},{"floor":7.0,"key":"Dexterity Potion"},{"floor":8.0,"key":"Swift Potion"},{"floor":16.0,"key":"FocusPotion"},{"floor":22,"key":"Poison Potion"}],"is_trial":false,"path_per_floor":["M","?","M","$","M","E","M","M","T","M","R","?","M","?","R","B",null,"M","M","?","?","M","R","M"],"character_chosen":"DEFECT","items_purchased":["Bandage Up"],"campfire_rested":2,"item_purchase_floors":[4],"current_hp_per_floor":[68,57,57,57,57,24,27,31,31,31,55,55,19,82,82,44,73,72,52,52,52,35,59,0],"gold":271,"neow_bonus":"THREE_ENEMY_KILL","is_prod":false,"is_daily":false,"chose_seed":false,"campfire_upgraded":1,"win_rate":0,"timestamp":1566516254,"path_taken":["M","?","M","$","M","E","M","M","T","M","R","?","M","?","R","BOSS","M","?","?","?","?","R","M"],"build_version":"2019-07-17","purchased_purges":1,"victory":false,"max_hp_per_floor":[75,75,75,75,75,82,82,82,82,82,82,82,82,82,82,82,82,82,82,82,82,82,82,82],"card_choices":[{"not_picked":["Rebound","Conserve Battery"],"picked":"Reinforced Body","floor":1.0},{"not_picked":["Genetic Algorithm","Darkness","Go for the Eyes"],"picked":"SKIP","floor":3.0},{"not_picked":["Tempest","Coolheaded"],"picked":"Chill","floor":5.0},{"not_picked":["Consume","Turbo"],"picked":"Cold Snap","floor":6.0},{"not_picked":["Heatsinks","Redo","Rebound"],"picked":"SKIP","floor":7.0},{"not_picked":["Hologram","Skim"],"picked":"Gash","floor":8.0},{"not_picked":["Rip and Tear","Beam Cell","Go for the Eyes"],"picked":"SKIP","floor":10.0},{"not_picked":["Recycle","Go for the Eyes"],"picked":"Reinforced Body","floor":13.0},{"not_picked":["Core Surge","Seek"],"picked":"Echo Form","floor":16.0},{"not_picked":["Turbo"],"picked":"SKIP","floor":18},{"not_picked":[],"picked":"Chill","floor":19},{"not_picked":["Chaos"],"picked":"SKIP","floor":22}],"player_experience":2890572,"relics_obtained":[{"floor":6.0,"key":"Strawberry"},{"floor":9.0,"key":"Blood Vial"}],"event_choices":[{"damage_healed":0.0,"max_hp_gain":0.0,"max_hp_loss":0.0,"gold_gain":75.0,"event_name":"World of Goop","player_choice":"Gather Gold","floor":2.0,"gold_loss":0.0,"damage_taken":11.0},{"damage_healed":0.0,"max_hp_gain":0.0,"max_hp_loss":0.0,"gold_gain":30.0,"event_name":"Dead Adventurer","player_choice":"Searched \u00271\u0027 times","floor":12.0,"gold_loss":0.0,"damage_taken":0.0},{"damage_healed":63.0,"max_hp_gain":0.0,"max_hp_loss":0.0,"gold_gain":0.0,"event_name":"Wheel of Change","player_choice":"Full Heal","floor":14.0,"gold_loss":0.0,"damage_taken":0.0},{"damage_healed":0,"gold_gain":0,"player_choice":"Obtained Relic","damage_taken":0,"relics_obtained":["Bronze Scales"],"max_hp_gain":0,"max_hp_loss":0,"event_name":"Addict","floor":20,"gold_loss":85},{"cards_removed":["Strike_B"],"damage_healed":0,"gold_gain":0,"player_choice":"Offered Basic","damage_taken":0,"max_hp_gain":0,"max_hp_loss":0,"event_name":"Bonfire Elementals","floor":21,"gold_loss":0}],"is_beta":false,"boss_relics":[{"not_picked":["Velvet Choker","Lizard Tail"],"picked":"Busted Crown"}],"items_purged_floors":[4],"is_endless":false,"potions_floor_spawned":[3,5,7,8,16,22],"killed_by":"3 Cultists","ascension_level":12}