{"gold_per_floor":[114,6,25,35,53,53,80,80,80,80,107,117,151,76,76,177,177,190,190,90,90,90,90,90,90,114,213,213,239,114,129,129,129],"floor_reached":33,"playtime":1667,"items_purged":["Defend_G","Strike_G","Strike_G"],"score":346,"play_id":"35ce1fa6-e7ab-483b-b9b2-82050a905c76","local_time":"20181208092729","is_ascension_mode":true,"campfire_choices":[{"floor":6,"key":"RECALL"},{"floor":8,"key":"REST"},{"floor":10,"key":"REST"},{"floor":15,"key":"REST"},{"data":"After Image","floor":23,"key":"SMITH"},{"data":"Cloak And Dagger","floor":25,"key":"SMITH"},{"data":"Infinite Blades","floor":32,"key":"SMITH"}],"neow_cost":"NONE","seed_source_timestamp":1182006747974636,"circlet_count":0,"master_deck":["Defend_G","Defend_G","Defend_G","Strike_G","Strike_G","Strike_G","Survivor","Neutralize","Dash","Dash","Cloak And Dagger+1","After Image+1","Infinite Blades+1"],"relics":["Sozu","Pen Nib","Singing Bowl","Juzu Bracelet","Vajra","Coffee Dripper","MutagenicStrength","Bag of Preparation","Matryoshka","Strawberry"],"potions_floor_usage":[],"damage_taken":[{"damage":1,"enemies":"2 Louse","floor":1,"turns":4},{"damage":4,"enemies":"Cultist","floor":3,"turns":5},{"damage":0,"enemies":"Jaw Worm","floor":4,"turns":3},{"damage":11,"enemies":"3 Louse","floor":5,"turns":3},{"damage":28,"enemies":"Lagavulin","floor":7,"turns":6},{"damage":32,"enemies":"Gremlin Nob","floor":11,"turns":5},{"damage":1,"enemies":"Lots of Slimes","floor":12,"turns":6},{"damage":11,"enemies":"3 Sentries","floor":13,"turns":8},{"damage":24,"enemies":"The Guardian","floor":16,"turns":16},{"damage":0,"enemies":"Shell Parasite","floor":18,"turns":6},{"damage":23,"enemies":"Gremlin Leader","floor":29,"turns":12},{"damage":0,"enemies":"2 Thieves","floor":31,"turns":4},{"damage":67,"enemies":"Automaton","floor":33,"turns":12}],"seed_played":"-520124820274285830","potions_obtained":[],"is_trial":false,"path_per_floor":["M","?","M","M","M","R","E","R","T","R","E","M","E","$","R","B",null,"M","?","$","?","?","R","$","R","T","?","?","E","$","M","R","B"],"character_chosen":"THE_SILENT","items_purchased":[],"campfire_rested":3,"item_purchase_floors":[],"current_hp_per_floor":[69,69,65,65,54,54,26,47,47,68,38,39,30,30,52,28,76,78,78,78,78,71,71,71,71,71,71,71,55,55,57,57,0],"gold":129,"neow_bonus":"BOSS_RELIC","is_prod":false,"is_daily":false,"chose_seed":false,"campfire_upgraded":3,"win_rate":0,"timestamp":1544282849,"path_taken":["M","?","?","M","M","R","E","R","T","R","E","M","E","$","R","BOSS","M","?","$","?","?","R","?","R","T","?","?","E","$","M","R","BOSS"],"build_version":"2018-12-06","purchased_purges":3,"victory":false,"max_hp_per_floor":[70,70,70,70,70,70,70,70,70,70,72,74,76,76,76,76,76,78,78,78,78,78,78,78,78,78,78,78,85,85,87,87,87],"card_choices":[{"not_picked":["Prepared","Underhanded Strike","Escape Plan"],"picked":"SKIP","floor":1},{"not_picked":["Crippling Poison","Underhanded Strike"],"picked":"Dash","floor":3},{"not_picked":["Sucker Punch","Calculated Gamble","Terror"],"picked":"SKIP","floor":4},{"not_picked":["Crippling Poison","Dodge and Roll"],"picked":"Dash","floor":5},{"not_picked":["Expertise","Wraith Form v2"],"picked":"Cloak And Dagger","floor":7},{"not_picked":["Acrobatics","Concentrate","Dagger Throw"],"picked":"Singing Bowl","floor":11},{"not_picked":["Bouncing Flask","Predator","Choke"],"picked":"Singing Bowl","floor":12},{"not_picked":["Phantasmal Killer","Expertise","Skewer"],"picked":"Singing Bowl","floor":13},{"not_picked":["Doppelganger","Venomology"],"picked":"After Image","floor":16},{"not_picked":["PiercingWail+1","Dagger Throw","Dagger Spray"],"picked":"Singing Bowl","floor":18},{"not_picked":["Concentrate+1","PiercingWail"],"picked":"Infinite Blades","floor":29},{"not_picked":["Expertise","Prepared+1","Sucker Punch"],"picked":"Singing Bowl","floor":31}],"player_experience":693432,"relics_obtained":[{"floor":7,"key":"Singing Bowl"},{"floor":11,"key":"Juzu Bracelet"},{"floor":13,"key":"Vajra"},{"floor":26,"key":"Bag of Preparation"},{"floor":29,"key":"Strawberry"}],"event_choices":[{"damage_healed":0,"gold_gain":0,"player_choice":"Paid Gold","damage_taken":0,"relics_obtained":["Pen Nib"],"max_hp_gain":0,"max_hp_loss":0,"event_name":"WeMeetAgain","floor":2,"gold_loss":108},{"damage_healed":0,"gold_gain":0,"player_choice":"Inject Mutagens","damage_taken":0,"relics_obtained":["MutagenicStrength"],"max_hp_gain":0,"max_hp_loss":0,"event_name":"Drug Dealer","floor":19,"gold_loss":0},{"cards_removed":["Defend_G"],"damage_healed":0,"gold_gain":0,"player_choice":"Offered Basic","damage_taken":0,"max_hp_gain":0,"max_hp_loss":0,"event_name":"Bonfire Elementals","floor":21,"gold_loss":0},{"damage_healed":0,"gold_gain":0,"player_choice":"","damage_taken":7,"max_hp_gain":0,"max_hp_loss":0,"event_name":"Knowing Skull","floor":22,"potions_obtained":[],"gold_loss":0,"cards_obtained":[]},{"damage_healed":0,"gold_gain":99,"player_choice":"Stole From Cult","damage_taken":0,"max_hp_gain":0,"max_hp_loss":0,"event_name":"Nest","floor":27,"gold_loss":0},{"damage_healed":0,"gold_gain":0,"player_choice":"Opened","damage_taken":0,"relics_obtained":["Matryoshka"],"max_hp_gain":0,"max_hp_loss":0,"event_name":"The Mausoleum","floor":28,"gold_loss":0}],"is_beta":false,"boss_relics":[{"not_picked":["Lizard Tail","Velvet Choker"],"picked":"Coffee Dripper"}],"items_purged_floors":[14,20,30],"is_endless":false,"potions_floor_spawned":[3,5,7,16,18],"killed_by":"Automaton","ascension_level":3}