{"gold_per_floor":[117,128,203,203,221,221,252,252,252,252,265,276,300,41,41,141,141,156,156,156,175,204,204,215,215,241,340,352,365,365,380,380,380],"floor_reached":33,"playtime":1822,"items_purged":["Dualcast"],"score":333,"play_id":"d3a45d1b-4781-4215-bf09-a052edd0326b","local_time":"20190228210547","is_ascension_mode":true,"campfire_choices":[{"data":"Zap","floor":6,"key":"SMITH"},{"floor":8,"key":"REST"},{"data":"Chill","floor":15,"key":"SMITH"},{"floor":23,"key":"REST"},{"floor":25,"key":"REST"},{"floor":32,"key":"REST"}],"neow_cost":"NONE","seed_source_timestamp":0,"circlet_count":0,"master_deck":["Strike_B+1","Strike_B","Defend_B","Defend_B+1","Defend_B+1","Defend_B","Zap+1","Self Repair","Glacier+1","Self Repair+1","FTL","Chill+1","Electrodynamics","Gash","Fission","Normality","Streamline+1"],"special_seed":0,"relics":["Cracked Core","Ancient Tea Set","WingedGreaves","Du-Vu Doll","War Paint","Tiny Chest","Cursed Key","Red Mask","Art of War"],"potions_floor_usage":[7,16,33,33,33],"damage_taken":[{"damage":5.0,"enemies":"Small Slimes","floor":1.0,"turns":4.0},{"damage":2,"enemies":"Jaw Worm","floor":2,"turns":4},{"damage":0,"enemies":"Cultist","floor":5,"turns":6},{"damage":28,"enemies":"Gremlin Nob","floor":7,"turns":5},{"damage":0,"enemies":"Large Slime","floor":11,"turns":7},{"damage":0,"enemies":"Exordium Wildlife","floor":12,"turns":3},{"damage":9,"enemies":"The Guardian","floor":16,"turns":16},{"damage":6,"enemies":"Spheric Guardian","floor":18,"turns":4},{"damage":19,"enemies":"Colosseum Slavers","floor":19,"turns":4},{"damage":7,"enemies":"Chosen","floor":21,"turns":5},{"damage":52,"enemies":"Masked Bandits","floor":22,"turns":6},{"damage":45,"enemies":"Sentry and Sphere","floor":24,"turns":8},{"damage":10,"enemies":"Chosen and Byrds","floor":28,"turns":8},{"damage":30,"enemies":"Snake Plant","floor":29,"turns":6},{"damage":26,"enemies":"Snecko","floor":31,"turns":7},{"damage":68,"enemies":"Automaton","floor":33,"turns":10}],"seed_played":"-1018422409145714016","potions_obtained":[{"floor":1.0,"key":"SteroidPotion"},{"floor":11,"key":"FearPotion"},{"floor":18,"key":"SteroidPotion"},{"floor":21,"key":"Poison Potion"},{"floor":24,"key":"LiquidBronze"},{"floor":31,"key":"Fire Potion"}],"is_trial":false,"path_per_floor":["M","M","?","?","M","R","E","R","T","?","M","M","T","$","R","B",null,"M","?","?","M","?","R","M","R","T","?","M","M","?","M","R","B"],"character_chosen":"DEFECT","items_purchased":["Tiny Chest","Chill"],"campfire_rested":4,"item_purchase_floors":[14,14],"current_hp_per_floor":[63,68,57,57,64,64,43,65,65,50,67,75,75,75,75,75,75,75,73,73,75,40,62,34,56,56,56,63,50,50,41,63,0],"gold":380,"neow_bonus":"RANDOM_COMMON_RELIC","is_prod":false,"is_daily":false,"chose_seed":false,"campfire_upgraded":2,"win_rate":0,"timestamp":1551409547,"path_taken":["M","M","?","?","?","R","E","R","T","?","M","M","?","?","R","BOSS","M","?","?","M","?","R","M","R","T","?","M","?","?","M","R","BOSS"],"build_version":"2019-01-23","purchased_purges":1,"victory":false,"max_hp_per_floor":[75,75,75,75,75,75,75,75,75,75,75,75,75,75,75,75,75,75,75,75,75,75,75,75,75,75,75,75,75,75,75,75,75],"card_choices":[{"not_picked":["Compile Driver","Rebound"],"picked":"Self Repair","floor":1.0},{"not_picked":["Reprogram","Barrage"],"picked":"Glacier","floor":2},{"not_picked":["Aggregate","Hello World","Leap"],"picked":"SKIP","floor":5},{"not_picked":["Amplify","Leap"],"picked":"Self Repair","floor":7},{"not_picked":["Compile Driver","Cold Snap"],"picked":"FTL","floor":11},{"not_picked":["Redo","Cold Snap","Reinforced Body"],"picked":"SKIP","floor":12},{"not_picked":["Creative AI","Thunder Strike"],"picked":"Electrodynamics","floor":16},{"not_picked":["Leap","Blizzard+1","Beam Cell"],"picked":"SKIP","floor":18},{"not_picked":["Heatsinks","Cold Snap+1","Coolheaded"],"picked":"SKIP","floor":21},{"not_picked":["Redo","Ball Lightning","All For One"],"picked":"SKIP","floor":24},{"not_picked":["Cold Snap","Gash","Stack+1"],"picked":"SKIP","floor":28},{"not_picked":["Leap","Consume"],"picked":"Streamline+1","floor":29},{"not_picked":["Consume","Chaos+1","Coolheaded"],"picked":"SKIP","floor":31}],"player_experience":1529179,"relics_obtained":[{"floor":7,"key":"WingedGreaves"},{"floor":9,"key":"Du-Vu Doll"},{"floor":13,"key":"War Paint"},{"floor":22,"key":"Red Mask"},{"floor":26,"key":"Art of War"}],"event_choices":[{"damage_healed":0,"gold_gain":75,"player_choice":"Gather Gold","damage_taken":11,"max_hp_gain":0,"max_hp_loss":0,"event_name":"World of Goop","floor":3,"gold_loss":0},{"damage_healed":0,"gold_gain":0,"player_choice":"Upgraded","damage_taken":0,"max_hp_gain":0,"max_hp_loss":0,"event_name":"Upgrade Shrine","floor":4,"gold_loss":0,"cards_upgraded":["Glacier"]},{"damage_healed":0,"gold_gain":0,"player_choice":"Entered Light","damage_taken":15,"max_hp_gain":0,"max_hp_loss":0,"event_name":"Shining Light","floor":10,"gold_loss":0,"cards_upgraded":["Strike_B","Self Repair"]},{"damage_healed":0,"gold_gain":0,"player_choice":"Fight","damage_taken":0,"max_hp_gain":0,"max_hp_loss":0,"event_name":"Colosseum","floor":19,"gold_loss":0},{"damage_healed":0,"gold_gain":0,"player_choice":"Fled From Nobs","damage_taken":0,"max_hp_gain":0,"max_hp_loss":0,"event_name":"Colosseum","floor":19,"gold_loss":0},{"damage_healed":0,"gold_gain":0,"cards_transformed":["Strike_B","Strike_B"],"player_choice":"Became Test Subject","damage_taken":0,"max_hp_gain":0,"max_hp_loss":0,"event_name":"Drug Dealer","floor":20,"gold_loss":0,"cards_obtained":["Gash","Fission"]},{"damage_healed":0,"gold_gain":0,"player_choice":"Fought Bandits","damage_taken":0,"max_hp_gain":0,"max_hp_loss":0,"event_name":"Masked Bandits","floor":22,"gold_loss":0},{"damage_healed":0,"gold_gain":99,"player_choice":"Stole From Cult","damage_taken":0,"max_hp_gain":0,"max_hp_loss":0,"event_name":"Nest","floor":27,"gold_loss":0},{"damage_healed":0,"gold_gain":0,"player_choice":"Ignored","damage_taken":0,"max_hp_gain":0,"max_hp_loss":0,"event_name":"Ghosts","floor":30,"gold_loss":0}],"is_beta":false,"boss_relics":[{"not_picked":["Tiny House","Lizard Tail"],"picked":"Cursed Key"}],"items_purged_floors":[14],"is_endless":false,"potions_floor_spawned":[1,11,18,19,21,24,28,31],"killed_by":"Automaton","ascension_level":7}