{"gold_per_floor":[114,114,189,189,189,189,205,223,248,261,78,96,96,109,109,207,207,220,220,220,220,239,239,239,239],"floor_reached":25,"playtime":1145,"items_purged":["Strike_G"],"score":239,"play_id":"c0a083e2-3481-4d37-8d77-032b84efc08e","local_time":"20190210135321","is_ascension_mode":true,"campfire_choices":[{"data":"Deadly Poison","floor":6,"key":"SMITH"},{"floor":13,"key":"REST"},{"data":"Venomology","floor":15,"key":"SMITH"},{"floor":23,"key":"REST"}],"neow_cost":"NONE","seed_source_timestamp":2712001124113390,"circlet_count":0,"master_deck":["Defend_G","Defend_G","Defend_G","Defend_G","Defend_G","Strike_G","Strike_G","Strike_G","Survivor","Neutralize","Deadly Poison+1","Leg Sweep","Blur","Caltrops","Venomology+1","Corpse Explosion","Well Laid Plans+1"],"relics":["Ring of the Snake","NeowsBlessing","Omamori","Snecko Eye","MutagenicStrength","Lantern"],"potions_floor_usage":[14,16,16,16,16,22,25],"damage_taken":[{"damage":0,"enemies":"Small Slimes","floor":1,"turns":1},{"damage":0,"enemies":"2 Louse","floor":7,"turns":1},{"damage":0,"enemies":"Cultist","floor":8,"turns":1},{"damage":0,"enemies":"Blue Slaver","floor":10,"turns":5},{"damage":18,"enemies":"Large Slime","floor":12,"turns":9},{"damage":6,"enemies":"2 Fungi Beasts","floor":14,"turns":4},{"damage":17,"enemies":"The Guardian","floor":16,"turns":11},{"damage":0,"enemies":"3 Byrds","floor":18,"turns":3},{"damage":26,"enemies":"Colosseum Slavers","floor":21,"turns":4},{"damage":26,"enemies":"Chosen","floor":22,"turns":9},{"damage":33,"enemies":"Sentry and Sphere","floor":25,"turns":5}],"seed_played":"6839788785865398022","potions_obtained":[{"floor":5,"key":"Poison Potion"},{"floor":5,"key":"Explosive Potion"},{"floor":5,"key":"SmokeBomb"},{"floor":7,"key":"SkillPotion"},{"floor":16,"key":"SpeedPotion"},{"floor":18,"key":"Explosive Potion"},{"floor":22,"key":"EssenceOfSteel"}],"is_trial":false,"path_per_floor":["M","?","?","?","?","R","M","M","T","M","$","M","R","M","R","B",null,"M","?","?","?","M","R","?","M"],"character_chosen":"THE_SILENT","items_purchased":["Blur","Caltrops"],"campfire_rested":2,"item_purchase_floors":[11,11],"current_hp_per_floor":[70,70,59,59,59,59,59,59,59,59,59,41,62,56,56,39,62,62,62,62,36,10,31,31,0],"gold":239,"neow_bonus":"THREE_ENEMY_KILL","is_prod":false,"is_daily":false,"chose_seed":false,"campfire_upgraded":2,"win_rate":0,"timestamp":1549828401,"path_taken":["M","?","?","?","?","R","M","M","T","?","$","M","R","M","R","BOSS","M","?","?","?","M","R","?","M"],"build_version":"2019-01-23","purchased_purges":1,"victory":false,"max_hp_per_floor":[70,70,70,70,70,70,70,70,70,70,70,70,70,70,70,70,70,70,70,70,70,70,70,70,70],"card_choices":[{"not_picked":["PiercingWail","Acrobatics"],"picked":"Deadly Poison","floor":1},{"not_picked":["Quick Slash","Backflip","Skewer"],"picked":"SKIP","floor":7},{"not_picked":["Cloak And Dagger","Finisher"],"picked":"Leg Sweep","floor":8},{"not_picked":["PiercingWail","Acrobatics","Dagger Throw"],"picked":"SKIP","floor":10},{"not_picked":["PiercingWail","Dagger Throw"],"picked":"Venomology","floor":12},{"not_picked":["Eviscerate","Bane","Prepared"],"picked":"SKIP","floor":14},{"not_picked":["Envenom","Burst"],"picked":"Corpse Explosion","floor":16},{"not_picked":["Bane","Sucker Punch+1","Terror"],"picked":"SKIP","floor":18},{"not_picked":["Leg Sweep","Dagger Throw"],"picked":"Well Laid Plans+1","floor":22}],"player_experience":1328393,"relics_obtained":[{"floor":9,"key":"Omamori"}],"event_choices":[{"damage_healed":0,"gold_gain":0,"player_choice":"Ignored","damage_taken":0,"max_hp_gain":0,"max_hp_loss":0,"event_name":"Liars Game","floor":2,"gold_loss":0},{"damage_healed":0,"gold_gain":75,"player_choice":"Gather Gold","damage_taken":11,"max_hp_gain":0,"max_hp_loss":0,"event_name":"World of Goop","floor":3,"gold_loss":0},{"cards_removed":["Strike_G"],"damage_healed":0,"gold_gain":0,"player_choice":"Forget","damage_taken":0,"max_hp_gain":0,"max_hp_loss":0,"event_name":"Living Wall","floor":4,"gold_loss":0},{"damage_healed":0,"gold_gain":0,"player_choice":"Got Potions","damage_taken":0,"max_hp_gain":0,"max_hp_loss":0,"event_name":"Lab","floor":5,"gold_loss":0},{"damage_healed":0,"gold_gain":0,"player_choice":"Inject Mutagens","damage_taken":0,"relics_obtained":["MutagenicStrength"],"max_hp_gain":0,"max_hp_loss":0,"event_name":"Drug Dealer","floor":19,"gold_loss":0},{"damage_healed":0,"gold_gain":0,"player_choice":"Ignored","damage_taken":0,"max_hp_gain":0,"max_hp_loss":0,"event_name":"Vampires","floor":20,"gold_loss":0},{"damage_healed":0,"gold_gain":0,"player_choice":"Fight","damage_taken":0,"max_hp_gain":0,"max_hp_loss":0,"event_name":"Colosseum","floor":21,"gold_loss":0},{"damage_healed":0,"gold_gain":0,"player_choice":"Fled From Nobs","damage_taken":0,"max_hp_gain":0,"max_hp_loss":0,"event_name":"Colosseum","floor":21,"gold_loss":0},{"damage_healed":0,"gold_gain":0,"player_choice":"Opened","damage_taken":0,"relics_obtained":["Lantern"],"max_hp_gain":0,"max_hp_loss":0,"event_name":"The Mausoleum","floor":24,"gold_loss":0}],"is_beta":false,"boss_relics":[{"not_picked":["HoveringKite","Coffee Dripper"],"picked":"Snecko Eye"}],"items_purged_floors":[11],"is_endless":false,"potions_floor_spawned":[7,8,14,16,18,22],"killed_by":"Sentry and Sphere","ascension_level":5}