{"gold_per_floor":[116,132,207,207,207,236,236,249,273,290,307,324,336,354,354,449,749,765,482,496,496],"floor_reached":21,"playtime":1016,"items_purged":["Normality"],"score":294,"play_id":"1e7ecce9-aa98-47fd-86b8-78fb29e1328c","local_time":"20190406115031","is_ascension_mode":true,"campfire_choices":[{"data":"Zap","floor":7,"key":"SMITH"},{"floor":15,"key":"REST"}],"neow_cost":"NONE","seed_source_timestamp":127208390968348,"circlet_count":0,"master_deck":["Strike_B","Strike_B","Strike_B","Strike_B","Defend_B","Defend_B","Defend_B","Defend_B","Zap+1","Glacier","Conserve Battery","Conserve Battery","Capacitor","Streamline","Conserve Battery","Consume+1","Thunder Strike","Multi-Cast+1","Regret","Clumsy","Loop"],"relics":["Cracked Core","NeowsBlessing","Dream Catcher","Smiling Mask","Calling Bell","PreservedInsect","Cables","Old Coin","War Paint"],"potions_floor_usage":[11,16,16],"damage_taken":[{"damage":0,"enemies":"2 Louse","floor":1,"turns":1},{"damage":0,"enemies":"Small Slimes","floor":2,"turns":1},{"damage":0,"enemies":"Lagavulin","floor":6,"turns":1},{"damage":0,"enemies":"Jaw Worm","floor":8,"turns":6},{"damage":9,"enemies":"Large Slime","floor":10,"turns":6},{"damage":15,"enemies":"Lots of Slimes","floor":11,"turns":7},{"damage":0,"enemies":"Exordium Wildlife","floor":12,"turns":3},{"damage":4,"enemies":"3 Louse","floor":13,"turns":4},{"damage":10,"enemies":"Large Slime","floor":14,"turns":7},{"damage":42,"enemies":"Slime Boss","floor":16,"turns":10},{"damage":39,"enemies":"Spheric Guardian","floor":18,"turns":6},{"damage":2,"enemies":"Chosen","floor":20,"turns":10},{"damage":21,"enemies":"Snake Plant","floor":21,"turns":2}],"seed_played":"6130301821751264194","potions_obtained":[{"floor":1,"key":"Explosive Potion"},{"floor":2,"key":"Swift Potion"},{"floor":10,"key":"AttackPotion"},{"floor":11,"key":"Fruit Juice"},{"floor":20,"key":"SkillPotion"}],"is_trial":false,"path_per_floor":["M","M","?","?","?","E","R","M","T","M","M","M","M","M","R","B",null,"M","$","M","M"],"character_chosen":"DEFECT","items_purchased":["Loop","War Paint"],"campfire_rested":1,"item_purchase_floors":[19,19],"current_hp_per_floor":[68,68,57,57,57,57,57,57,57,48,38,38,34,24,48,6,62,23,23,21,0],"gold":496,"neow_bonus":"THREE_ENEMY_KILL","is_prod":false,"is_daily":false,"chose_seed":false,"campfire_upgraded":1,"win_rate":0,"timestamp":1554569431,"path_taken":["M","M","?","?","?","E","R","M","T","M","M","?","M","M","R","BOSS","M","$","M","M"],"build_version":"2019-01-23","purchased_purges":1,"victory":false,"max_hp_per_floor":[75,75,75,75,75,75,75,75,75,75,80,80,80,80,80,80,80,80,80,80,80],"card_choices":[{"not_picked":["Double Energy","Reinforced Body"],"picked":"Glacier","floor":1},{"not_picked":["Stack","Gash"],"picked":"Conserve Battery","floor":2},{"not_picked":["Sweeping Beam","Static Discharge"],"picked":"Conserve Battery","floor":6},{"not_picked":["Gash","Compile Driver"],"picked":"Capacitor","floor":8},{"not_picked":["Steam","Gash","Ball Lightning"],"picked":"SKIP","floor":10},{"not_picked":["Auto Shields","Hyperbeam"],"picked":"Streamline","floor":11},{"not_picked":["Ball Lightning","Barrage"],"picked":"Conserve Battery","floor":12},{"not_picked":["Hologram","Capacitor"],"picked":"Consume","floor":13},{"not_picked":["Beam Cell","Static Discharge","Force Field"],"picked":"SKIP","floor":14},{"not_picked":["Hologram","Ball Lightning"],"picked":"Thunder Strike","floor":15},{"not_picked":["Meteor Strike","Reboot"],"picked":"Multi-Cast","floor":16},{"not_picked":["Sweeping Beam","Go for the Eyes","Steam Power"],"picked":"SKIP","floor":18},{"not_picked":["Recycle","Stack","Hologram"],"picked":"SKIP","floor":20}],"player_experience":1807040,"relics_obtained":[{"floor":6,"key":"Dream Catcher"},{"floor":9,"key":"Smiling Mask"},{"floor":17,"key":"PreservedInsect"},{"floor":17,"key":"Cables"},{"floor":17,"key":"Old Coin"}],"event_choices":[{"damage_healed":0,"gold_gain":75,"player_choice":"Gather Gold","damage_taken":11,"max_hp_gain":0,"max_hp_loss":0,"event_name":"World of Goop","floor":3,"gold_loss":0},{"damage_healed":0,"gold_gain":0,"player_choice":"Ignored","damage_taken":0,"max_hp_gain":0,"max_hp_loss":0,"event_name":"Liars Game","floor":4,"gold_loss":0},{"cards_removed":["Dualcast"],"damage_healed":0,"gold_gain":0,"player_choice":"Forget","damage_taken":0,"max_hp_gain":0,"max_hp_loss":0,"event_name":"Living Wall","floor":5,"gold_loss":0}],"is_beta":false,"boss_relics":[{"not_picked":["Snecko Eye","Orrery"],"picked":"Calling Bell"}],"items_purged_floors":[19],"is_endless":false,"potions_floor_spawned":[1,2,10,11,20],"killed_by":"Snake Plant","ascension_level":8}