{"gold_per_floor":[117,67,81,81,100,100,133,58,58,73,73,73,73,83,83,186,186,197,211,121,141,141,141],"floor_reached":23,"playtime":6755,"items_purged":["Strike_B"],"score":306,"play_id":"8c671efe-d74f-4e7f-8906-51fd4ba2e0b5","local_time":"20190817191024","is_ascension_mode":true,"campfire_choices":[{"floor":6,"key":"REST"},{"floor":13,"key":"REST"},{"floor":15,"key":"REST"}],"neow_cost":"PERCENT_DAMAGE","seed_source_timestamp":315774001885700,"circlet_count":0,"master_deck":["AscendersBane","Defend_B","Defend_B","Defend_B+1","Defend_B","Zap","Tempest+1","Capacitor","Zap","Chill","Conserve Battery","Gash","Echo Form+1","Cold Snap"],"relics":["Cracked Core","Sundial","Lantern","Cursed Key","Enchiridion"],"potions_floor_usage":[3,16],"damage_taken":[{"damage":9,"enemies":"Jaw Worm","floor":1,"turns":5},{"damage":12,"enemies":"Small Slimes","floor":3,"turns":5},{"damage":0,"enemies":"Cultist","floor":5,"turns":5},{"damage":28,"enemies":"3 Sentries","floor":7,"turns":8},{"damage":0,"enemies":"Exordium Wildlife","floor":10,"turns":4},{"damage":5,"enemies":"2 Fungi Beasts","floor":14,"turns":4},{"damage":47,"enemies":"Slime Boss","floor":16,"turns":10},{"damage":10,"enemies":"Shell Parasite","floor":18,"turns":8},{"damage":6,"enemies":"Spheric Guardian","floor":19,"turns":4},{"damage":8,"enemies":"3 Cultists","floor":21,"turns":6},{"damage":30,"enemies":"Snake Plant","floor":23,"turns":3}],"seed_played":"7405632576320625700","potions_obtained":[{"floor":1,"key":"Regen Potion"},{"floor":10,"key":"SkillPotion"},{"floor":16,"key":"Energy Potion"}],"is_trial":false,"path_per_floor":["M","?","M","?","M","R","E","$","T","M","?","?","R","M","R","B",null,"M","M","?","M","?","M"],"character_chosen":"DEFECT","items_purchased":[],"campfire_rested":3,"item_purchase_floors":[],"current_hp_per_floor":[41,41,34,34,34,56,28,28,28,28,33,17,41,36,60,13,63,53,47,47,39,23,0],"gold":141,"neow_bonus":"TRANSFORM_TWO_CARDS","is_prod":false,"is_daily":false,"chose_seed":false,"campfire_upgraded":0,"win_rate":0,"timestamp":1566087024,"path_taken":["M","?","M","?","M","R","E","$","T","?","?","?","R","M","R","BOSS","M","M","?","?","?","M"],"build_version":"2019-07-17","purchased_purges":1,"victory":false,"max_hp_per_floor":[75,75,75,75,75,75,75,75,75,75,80,80,80,80,80,80,80,80,80,80,80,80,80],"card_choices":[{"not_picked":["Genetic Algorithm","Stack","Steam Power"],"picked":"SKIP","floor":1},{"not_picked":["Sweeping Beam","Rebound","Redo"],"picked":"SKIP","floor":3},{"not_picked":["Coolheaded","Rebound"],"picked":"Chill","floor":5},{"not_picked":["Turbo","Sunder"],"picked":"Conserve Battery","floor":7},{"not_picked":["Chaos","Skim","Coolheaded"],"picked":"SKIP","floor":10},{"not_picked":["Turbo","Blizzard"],"picked":"Gash","floor":14},{"not_picked":["Creative AI","Buffer"],"picked":"Echo Form","floor":16},{"not_picked":["Ball Lightning","Consume","Rebound"],"picked":"SKIP","floor":18},{"not_picked":["Sweeping Beam","Chaos"],"picked":"Cold Snap","floor":19},{"not_picked":["Reprogram","Steam","Force Field"],"picked":"SKIP","floor":21}],"player_experience":2843596,"relics_obtained":[{"floor":7,"key":"Sundial"},{"floor":9,"key":"Lantern"},{"floor":22,"key":"Enchiridion"}],"event_choices":[{"cards_removed":["Strike_B"],"damage_healed":0,"gold_gain":0,"player_choice":"Card Removal","damage_taken":0,"max_hp_gain":0,"max_hp_loss":0,"event_name":"The Cleric","floor":2,"gold_loss":50},{"damage_healed":0,"gold_gain":0,"player_choice":"1 cards matched","damage_taken":0,"max_hp_gain":0,"max_hp_loss":0,"event_name":"Match and Keep!","floor":4,"gold_loss":0,"cards_obtained":["Zap"]},{"damage_healed":0,"gold_gain":0,"player_choice":"Donut","damage_taken":0,"max_hp_gain":5,"max_hp_loss":0,"event_name":"Big Fish","floor":11,"gold_loss":0},{"damage_healed":0,"gold_gain":0,"player_choice":"Entered Light","damage_taken":16,"max_hp_gain":0,"max_hp_loss":0,"event_name":"Shining Light","floor":12,"gold_loss":0,"cards_upgraded":["Tempest","Defend_B"]},{"cards_removed":["Strike_B"],"damage_healed":0,"gold_gain":0,"player_choice":"Upgrade and Remove","damage_taken":0,"max_hp_gain":0,"max_hp_loss":0,"event_name":"Designer","floor":20,"gold_loss":90,"cards_upgraded":["Echo Form"]},{"damage_healed":0,"gold_gain":0,"player_choice":"Obtained Book","damage_taken":16,"max_hp_gain":0,"max_hp_loss":0,"event_name":"Cursed Tome","floor":22,"gold_loss":0}],"is_beta":false,"boss_relics":[{"not_picked":["Philosopher\u0027s Stone","Calling Bell"],"picked":"Cursed Key"}],"items_purged_floors":[8],"is_endless":false,"potions_floor_spawned":[1,10,16],"killed_by":"Snake Plant","ascension_level":12}