{"gold_per_floor":[216,316,35,54,54,54,87,87,110,131,149,163,207,207,207,333,333,324,18,18,42,42,75,75,94,121,121,136,136,101,139,139,267,267,286,286,309,309,332,332,345,61,61,79,79,140,140,153,153,153],"floor_reached":51,"playtime":7067,"items_purged":[],"score":770,"play_id":"57b91545-64da-4458-aed7-468d7ae22b04","local_time":"20190821143108","is_ascension_mode":false,"campfire_choices":[{"data":"Corruption","floor":6,"key":"SMITH"},{"data":"Rampage","floor":8,"key":"SMITH"},{"floor":15,"key":"REST"},{"data":"Armaments","floor":24,"key":"SMITH"},{"data":"Demon Form","floor":27,"key":"SMITH"},{"data":"Pommel Strike","floor":32,"key":"SMITH"},{"floor":40,"key":"REST"},{"floor":47,"key":"REST"},{"floor":49,"key":"REST"}],"neow_cost":"NONE","seed_source_timestamp":103449992232961,"circlet_count":0,"master_deck":["Strike_R","Strike_R","Strike_R","Strike_R","Defend_R","Defend_R","Defend_R","Defend_R","Bash","Corruption+1","Trip","Rampage+1","Pommel Strike+1","Pommel Strike","Anger","Spot Weakness","Flame Barrier","Feed","Armaments+1","Iron Wave","Ghostly Armor","Shrug It Off","Demon Form+1","Metallicize","Shrug It Off","Juggernaut+1","Anger","Iron Wave","Thunderclap+1","Heavy Blade","Barricade","Sadistic Nature","Shrug It Off","Shrug It Off+1"],"relics":["Burning Blood","Strange Spoon","Golden Idol","Meat on the Bone","Boot","Ice Cream","Velvet Choker","Champion Belt","Thread and Needle","Bag of Preparation","PreservedInsect","Potion Belt","Fusion Hammer","Omamori","Bottled Lightning","StoneCalendar"],"potions_floor_usage":[16,23,33,44,48,50,50,50],"damage_taken":[{"damage":5,"enemies":"2 Louse","floor":1,"turns":4},{"damage":1,"enemies":"Cultist","floor":4,"turns":4},{"damage":54,"enemies":"Gremlin Nob","floor":7,"turns":6},{"damage":6,"enemies":"Jaw Worm","floor":10,"turns":2},{"damage":11,"enemies":"Exordium Wildlife","floor":11,"turns":4},{"damage":1,"enemies":"2 Fungi Beasts","floor":12,"turns":3},{"damage":31,"enemies":"3 Sentries","floor":13,"turns":6},{"damage":41,"enemies":"Slime Boss","floor":16,"turns":10},{"damage":20,"enemies":"2 Thieves","floor":18,"turns":4},{"damage":1,"enemies":"Chosen","floor":21,"turns":3},{"damage":13,"enemies":"Gremlin Leader","floor":23,"turns":7},{"damage":3,"enemies":"Snake Plant","floor":25,"turns":4},{"damage":0,"enemies":"Shelled Parasite and Fungi","floor":28,"turns":4},{"damage":0,"enemies":"Book of Stabbing","floor":31,"turns":3},{"damage":24,"enemies":"Collector","floor":33,"turns":12},{"damage":0,"enemies":"Orb Walker","floor":35,"turns":3},{"damage":18,"enemies":"3 Shapes","floor":37,"turns":5},{"damage":8,"enemies":"Jaw Worm Horde","floor":39,"turns":4},{"damage":9,"enemies":"Transient","floor":41,"turns":5},{"damage":15,"enemies":"4 Shapes","floor":44,"turns":5},{"damage":20,"enemies":"2 Orb Walkers","floor":46,"turns":4},{"damage":49,"enemies":"Writhing Mass","floor":48,"turns":5},{"damage":50,"enemies":"Donu and Deca","floor":50,"turns":9}],"seed_played":"6947938529320819634","potions_obtained":[{"floor":4,"key":"Energy Potion"},{"floor":11,"key":"Block Potion"},{"floor":13,"key":"AttackPotion"},{"floor":21,"key":"SpeedPotion"},{"floor":31,"key":"Weak Potion"},{"floor":37,"key":"BloodPotion"},{"floor":41,"key":"FearPotion"},{"floor":46,"key":"SpeedPotion"},{"floor":48,"key":"Energy Potion"}],"is_trial":false,"path_per_floor":["M","?","$","M","?","R","E","R","T","M","M","M","E","?","R","B",null,"M","$","?","M","?","E","R","M","T","R","M","$","$","E","R","B",null,"M","?","M","?","M","R","M","$","T","M","?","?","R","M","R","B",null],"character_chosen":"IRONCLAD","items_purchased":["Strange Spoon","Trip","Champion Belt","Metallicize","Omamori","Block Potion","LiquidBronze"],"campfire_rested":4,"item_purchase_floors":[3,3,19,30,42,42,42],"current_hp_per_floor":[80,80,80,80,60,60,12,12,12,24,31,48,35,35,59,36,80,66,66,66,71,71,67,67,70,70,70,80,80,80,86,86,71,90,93,93,84,84,85,99,96,96,96,90,90,79,105,91,108,64],"gold":153,"neow_bonus":"HUNDRED_GOLD","is_prod":false,"is_daily":false,"chose_seed":false,"campfire_upgraded":5,"win_rate":0.0,"timestamp":1566394268,"path_taken":["M","?","?","M","?","R","E","R","T","?","M","M","E","?","R","BOSS","M","$","?","?","?","E","R","M","T","R","?","?","$","E","R","BOSS","M","?","?","?","?","R","M","$","T","?","?","?","R","M","R","BOSS"],"build_version":"2019-07-17","purchased_purges":0,"victory":true,"max_hp_per_floor":[80,80,80,80,80,80,80,80,80,80,80,80,80,80,80,80,80,80,80,80,80,80,83,83,83,83,83,87,87,87,87,87,90,90,93,93,96,96,99,99,99,99,99,102,102,105,105,108,108,108],"card_choices":[{"not_picked":["Sword Boomerang","Anger"],"picked":"Corruption","floor":1},{"not_picked":["Rupture","Sever Soul"],"picked":"Rampage","floor":4},{"not_picked":["Heavy Blade","Fire Breathing"],"picked":"Pommel Strike","floor":7},{"not_picked":["True Grit","Blood for Blood"],"picked":"Pommel Strike","floor":10},{"not_picked":["Body Slam","Clothesline"],"picked":"Anger","floor":11},{"not_picked":["Heavy Blade","Sword Boomerang"],"picked":"Spot Weakness","floor":12},{"not_picked":["Power Through","Flex"],"picked":"Flame Barrier","floor":13},{"not_picked":["Dark Embrace","Juggernaut"],"picked":"Feed","floor":16},{"not_picked":["Cleave","Ghostly Armor"],"picked":"Armaments","floor":18},{"not_picked":["Body Slam","Heavy Blade"],"picked":"Ghostly Armor","floor":21},{"not_picked":["Twin Strike","Perfected Strike"],"picked":"Shrug It Off","floor":23},{"not_picked":["Headbutt","Rampage+1"],"picked":"Demon Form","floor":25},{"not_picked":["Clothesline","True Grit","Carnage"],"picked":"SKIP","floor":28},{"not_picked":["Sword Boomerang","Feel No Pain+1"],"picked":"Shrug It Off","floor":31},{"not_picked":["Dark Embrace","Reaper"],"picked":"Juggernaut","floor":33},{"not_picked":["True Grit+1","Uppercut+1"],"picked":"Anger","floor":35},{"not_picked":["Heavy Blade+1","Clothesline"],"picked":"Iron Wave","floor":37},{"not_picked":["Inflame+1","Twin Strike+1"],"picked":"Thunderclap+1","floor":39},{"not_picked":["True Grit+1","Blood for Blood+1"],"picked":"Heavy Blade","floor":41},{"not_picked":["Thunderclap+1","Perfected Strike"],"picked":"Barricade","floor":44},{"not_picked":["Trip","Mind Blast"],"picked":"Sadistic Nature","floor":45},{"not_picked":["Searing Blow","Sword Boomerang"],"picked":"Shrug It Off","floor":46},{"not_picked":["Battle Trance","Clothesline"],"picked":"Shrug It Off+1","floor":48}],"player_experience":26942,"relics_obtained":[{"floor":7,"key":"Meat on the Bone"},{"floor":9,"key":"Boot"},{"floor":13,"key":"Ice Cream"},{"floor":23,"key":"Bag of Preparation"},{"floor":26,"key":"PreservedInsect"},{"floor":31,"key":"Potion Belt"},{"floor":43,"key":"Bottled Lightning"},{"floor":46,"key":"StoneCalendar"}],"event_choices":[{"damage_healed":0,"gold_gain":100,"player_choice":"Pray","damage_taken":0,"max_hp_gain":0,"max_hp_loss":0,"event_name":"Golden Shrine","floor":2,"gold_loss":0},{"damage_healed":0,"gold_gain":0,"player_choice":"Take Damage","damage_taken":20,"relics_obtained":["Golden Idol"],"max_hp_gain":0,"max_hp_loss":0,"event_name":"Golden Idol","floor":5,"gold_loss":0},{"damage_healed":0,"gold_gain":0,"player_choice":"Bought 0 Potions","damage_taken":0,"max_hp_gain":0,"max_hp_loss":0,"event_name":"The Woman in Blue","floor":14,"gold_loss":0},{"damage_healed":0,"gold_gain":0,"cards_transformed":["Strike_R"],"player_choice":"Transformed","damage_taken":0,"max_hp_gain":0,"max_hp_loss":0,"event_name":"Transmorgrifier","floor":20,"gold_loss":0,"cards_obtained":["Iron Wave"]},{"damage_healed":0,"gold_gain":0,"player_choice":"Gave Potion","damage_taken":0,"relics_obtained":["Thread and Needle"],"max_hp_gain":0,"max_hp_loss":0,"event_name":"WeMeetAgain","floor":22,"gold_loss":0},{"damage_healed":0,"gold_gain":0,"player_choice":"0 cards matched","damage_taken":0,"max_hp_gain":0,"max_hp_loss":0,"event_name":"Match and Keep!","floor":36,"gold_loss":0,"cards_obtained":[]},{"damage_healed":0,"gold_gain":0,"player_choice":"Forge","damage_taken":0,"max_hp_gain":0,"max_hp_loss":0,"event_name":"Accursed Blacksmith","floor":38,"gold_loss":0,"cards_upgraded":["Juggernaut"]},{"damage_healed":0,"gold_gain":0,"player_choice":"Memory 1","damage_taken":0,"max_hp_gain":0,"max_hp_loss":0,"event_name":"SensoryStone","floor":45,"gold_loss":0},{"damage_healed":0,"gold_gain":0,"player_choice":"Fight","damage_taken":0,"max_hp_gain":0,"max_hp_loss":0,"event_name":"Mysterious Sphere","floor":46,"gold_loss":0}],"is_beta":false,"boss_relics":[{"not_picked":["Runic Dome","Mark of Pain"],"picked":"Velvet Choker"},{"not_picked":["Busted Crown","Cursed Key"],"picked":"Fusion Hammer"}],"items_purged_floors":[],"is_endless":false,"potions_floor_spawned":[4,11,13,21,31,37,41,46,48],"ascension_level":0}