{"gold_per_floor":[369,444,29,42,42,42,76,90,90,105,125,143,143,143,143,245,245,258,70,70,50,60,60,60,75,98,198,216,216,232,252,252,357,357,367,383,65,81,81,81,81,81,81,81,92,106,124,143,143,143],"floor_reached":51,"playtime":3603,"items_purged":["Writhe","Strike_G","Blade Dance"],"score":626,"play_id":"256e5ec4-2c9f-4291-a82b-d253dcc02814","local_time":"20190829075344","is_ascension_mode":false,"campfire_choices":[{"data":"Neutralize","floor":6,"key":"SMITH"},{"floor":13,"key":"REST"},{"floor":15,"key":"REST"},{"data":"Catalyst","floor":23,"key":"SMITH"},{"floor":29,"key":"REST"},{"floor":32,"key":"REST"},{"data":"Apotheosis","floor":40,"key":"SMITH"},{"floor":42,"key":"REST"},{"floor":49,"key":"REST"}],"neow_cost":"CURSE","seed_source_timestamp":2533186544500,"circlet_count":0,"master_deck":["Survivor","Neutralize+1","Slice","Flash of Steel","Deadly Poison","Quick Slash","Acrobatics","Backflip","Quick Slash+1","Corpse Explosion","Catalyst+1","Poisoned Stab+1","Caltrops","Backstab+1","Bane+1","Writhe","Prepared+1","Terror+1","After Image","Unload+1","Slice+1","Unload+1","Acrobatics","Adrenaline","Deflect+1","Noxious Fumes","Apotheosis+1","Grand Finale+1"],"special_seed":0,"relics":["Ring of the Snake","TwistedFunnel","Molten Egg 2","Pantograph","Odd Mushroom","Empty Cage","Tough Bandages","Potion Belt","Pandora\u0027s Box","Mercury Hourglass","Regal Pillow"],"potions_floor_usage":[11,16,16,31,33,33,50,50],"damage_taken":[{"damage":1.0,"enemies":"2 Louse","floor":1.0,"turns":5.0},{"damage":0,"enemies":"Small Slimes","floor":4,"turns":2},{"damage":17,"enemies":"Gremlin Nob","floor":7,"turns":4},{"damage":0,"enemies":"Cultist","floor":8,"turns":2},{"damage":0,"enemies":"Looter","floor":10,"turns":2},{"damage":16,"enemies":"The Mushroom Lair","floor":11,"turns":3},{"damage":13,"enemies":"Large Slime","floor":12,"turns":5},{"damage":45,"enemies":"Hexaghost","floor":16,"turns":8},{"damage":3,"enemies":"Shell Parasite","floor":18,"turns":5},{"damage":20,"enemies":"Spheric Guardian","floor":22,"turns":5},{"damage":12,"enemies":"Centurion and Healer","floor":25,"turns":5},{"damage":21,"enemies":"Snake Plant","floor":28,"turns":2},{"damage":0,"enemies":"Chosen and Byrds","floor":30,"turns":4},{"damage":7,"enemies":"Centurion and Healer","floor":31,"turns":2},{"damage":61,"enemies":"Champ","floor":33,"turns":10},{"damage":2,"enemies":"3 Shapes","floor":35,"turns":4},{"damage":15,"enemies":"3 Darklings","floor":36,"turns":4},{"damage":1,"enemies":"Sphere and 2 Shapes","floor":38,"turns":3},{"damage":0,"enemies":"Maw","floor":45,"turns":5},{"damage":31,"enemies":"Spire Growth","floor":46,"turns":4},{"damage":17,"enemies":"Sphere and 2 Shapes","floor":47,"turns":5},{"damage":14,"enemies":"Writhing Mass","floor":48,"turns":4},{"damage":65,"enemies":"Awakened One","floor":50,"turns":12}],"seed_played":"3552253901570254872","potions_obtained":[{"floor":4,"key":"AttackPotion"},{"floor":5,"key":"LiquidBronze"},{"floor":5,"key":"FearPotion"},{"floor":7,"key":"Strength Potion"},{"floor":11,"key":"SneckoOil"},{"floor":18,"key":"SkillPotion"},{"floor":21,"key":"Energy Potion"},{"floor":28,"key":"Explosive Potion"},{"floor":35,"key":"GhostInAJar"},{"floor":48,"key":"FearPotion"}],"is_trial":false,"path_per_floor":["M","?","$","M","?","R","E","M","T","M","?","M","R","?","R","B",null,"M","$","?","?","M","R","?","M","T","?","M","R","M","M","R","B",null,"M","M","$","M","?","R","$","R","T","?","M","M","M","M","R","B",null],"character_chosen":"THE_SILENT","items_purchased":["TwistedFunnel","Flash of Steel","Deadly Poison","Poisoned Stab+1","Caltrops","Apotheosis"],"campfire_rested":6,"item_purchase_floors":[3,3,3,19,19,37],"current_hp_per_floor":[69,58,58,58,58,58,41,41,41,41,25,12,33,33,54,25,70,67,67,67,67,47,47,47,35,35,35,14,35,35,28,49,9,70,68,53,53,52,52,52,52,70,70,70,70,39,22,8,44,4],"gold":143,"neow_bonus":"TWO_FIFTY_GOLD","is_prod":false,"is_daily":false,"chose_seed":false,"campfire_upgraded":3,"win_rate":0,"timestamp":1567036424,"path_taken":["M","?","$","M","?","R","E","?","T","M","?","M","R","?","R","BOSS","M","$","?","?","?","R","?","M","T","?","M","R","M","M","R","BOSS","M","?","$","M","?","R","$","R","T","?","M","M","?","M","R","BOSS"],"build_version":"2019-07-17","purchased_purges":3,"victory":true,"max_hp_per_floor":[70,70,70,70,70,70,70,70,70,70,70,70,70,70,70,70,70,70,70,70,70,70,70,70,70,70,70,70,70,70,70,70,70,70,70,70,70,70,70,70,70,70,70,70,70,70,70,70,70,70],"card_choices":[{"not_picked":["Blade Dance","Underhanded Strike"],"picked":"Slice","floor":1.0},{"not_picked":["Underhanded Strike","Setup"],"picked":"Quick Slash","floor":4},{"not_picked":["Calculated Gamble","Blade Dance"],"picked":"Acrobatics","floor":7},{"not_picked":["Blade Dance","Cloak And Dagger"],"picked":"Backflip","floor":8},{"not_picked":["Masterful Stab+1","Tactician"],"picked":"Quick Slash+1","floor":10},{"not_picked":["Blur","Dodge and Roll"],"picked":"Corpse Explosion","floor":11},{"not_picked":["Prepared","Dagger Spray+1","Tactician"],"picked":"SKIP","floor":12},{"not_picked":["Slice+1","Poisoned Stab+1"],"picked":"Catalyst","floor":18},{"not_picked":["Tactician","Deflect"],"picked":"Bane+1","floor":22},{"not_picked":["Underhanded Strike+1","Riddle With Holes+1","Calculated Gamble"],"picked":"SKIP","floor":25},{"not_picked":["Sucker Punch+1","Dagger Throw+1","All Out Attack+1"],"picked":"SKIP","floor":28},{"not_picked":["Dagger Throw+1","Blur"],"picked":"Prepared+1","floor":30},{"not_picked":["Footwork","PiercingWail+1"],"picked":"Terror+1","floor":31},{"not_picked":["Endless Agony+1","Sucker Punch+1"],"picked":"Deflect+1","floor":35},{"not_picked":["Slice+1","Bouncing Flask+1"],"picked":"Noxious Fumes","floor":36},{"not_picked":["Outmaneuver+1","Cloak And Dagger+1","Flying Knee+1"],"picked":"SKIP","floor":38},{"not_picked":["Backflip","Skewer+1","Outmaneuver"],"picked":"SKIP","floor":45},{"not_picked":["Backflip","Skewer+1","Outmaneuver"],"picked":"SKIP","floor":45},{"not_picked":["Setup+1","Underhanded Strike+1"],"picked":"Grand Finale+1","floor":46},{"not_picked":["Acrobatics+1","Cloak And Dagger","Bane+1"],"picked":"SKIP","floor":47},{"not_picked":["Expertise","Quick Slash+1","PiercingWail"],"picked":"SKIP","floor":48}],"player_experience":239088,"relics_obtained":[{"floor":7,"key":"Molten Egg 2"},{"floor":9,"key":"Pantograph"},{"floor":11,"key":"Odd Mushroom"},{"floor":26,"key":"Potion Belt"},{"floor":43,"key":"Mercury Hourglass"}],"event_choices":[{"damage_healed":0.0,"max_hp_gain":0.0,"max_hp_loss":0.0,"gold_gain":75.0,"event_name":"World of Goop","player_choice":"Gather Gold","floor":2.0,"gold_loss":0.0,"damage_taken":11.0},{"damage_healed":0,"gold_gain":0,"player_choice":"Got Potions","damage_taken":0,"max_hp_gain":0,"max_hp_loss":0,"event_name":"Lab","floor":5,"gold_loss":0},{"damage_healed":0,"gold_gain":0,"player_choice":"Fought Mushrooms","damage_taken":0,"max_hp_gain":0,"max_hp_loss":0,"event_name":"Mushrooms","floor":11,"gold_loss":0},{"damage_healed":0,"gold_gain":0,"player_choice":"Ignored","damage_taken":0,"max_hp_gain":0,"max_hp_loss":0,"event_name":"Shining Light","floor":14,"gold_loss":0},{"damage_healed":0,"gold_gain":0,"player_choice":"Read","damage_taken":0,"max_hp_gain":0,"max_hp_loss":0,"event_name":"The Library","floor":20,"gold_loss":0,"cards_obtained":["Backstab"]},{"damage_healed":0,"gold_gain":0,"player_choice":"Bought 1 Potion","damage_taken":0,"max_hp_gain":0,"max_hp_loss":0,"event_name":"The Woman in Blue","floor":21,"gold_loss":0},{"damage_healed":0,"gold_gain":0,"player_choice":"Opened","damage_taken":0,"relics_obtained":["Tough Bandages"],"max_hp_gain":0,"max_hp_loss":0,"event_name":"The Mausoleum","floor":24,"gold_loss":0,"cards_obtained":["Writhe"]},{"damage_healed":0,"gold_gain":100,"player_choice":"Pray","damage_taken":0,"max_hp_gain":0,"max_hp_loss":0,"event_name":"Golden Shrine","floor":27,"gold_loss":0},{"damage_healed":0,"gold_gain":0,"player_choice":"Ignored","damage_taken":0,"max_hp_gain":0,"max_hp_loss":0,"event_name":"Mysterious Sphere","floor":39,"gold_loss":0},{"damage_healed":0,"gold_gain":0,"player_choice":"Gave Potion","damage_taken":0,"relics_obtained":["Regal Pillow"],"max_hp_gain":0,"max_hp_loss":0,"event_name":"WeMeetAgain","floor":44,"gold_loss":0}],"is_beta":false,"boss_relics":[{"not_picked":["Fusion Hammer","Velvet Choker"],"picked":"Empty Cage"},{"not_picked":["Orrery","Tiny House"],"picked":"Pandora\u0027s Box"}],"items_purged_floors":[3,19,37],"is_endless":false,"potions_floor_spawned":[4,7,11,12,18,28,35,48],"ascension_level":0}