{"gold_per_floor":[112,126,201,201,27,45,45,65,65,65,78,78,93,108,108,204,204,129,228,242,242],"floor_reached":21,"playtime":1139,"items_purged":[],"score":274,"play_id":"da7febe1-a140-41d9-96af-0ee758baf632","local_time":"20190806093322","is_ascension_mode":true,"campfire_choices":[{"floor":7,"key":"REST"},{"data":"Apotheosis","floor":10,"key":"SMITH"},{"data":"Shrug It Off","floor":12,"key":"SMITH"},{"data":"Shrug It Off","floor":15,"key":"SMITH"}],"neow_cost":"NONE","seed_source_timestamp":291049527335500,"circlet_count":0,"master_deck":["AscendersBane","Strike_R","Strike_R","Strike_R","Defend_R","Defend_R","Defend_R","Defend_R","Bash","Pommel Strike","Carnage","Apotheosis+1","Shrug It Off+1","Shrug It Off+1","Reaper","Juggernaut","Flame Barrier"],"relics":["Burning Blood","PreservedInsect","Singing Bowl","Empty Cage"],"potions_floor_usage":[16],"damage_taken":[{"damage":11,"enemies":"Small Slimes","floor":1,"turns":5},{"damage":16,"enemies":"Cultist","floor":2,"turns":4},{"damage":2,"enemies":"Jaw Worm","floor":6,"turns":4},{"damage":5,"enemies":"Large Slime","floor":8,"turns":7},{"damage":8,"enemies":"Exordium Wildlife","floor":11,"turns":4},{"damage":24,"enemies":"Lots of Slimes","floor":13,"turns":7},{"damage":0,"enemies":"Large Slime","floor":14,"turns":4},{"damage":64,"enemies":"The Guardian","floor":16,"turns":21},{"damage":17,"enemies":"2 Thieves","floor":18,"turns":5},{"damage":24,"enemies":"Spheric Guardian","floor":20,"turns":15},{"damage":48,"enemies":"3 Cultists","floor":21,"turns":6}],"seed_played":"-2939723379434870740","potions_obtained":[{"floor":1,"key":"Weak Potion"},{"floor":6,"key":"Dexterity Potion"}],"is_trial":false,"path_per_floor":["M","M","?","?","$","M","R","M","T","R","M","R","M","M","R","B",null,"M","?","M","M"],"character_chosen":"IRONCLAD","items_purchased":["Apotheosis"],"campfire_rested":1,"item_purchase_floors":[5],"current_hp_per_floor":[67,57,46,46,46,50,74,75,75,75,75,75,57,63,63,10,64,55,55,37,0],"gold":242,"neow_bonus":"RANDOM_COMMON_RELIC","is_prod":false,"is_daily":false,"chose_seed":false,"campfire_upgraded":3,"win_rate":0,"timestamp":1565102002,"path_taken":["M","M","?","?","$","M","R","?","T","R","M","R","M","M","R","BOSS","M","?","M","M"],"build_version":"2019-07-17","purchased_purges":0,"victory":false,"max_hp_per_floor":[80,80,80,80,80,80,80,80,80,80,82,82,82,82,82,82,82,84,84,84,84],"card_choices":[{"not_picked":["Carnage","Anger","Wild Strike"],"picked":"SKIP","floor":1},{"not_picked":["Twin Strike","Rage","Burning Pact"],"picked":"SKIP","floor":2},{"not_picked":["Perfected Strike","Havoc"],"picked":"Shrug It Off","floor":6},{"not_picked":["Hemokinesis","Perfected Strike","Second Wind"],"picked":"SKIP","floor":8},{"not_picked":["Rupture","True Grit","Clothesline"],"picked":"Singing Bowl","floor":11},{"not_picked":["Havoc","Blood for Blood"],"picked":"Shrug It Off","floor":13},{"not_picked":["Armaments","Pommel Strike"],"picked":"Reaper","floor":14},{"not_picked":["Dark Embrace","Bludgeon"],"picked":"Juggernaut","floor":16},{"not_picked":["Fire Breathing","Cleave","Second Wind"],"picked":"Singing Bowl","floor":18},{"not_picked":["Wild Strike+1","Clash"],"picked":"Flame Barrier","floor":20}],"player_experience":2701538,"relics_obtained":[{"floor":9,"key":"Singing Bowl"}],"event_choices":[{"damage_healed":0,"gold_gain":75,"player_choice":"Gather Gold","damage_taken":11,"max_hp_gain":0,"max_hp_loss":0,"event_name":"World of Goop","floor":3,"gold_loss":0},{"damage_healed":0,"gold_gain":0,"player_choice":"2 cards matched","damage_taken":0,"max_hp_gain":0,"max_hp_loss":0,"event_name":"Match and Keep!","floor":4,"gold_loss":0,"cards_obtained":["Pommel Strike","Carnage"]},{"damage_healed":0,"gold_gain":99,"player_choice":"Stole From Cult","damage_taken":0,"max_hp_gain":0,"max_hp_loss":0,"event_name":"Nest","floor":19,"gold_loss":0}],"is_beta":false,"boss_relics":[{"not_picked":["Runic Cube","Runic Dome"],"picked":"Empty Cage"}],"items_purged_floors":[],"is_endless":false,"potions_floor_spawned":[1,6,14],"killed_by":"3 Cultists","ascension_level":12}