{"gold_per_floor":[113,113,113,113,131,131,147,157,157,157,2,30,49,49],"floor_reached":14,"playtime":433,"items_purged":["Strike_B"],"score":128,"play_id":"30e1c3ca-cc0b-41e4-90f2-7af2bfeeaaa3","local_time":"20190818114252","is_ascension_mode":true,"campfire_choices":[{"floor":6,"key":"REST"},{"floor":10,"key":"REST"}],"neow_cost":"TEN_PERCENT_HP_LOSS","seed_source_timestamp":381653751163500,"circlet_count":0,"master_deck":["AscendersBane","Strike_B","Strike_B","Strike_B","Defend_B","Defend_B","Defend_B","Defend_B","Zap+1","Echo Form+1","Gash","Machine Learning","FTL","BootSequence"],"relics":["Cracked Core","Symbiotic Virus","Kunai","Odd Mushroom"],"potions_floor_usage":[14],"damage_taken":[{"damage":8,"enemies":"Small Slimes","floor":1,"turns":4},{"damage":12,"enemies":"Jaw Worm","floor":5,"turns":3},{"damage":1,"enemies":"Cultist","floor":7,"turns":3},{"damage":11,"enemies":"Exordium Wildlife","floor":8,"turns":3},{"damage":30,"enemies":"The Mushroom Lair","floor":12,"turns":4},{"damage":9,"enemies":"3 Louse","floor":13,"turns":3},{"damage":9,"enemies":"Lots of Slimes","floor":14,"turns":3}],"seed_played":"4710361058471380830","potions_obtained":[{"floor":5,"key":"EssenceOfSteel"},{"floor":12,"key":"Block Potion"}],"is_trial":false,"path_per_floor":["M","?","?","?","M","R","M","M","T","R","$","?","M","M"],"character_chosen":"DEFECT","items_purchased":["FTL"],"campfire_rested":2,"item_purchase_floors":[11],"current_hp_per_floor":[60,53,46,32,20,40,39,28,28,48,48,18,9,0],"gold":49,"neow_bonus":"THREE_RARE_CARDS","is_prod":false,"is_daily":false,"chose_seed":false,"campfire_upgraded":0,"win_rate":0,"timestamp":1566146572,"path_taken":["M","?","?","?","?","R","M","M","T","R","?","?","M","M"],"build_version":"2019-07-17","purchased_purges":1,"victory":false,"max_hp_per_floor":[68,68,68,68,68,68,68,68,68,68,68,68,68,68],"card_choices":[{"not_picked":["Seek","Meteor Strike"],"picked":"Echo Form","floor":0},{"not_picked":["Cold Snap","Compile Driver"],"picked":"Gash","floor":1},{"not_picked":["Ball Lightning","Darkness","Recycle"],"picked":"SKIP","floor":5},{"not_picked":["Sunder","Leap","Compile Driver"],"picked":"SKIP","floor":7},{"not_picked":["Coolheaded","Rip and Tear"],"picked":"Machine Learning","floor":8},{"not_picked":["Rebound","Scrape"],"picked":"BootSequence","floor":12},{"not_picked":["Beam Cell","Lockon","Redo"],"picked":"SKIP","floor":13}],"player_experience":2858259,"relics_obtained":[{"floor":9,"key":"Kunai"},{"floor":12,"key":"Odd Mushroom"}],"event_choices":[{"cards_removed":["Dualcast"],"damage_healed":0,"gold_gain":0,"player_choice":"Card Removal","damage_taken":7,"max_hp_gain":0,"max_hp_loss":0,"event_name":"Golden Wing","floor":2,"gold_loss":0},{"damage_healed":0,"gold_gain":0,"player_choice":"Success","damage_taken":7,"relics_obtained":["Symbiotic Virus"],"max_hp_gain":0,"max_hp_loss":0,"event_name":"Scrap Ooze","floor":3,"gold_loss":0},{"damage_healed":0,"gold_gain":0,"player_choice":"Entered Light","damage_taken":14,"max_hp_gain":0,"max_hp_loss":0,"event_name":"Shining Light","floor":4,"gold_loss":0,"cards_upgraded":["Echo Form","Zap"]},{"damage_healed":0,"gold_gain":0,"player_choice":"Fought Mushrooms","damage_taken":0,"max_hp_gain":0,"max_hp_loss":0,"event_name":"Mushrooms","floor":12,"gold_loss":0}],"is_beta":false,"boss_relics":[],"items_purged_floors":[11],"is_endless":false,"potions_floor_spawned":[5,12],"killed_by":"Lots of Slimes","ascension_level":12}