{"gold_per_floor":[115,115,135,135,147,147,160,235,260,260,260,185,203,222,222,222],"floor_reached":16,"playtime":856,"items_purged":["Strike_G"],"score":129,"play_id":"ed81bb29-afb9-4f6f-ba0f-86a2a43fa69e","local_time":"20190323094338","is_ascension_mode":true,"campfire_choices":[{"floor":6.0,"key":"REST"},{"data":"Bullet Time","floor":10.0,"key":"SMITH"},{"data":"Venomology","floor":15,"key":"SMITH"}],"neow_cost":"PERCENT_DAMAGE","seed_source_timestamp":0,"circlet_count":0,"master_deck":["Defend_G","Defend_G","Defend_G","Defend_G","Defend_G","Strike_G","Strike_G","Strike_G","Survivor","Neutralize","Bullet Time+1","Predator","Venomology+1","Deadly Poison","Footwork"],"special_seed":0,"relics":["Ring of the Snake","Regal Pillow","Oddly Smooth Stone"],"potions_floor_usage":[13,13,14,16,16,16,16],"damage_taken":[{"damage":0.0,"enemies":"Jaw Worm","floor":1.0,"turns":7.0},{"damage":0.0,"enemies":"Cultist","floor":3.0,"turns":3.0},{"damage":8.0,"enemies":"Small Slimes","floor":5.0,"turns":4.0},{"damage":0.0,"enemies":"3 Louse","floor":7.0,"turns":6.0},{"damage":0,"enemies":"Blue Slaver","floor":13,"turns":8},{"damage":0,"enemies":"2 Fungi Beasts","floor":14,"turns":4},{"damage":73,"enemies":"Hexaghost","floor":16,"turns":16}],"seed_played":"3234469052710461986","potions_obtained":[{"floor":1.0,"key":"EssenceOfSteel"},{"floor":7.0,"key":"Explosive Potion"},{"floor":13,"key":"Regen Potion"}],"is_trial":false,"path_per_floor":["M","?","M","?","M","R","M","?","T","R","?","$","M","M","R","B"],"character_chosen":"THE_SILENT","items_purchased":[],"campfire_rested":1,"item_purchase_floors":[],"current_hp_per_floor":[45,45,45,27,19,55,55,44,44,44,44,44,59,70,70,0],"gold":222,"neow_bonus":"THREE_RARE_CARDS","is_prod":false,"is_daily":false,"chose_seed":false,"campfire_upgraded":2,"win_rate":0,"timestamp":1553352218,"path_taken":["M","?","?","?","M","R","M","?","T","R","?","$","M","M","R","BOSS"],"build_version":"2019-01-23","purchased_purges":1,"victory":false,"max_hp_per_floor":[70,70,70,70,70,70,70,70,70,70,70,70,70,70,70,70],"card_choices":[{"not_picked":["Night Terror","Corpse Explosion"],"picked":"Bullet Time","floor":0.0},{"not_picked":["Dagger Spray","Flechettes"],"picked":"Predator","floor":1.0},{"not_picked":["Bane","Expertise","Dagger Spray"],"picked":"SKIP","floor":3.0},{"not_picked":["Endless Agony","PiercingWail"],"picked":"Venomology","floor":5.0},{"not_picked":["Setup","Backflip","Slice"],"picked":"SKIP","floor":7.0},{"not_picked":["Poisoned Stab","Bouncing Flask"],"picked":"Deadly Poison","floor":13},{"not_picked":["Backflip","Sucker Punch"],"picked":"Footwork","floor":14}],"player_experience":1718290,"relics_obtained":[{"floor":9.0,"key":"Oddly Smooth Stone"}],"event_choices":[{"damage_healed":0.0,"max_hp_gain":0.0,"max_hp_loss":0.0,"gold_gain":0.0,"event_name":"The Woman in Blue","player_choice":"Bought 0 Potions","floor":2.0,"gold_loss":0.0,"damage_taken":0.0},{"damage_healed":0.0,"max_hp_gain":0.0,"max_hp_loss":0.0,"gold_gain":0.0,"event_name":"Scrap Ooze","player_choice":"Success","floor":4.0,"gold_loss":0.0,"damage_taken":18.0,"relics_obtained":["Regal Pillow"]},{"damage_healed":0.0,"max_hp_gain":0.0,"max_hp_loss":0.0,"gold_gain":75.0,"event_name":"World of Goop","player_choice":"Gather Gold","floor":8.0,"gold_loss":0.0,"damage_taken":11.0},{"cards_removed":["Strike_G"],"damage_healed":0.0,"max_hp_gain":0.0,"max_hp_loss":0.0,"gold_gain":0.0,"event_name":"Living Wall","player_choice":"Forget","floor":11.0,"gold_loss":0.0,"damage_taken":0.0}],"is_beta":false,"boss_relics":[],"items_purged_floors":[12],"is_endless":false,"potions_floor_spawned":[1,7,13],"killed_by":"Hexaghost","ascension_level":8}