{"gold_per_floor":[114,189,204,219,219,219,234,234,284,299,314,314,379,394,394,494,494,509,524,107,107,107,107,107],"floor_reached":24,"playtime":827,"items_purged":[],"score":238,"play_id":"895564f3-3df5-41ff-84f8-23a453369962","local_time":"20190819153929","daily_mods":["Draft","Colorless Cards","Lethality"],"is_ascension_mode":false,"campfire_choices":[{"data":"Catalyst","floor":6,"key":"SMITH"},{"data":"Backstab","floor":15,"key":"SMITH"},{"data":"Backflip","floor":23,"key":"SMITH"}],"neow_cost":"","seed_source_timestamp":359032909430251,"circlet_count":0,"master_deck":["Flying Knee","Quick Slash","Distraction","Leg Sweep","Deflect","PiercingWail","Flying Knee","Catalyst+1","Cloak And Dagger","Dagger Throw","Deadly Poison","Poisoned Stab","Slice","Deadly Poison","Deadly Poison","Backstab+1","Bouncing Flask","Bouncing Flask+1","Backflip+1","Calculated Gamble","Bite","Bite","Bite","Bite","Bite"],"special_seed":18127,"relics":["Ring of the Snake","Snake Skull","HoveringKite","TwistedFunnel","Lantern"],"potions_floor_usage":[10,16,16],"damage_taken":[{"damage":0,"enemies":"Small Slimes","floor":1,"turns":2},{"damage":0,"enemies":"Cultist","floor":3,"turns":2},{"damage":8,"enemies":"Jaw Worm","floor":4,"turns":2},{"damage":0,"enemies":"3 Louse","floor":7,"turns":2},{"damage":0,"enemies":"Exordium Wildlife","floor":10,"turns":2},{"damage":6,"enemies":"Lots of Slimes","floor":11,"turns":2},{"damage":0,"enemies":"Large Slime","floor":14,"turns":2},{"damage":44,"enemies":"Hexaghost","floor":16,"turns":4},{"damage":27,"enemies":"2 Thieves","floor":18,"turns":3},{"damage":1,"enemies":"Chosen","floor":19,"turns":2},{"damage":52,"enemies":"Gremlin Leader","floor":24,"turns":2}],"seed_played":"-1712421257355705167","potions_obtained":[{"floor":3,"key":"Ancient Potion"},{"floor":4,"key":"Block Potion"},{"floor":11,"key":"Block Potion"},{"floor":14,"key":"Fire Potion"}],"is_trial":false,"path_per_floor":["M","?","M","M","?","R","M","$","T","M","M","?","?","M","R","B",null,"M","M","$","?","?","R","E"],"character_chosen":"THE_SILENT","items_purchased":["TwistedFunnel","Calculated Gamble","Lantern"],"campfire_rested":0,"item_purchase_floors":[20,20,20],"current_hp_per_floor":[70,59,59,51,70,70,70,70,70,70,64,64,64,64,64,20,70,43,42,42,42,42,42,0],"gold":107,"neow_bonus":"","is_prod":false,"is_daily":true,"chose_seed":false,"campfire_upgraded":3,"win_rate":0,"timestamp":1566243569,"path_taken":["M","?","M","M","?","R","?","$","T","M","M","?","?","M","R","BOSS","M","M","$","?","?","R","E"],"build_version":"2019-07-17","purchased_purges":0,"victory":false,"max_hp_per_floor":[70,70,70,70,70,70,70,70,70,70,70,70,70,70,70,70,70,70,70,70,70,49,49,49],"card_choices":[{"not_picked":["Slice","Expertise"],"picked":"Flying Knee","floor":0},{"not_picked":["Sucker Punch","All Out Attack"],"picked":"Quick Slash","floor":0},{"not_picked":["Expertise","Outmaneuver"],"picked":"Distraction","floor":0},{"not_picked":["Poisoned Stab","Deflect"],"picked":"Leg Sweep","floor":0},{"not_picked":["Outmaneuver","Backflip"],"picked":"Deflect","floor":0},{"not_picked":["Masterful Stab","Poisoned Stab"],"picked":"PiercingWail","floor":0},{"not_picked":["PiercingWail","Deflect"],"picked":"Flying Knee","floor":0},{"not_picked":["Blur","Quick Slash"],"picked":"Catalyst","floor":0},{"not_picked":["Dodge and Roll","Deflect"],"picked":"Cloak And Dagger","floor":0},{"not_picked":["Quick Slash","Deflect"],"picked":"Dagger Throw","floor":0},{"not_picked":["Quick Slash","Bane"],"picked":"Deadly Poison","floor":0},{"not_picked":["Underhanded Strike","Escape Plan"],"picked":"Poisoned Stab","floor":0},{"not_picked":["PiercingWail","Expertise"],"picked":"Slice","floor":0},{"not_picked":["Bane","Underhanded Strike"],"picked":"Deadly Poison","floor":0},{"not_picked":["Expertise","Deep Breath"],"picked":"Deadly Poison","floor":0},{"not_picked":["Blade Dance","Sucker Punch"],"picked":"Backstab","floor":1},{"not_picked":["Deadly Poison","Underhanded Strike","Sucker Punch"],"picked":"SKIP","floor":3},{"not_picked":["Underhanded Strike","Slice","Poisoned Stab"],"picked":"SKIP","floor":4},{"not_picked":["Prepared","Panacea"],"picked":"Bouncing Flask","floor":7},{"not_picked":["Acrobatics","Dagger Spray","Riddle With Holes"],"picked":"SKIP","floor":10},{"not_picked":["Leg Sweep","Calculated Gamble","Blur"],"picked":"SKIP","floor":11},{"not_picked":["Enlightenment","Dagger Throw","PiercingWail"],"picked":"SKIP","floor":14},{"not_picked":["Choke","Good Instincts+1"],"picked":"Bouncing Flask+1","floor":18},{"not_picked":["Quick Slash+1","Deflect"],"picked":"Backflip","floor":19}],"player_experience":137062,"relics_obtained":[{"floor":9,"key":"Snake Skull"}],"event_choices":[{"damage_healed":0,"gold_gain":75,"player_choice":"Gather Gold","damage_taken":11,"max_hp_gain":0,"max_hp_loss":0,"event_name":"World of Goop","floor":2,"gold_loss":0},{"damage_healed":19,"gold_gain":0,"player_choice":"Full Heal","damage_taken":0,"max_hp_gain":0,"max_hp_loss":0,"event_name":"Wheel of Change","floor":5,"gold_loss":0},{"damage_healed":0,"gold_gain":0,"player_choice":"Ignored","damage_taken":0,"max_hp_gain":0,"max_hp_loss":0,"event_name":"Liars Game","floor":12,"gold_loss":0},{"damage_healed":0,"gold_gain":65,"player_choice":"Gained Gold","damage_taken":0,"max_hp_gain":0,"max_hp_loss":0,"event_name":"Golden Wing","floor":13,"gold_loss":0},{"damage_healed":0,"gold_gain":0,"player_choice":"Simplicity","damage_taken":0,"max_hp_gain":0,"max_hp_loss":0,"event_name":"Back to Basics","floor":21,"gold_loss":0,"cards_upgraded":[]},{"damage_healed":0,"gold_gain":0,"player_choice":"Became a vampire","damage_taken":0,"max_hp_gain":0,"max_hp_loss":21,"event_name":"Vampires","floor":22,"gold_loss":0,"cards_obtained":["Bite","Bite","Bite","Bite","Bite"]}],"is_beta":false,"boss_relics":[{"not_picked":["Snecko Eye","Black Star"],"picked":"HoveringKite"}],"items_purged_floors":[],"is_endless":false,"potions_floor_spawned":[3,4,11,14],"killed_by":"Gremlin Leader","ascension_level":0}