{"gold_per_floor":[116,162,180,197,197,229,229,254,254,280,250,266,266],"floor_reached":13,"playtime":760,"items_purged":[],"score":165,"play_id":"50091c65-69f7-4ff0-aadb-39a47557b084","local_time":"20190808223636","is_ascension_mode":true,"campfire_choices":[{"floor":7,"key":"REST"}],"neow_cost":"NONE","seed_source_timestamp":511227579493300,"circlet_count":0,"master_deck":["AscendersBane","Strike_G","Strike_G","Strike_G","Strike_G","Strike_G","Defend_G","Defend_G","Defend_G","Defend_G","Defend_G","Survivor","Neutralize","Blur","Backstab","Noxious Fumes","Crippling Poison"],"relics":["Black Star","Happy Flower","Blue Candle","The Courier","PreservedInsect","Strawberry","Nunchaku","Bottled Lightning","Bag of Preparation","Smiling Mask"],"potions_floor_usage":[8],"damage_taken":[{"damage":0,"enemies":"Cultist","floor":1,"turns":6},{"damage":0,"enemies":"Small Slimes","floor":3,"turns":5},{"damage":2,"enemies":"2 Louse","floor":4,"turns":4},{"damage":22,"enemies":"3 Sentries","floor":6,"turns":16},{"damage":29,"enemies":"Lagavulin","floor":8,"turns":6},{"damage":20,"enemies":"3 Sentries","floor":10,"turns":8},{"damage":4,"enemies":"Looter","floor":11,"turns":4},{"damage":2,"enemies":"Red Slaver","floor":12,"turns":4},{"damage":20,"enemies":"Exordium Wildlife","floor":13,"turns":3}],"seed_played":"-6945860967475614284","potions_obtained":[{"floor":4,"key":"Dexterity Potion"},{"floor":6,"key":"Fire Potion"},{"floor":12,"key":"LiquidBronze"}],"is_trial":false,"path_per_floor":["M","T","M","M","?","E","R","E","T","E","M","M","M"],"character_chosen":"THE_SILENT","items_purchased":[],"campfire_rested":1,"item_purchase_floors":[],"current_hp_per_floor":[63,63,63,61,61,39,60,38,38,18,14,12,0],"gold":266,"neow_bonus":"BOSS_RELIC","is_prod":false,"is_daily":false,"chose_seed":false,"campfire_upgraded":0,"win_rate":0,"timestamp":1565321796,"path_taken":["M","?","M","M","?","E","R","E","T","E","M","?","M"],"build_version":"2019-07-17","purchased_purges":0,"victory":false,"max_hp_per_floor":[70,70,70,70,70,70,70,77,77,77,77,77,77],"card_choices":[{"not_picked":["Sucker Punch","PiercingWail"],"picked":"Blur","floor":1},{"not_picked":["Dagger Throw","Outmaneuver","Poisoned Stab"],"picked":"SKIP","floor":3},{"not_picked":["Infinite Blades","Dagger Spray"],"picked":"Backstab","floor":4},{"not_picked":["Deadly Poison","Blade Dance"],"picked":"Noxious Fumes","floor":6},{"not_picked":["Poisoned Stab","PiercingWail","Outmaneuver"],"picked":"SKIP","floor":8},{"not_picked":["Sucker Punch","Slice"],"picked":"Crippling Poison","floor":10},{"not_picked":["Die Die Die","Underhanded Strike","Outmaneuver"],"picked":"SKIP","floor":11},{"not_picked":["Predator","PiercingWail","Flying Knee"],"picked":"SKIP","floor":12}],"player_experience":2742256,"relics_obtained":[{"floor":2,"key":"Happy Flower"},{"floor":6,"key":"The Courier"},{"floor":6,"key":"PreservedInsect"},{"floor":8,"key":"Strawberry"},{"floor":8,"key":"Nunchaku"},{"floor":9,"key":"Bottled Lightning"},{"floor":10,"key":"Bag of Preparation"},{"floor":10,"key":"Smiling Mask"}],"event_choices":[{"damage_healed":0,"gold_gain":0,"player_choice":"Gave Potion","damage_taken":0,"relics_obtained":["Blue Candle"],"max_hp_gain":0,"max_hp_loss":0,"event_name":"WeMeetAgain","floor":5,"gold_loss":0}],"is_beta":false,"boss_relics":[],"items_purged_floors":[],"is_endless":false,"potions_floor_spawned":[4,6,12],"killed_by":"Exordium Wildlife","ascension_level":12}