{"gold_per_floor":[115,115,132,57,76,76,92,92,92,109,127,97,97,109,109,204,204,219,230,243,143,161,161,181,181,249,264,276,295,295],"floor_reached":30,"playtime":1940,"items_purged":["Strike_R","Strike_R"],"score":301,"play_id":"e432f6d4-0623-4f32-a743-42cd82948092","local_time":"20181227094203","is_ascension_mode":true,"campfire_choices":[{"data":"Uppercut","floor":6,"key":"SMITH"},{"data":"Disarm","floor":8,"key":"SMITH"},{"data":"Disarm","floor":13,"key":"SMITH"},{"data":"Bash","floor":15,"key":"SMITH"},{"floor":23,"key":"REST"},{"floor":25,"key":"REST"}],"neow_cost":"NONE","seed_source_timestamp":615549283925506,"circlet_count":0,"master_deck":["Strike_R","Strike_R","Defend_R","Defend_R","Defend_R","Defend_R","Bash+1","Uppercut+1","Disarm+1","Disarm+1","Feed","Uppercut"],"relics":["Burning Blood","Self Forming Clay","Sozu","Singing Bowl"],"potions_floor_usage":[16,16,16,20],"damage_taken":[{"damage":8,"enemies":"Small Slimes","floor":1,"turns":6},{"damage":1,"enemies":"Cultist","floor":3,"turns":3},{"damage":1,"enemies":"Jaw Worm","floor":5,"turns":6},{"damage":3,"enemies":"Looter","floor":7,"turns":5},{"damage":0,"enemies":"Blue Slaver","floor":10,"turns":7},{"damage":12,"enemies":"Large Slime","floor":11,"turns":8},{"damage":1,"enemies":"Looter","floor":12,"turns":4},{"damage":2,"enemies":"Blue Slaver","floor":14,"turns":5},{"damage":30,"enemies":"Hexaghost","floor":16,"turns":17},{"damage":0,"enemies":"3 Byrds","floor":18,"turns":7},{"damage":19,"enemies":"Chosen","floor":19,"turns":7},{"damage":57,"enemies":"Sentry and Sphere","floor":20,"turns":10},{"damage":4,"enemies":"Snake Plant","floor":22,"turns":6},{"damage":56,"enemies":"Cultist and Chosen","floor":24,"turns":13},{"damage":14,"enemies":"Shelled Parasite and Fungi","floor":27,"turns":10},{"damage":8,"enemies":"Snecko","floor":28,"turns":5},{"damage":19,"enemies":"Centurion and Healer","floor":29,"turns":12},{"damage":23,"enemies":"3 Cultists","floor":30,"turns":5}],"seed_played":"445662614562818866","potions_obtained":[{"floor":1,"key":"Swift Potion"},{"floor":10,"key":"FearPotion"},{"floor":14,"key":"Dexterity Potion"},{"floor":16,"key":"Regen Potion"}],"is_trial":false,"path_per_floor":["M","?","M","$","M","R","M","R","T","M","M","M","R","M","R","B",null,"M","M","M","$","M","R","M","R","T","M","M","M","M"],"character_chosen":"IRONCLAD","items_purchased":[],"campfire_rested":2,"item_purchase_floors":[],"current_hp_per_floor":[78,78,80,80,80,80,80,80,80,80,74,79,79,80,80,56,80,80,67,30,30,32,56,9,33,33,28,28,20,0],"gold":295,"neow_bonus":"REMOVE_CARD","is_prod":false,"is_daily":false,"chose_seed":false,"campfire_upgraded":4,"win_rate":0,"timestamp":1545925323,"path_taken":["M","?","M","$","M","R","M","R","T","?","M","M","R","M","R","BOSS","M","M","M","$","M","R","M","R","T","M","M","M","M"],"build_version":"2018-12-20","purchased_purges":2,"victory":false,"max_hp_per_floor":[80,80,80,80,80,80,80,80,80,80,80,80,80,80,80,80,80,80,80,80,80,80,80,83,83,83,86,88,93,96],"card_choices":[{"not_picked":["Bloodletting","Warcry","Headbutt"],"picked":"SKIP","floor":1},{"not_picked":["Combust","Feel No Pain","Seeing Red"],"picked":"SKIP","floor":3},{"not_picked":["Havoc","Perfected Strike"],"picked":"Uppercut","floor":5},{"not_picked":["Flex","Pommel Strike"],"picked":"Disarm","floor":7},{"not_picked":["Twin Strike","Exhume"],"picked":"Disarm","floor":10},{"not_picked":["Clothesline","Perfected Strike","Thunderclap"],"picked":"SKIP","floor":11},{"not_picked":["Body Slam","Juggernaut","Searing Blow"],"picked":"SKIP","floor":12},{"not_picked":["Spot Weakness","Headbutt","Searing Blow"],"picked":"SKIP","floor":14},{"not_picked":["Warcry+1","Pommel Strike","Dual Wield"],"picked":"SKIP","floor":18},{"not_picked":["Pommel Strike","Anger+1","Flex"],"picked":"SKIP","floor":19},{"not_picked":["Warcry","Inflame"],"picked":"Feed","floor":20},{"not_picked":["Perfected Strike+1","Headbutt","Seeing Red"],"picked":"SKIP","floor":22},{"not_picked":["Cleave","Twin Strike","Carnage"],"picked":"SKIP","floor":24},{"not_picked":["Carnage","Searing Blow"],"picked":"Uppercut","floor":27},{"not_picked":["Twin Strike+1","Havoc","Clash"],"picked":"Singing Bowl","floor":28},{"not_picked":["Exhume","True Grit","Warcry"],"picked":"Singing Bowl","floor":29}],"player_experience":914497,"relics_obtained":[{"floor":9,"key":"Self Forming Clay"},{"floor":26,"key":"Singing Bowl"}],"event_choices":[{"damage_healed":0,"gold_gain":0,"player_choice":"Bought 0 Potions","damage_taken":0,"max_hp_gain":0,"max_hp_loss":0,"event_name":"The Woman in Blue","floor":2,"gold_loss":0}],"is_beta":false,"boss_relics":[{"not_picked":["Empty Cage","White Beast Statue"],"picked":"Sozu"}],"items_purged_floors":[4,21],"is_endless":false,"potions_floor_spawned":[1,10,14,16,20,24,27],"killed_by":"3 Cultists","ascension_level":4}