{"gold_per_floor":[366,384,3,3,17,17,45,57,57,57,89,146,157,175,175,280,280,298,11,30,56,72,72,86,86,86,86,111,111,131,144,144,243,243,255,272,287,509,509,509,509,543,543,556,36,63,36,51,51,51],"floor_reached":51,"playtime":4890,"items_purged":["Strike_R","Strike_R"],"score":974,"play_id":"a8c109f4-cb3e-4936-9389-816e00566e1b","local_time":"20190821202550","is_ascension_mode":true,"campfire_choices":[{"data":"Bash","floor":6,"key":"SMITH"},{"floor":10,"key":"REST"},{"data":"Dark Embrace","floor":15,"key":"SMITH"},{"data":"Feel No Pain","floor":23,"key":"SMITH"},{"data":"Whirlwind","floor":25,"key":"SMITH"},{"data":"Entrench","floor":27,"key":"SMITH"},{"data":"Corruption","floor":29,"key":"SMITH"},{"data":"Body Slam","floor":32,"key":"SMITH"},{"data":"Shrug It Off","floor":40,"key":"SMITH"},{"floor":49,"key":"REST"}],"neow_cost":"PERCENT_DAMAGE","seed_source_timestamp":164139927037600,"circlet_count":0,"master_deck":["Strike_R","Strike_R","Strike_R","Defend_R","Defend_R","Defend_R","Defend_R","Bash+1","Combust","Cleave","Apotheosis+1","Corruption+1","Feel No Pain+1","Power Through","Rampage","Dark Embrace+1","Uppercut","Whirlwind+1","Immolate","Body Slam+1","Entrench+1","Sword Boomerang+1","Heavy Blade","Rage","Heavy Blade+1","Pommel Strike+1","Double Tap","Shrug It Off+1","Body Slam","Madness","Madness","Dramatic Entrance","Clothesline+1","Impervious","Inflame","Seeing Red+1"],"relics":["Burning Blood","Medical Kit","Centennial Puzzle","The Courier","Nunchaku","Anchor","Busted Crown","Brimstone","Red Mask","Ancient Tea Set","Omamori","Snecko Eye","FossilizedHelix","Magic Flower","Bottled Lightning","Bag of Marbles","Boot"],"potions_floor_usage":[7,11,28,33,33,33,33,42,50,50],"damage_taken":[{"damage":0,"enemies":"2 Louse","floor":1,"turns":3},{"damage":1,"enemies":"Cultist","floor":2,"turns":4},{"damage":0,"enemies":"Small Slimes","floor":5,"turns":3},{"damage":19,"enemies":"3 Sentries","floor":7,"turns":5},{"damage":11,"enemies":"Looter","floor":8,"turns":4},{"damage":14,"enemies":"Lagavulin","floor":11,"turns":7},{"damage":33,"enemies":"Lagavulin Event","floor":12,"turns":8},{"damage":17,"enemies":"Exordium Wildlife","floor":13,"turns":4},{"damage":0,"enemies":"Blue Slaver","floor":14,"turns":2},{"damage":30,"enemies":"Hexaghost","floor":16,"turns":12},{"damage":3,"enemies":"Chosen","floor":18,"turns":5},{"damage":0,"enemies":"2 Thieves","floor":20,"turns":3},{"damage":0,"enemies":"Masked Bandits","floor":21,"turns":3},{"damage":0,"enemies":"Snake Plant","floor":22,"turns":2},{"damage":0,"enemies":"Centurion and Healer","floor":24,"turns":3},{"damage":10,"enemies":"Book of Stabbing","floor":28,"turns":4},{"damage":12,"enemies":"Snecko","floor":30,"turns":3},{"damage":0,"enemies":"3 Cultists","floor":31,"turns":3},{"damage":9,"enemies":"Champ","floor":33,"turns":7},{"damage":0,"enemies":"Orb Walker","floor":35,"turns":2},{"damage":1,"enemies":"3 Darklings","floor":36,"turns":2},{"damage":0,"enemies":"Spire Growth","floor":37,"turns":2},{"damage":16,"enemies":"Nemesis","floor":42,"turns":5},{"damage":0,"enemies":"4 Shapes","floor":44,"turns":1},{"damage":0,"enemies":"Giant Head","floor":46,"turns":6},{"damage":19,"enemies":"Maw","floor":48,"turns":5},{"damage":18,"enemies":"Donu and Deca","floor":50,"turns":5}],"seed_played":"-4359565135367192945","potions_obtained":[{"floor":1,"key":"Poison Potion"},{"floor":2,"key":"AttackPotion"},{"floor":11,"key":"SteroidPotion"},{"floor":14,"key":"Swift Potion"},{"floor":18,"key":"Strength Potion"},{"floor":20,"key":"Fire Potion"},{"floor":30,"key":"EntropicBrew"},{"floor":33,"key":"SteroidPotion"},{"floor":36,"key":"Strength Potion"},{"floor":42,"key":"EssenceOfSteel"},{"floor":44,"key":"Strength Potion"}],"is_trial":false,"path_per_floor":["M","M","$","?","M","R","E","M","T","R","E","?","M","M","R","B",null,"M","$","M","?","M","R","M","R","T","R","E","R","M","M","R","B",null,"M","M","M","?","?","R","?","E","T","M","$","E","$","M","R","B",null],"character_chosen":"IRONCLAD","items_purchased":["Apotheosis","Medical Kit","Brimstone","Entrench","Bottled Lightning","Impervious","Bag of Marbles","Inflame"],"campfire_rested":2,"item_purchase_floors":[3,3,19,19,45,45,45,47],"current_hp_per_floor":[62,67,67,67,73,73,60,55,55,79,71,44,33,39,39,15,64,67,67,73,79,80,80,80,80,80,80,76,76,70,76,76,73,78,80,80,80,80,70,70,70,60,60,69,69,78,78,68,80,71],"gold":51,"neow_bonus":"TWO_FIFTY_GOLD","is_prod":false,"is_daily":false,"chose_seed":false,"campfire_upgraded":8,"win_rate":0,"timestamp":1566386750,"path_taken":["M","M","$","?","?","R","E","M","T","R","E","?","M","M","R","BOSS","M","$","M","?","M","R","M","R","T","R","E","R","M","M","R","BOSS","M","M","M","?","?","R","?","E","T","M","$","E","?","M","R","BOSS"],"build_version":"2019-07-17","purchased_purges":2,"victory":true,"max_hp_per_floor":[80,80,80,80,80,80,80,80,80,80,80,80,80,80,80,80,80,80,80,80,80,80,80,80,80,80,80,80,80,80,80,80,80,80,80,80,80,80,80,80,80,80,80,80,80,80,80,80,80,80],"card_choices":[{"not_picked":["Fire Breathing","Pommel Strike"],"picked":"Combust","floor":1},{"not_picked":["Pommel Strike","Clash"],"picked":"Cleave","floor":2},{"not_picked":["True Grit","Carnage"],"picked":"Corruption","floor":5},{"not_picked":["Reckless Charge","Flex"],"picked":"Feel No Pain","floor":7},{"not_picked":["Cleave","Ghostly Armor"],"picked":"Power Through","floor":8},{"not_picked":["Clash","Second Wind"],"picked":"Rampage","floor":11},{"not_picked":["Havoc","Rupture"],"picked":"Dark Embrace","floor":12},{"not_picked":["Blood for Blood","Clothesline"],"picked":"Uppercut","floor":13},{"not_picked":["Uppercut","Body Slam"],"picked":"Whirlwind","floor":14},{"not_picked":["Limit Break","Dark Embrace"],"picked":"Immolate","floor":16},{"not_picked":[],"picked":"Body Slam","floor":18},{"not_picked":["Flex"],"picked":"SKIP","floor":20},{"not_picked":[],"picked":"Sword Boomerang+1","floor":21},{"not_picked":[],"picked":"Heavy Blade","floor":22},{"not_picked":[],"picked":"Rage","floor":24},{"not_picked":["Pommel Strike"],"picked":"SKIP","floor":28},{"not_picked":[],"picked":"Heavy Blade+1","floor":30},{"not_picked":[],"picked":"Pommel Strike+1","floor":31},{"not_picked":[],"picked":"Double Tap","floor":33},{"not_picked":[],"picked":"Shrug It Off","floor":35},{"not_picked":[],"picked":"Body Slam","floor":36},{"not_picked":["Twin Strike+1"],"picked":"SKIP","floor":37},{"not_picked":[],"picked":"Dramatic Entrance","floor":41},{"not_picked":[],"picked":"Clothesline+1","floor":42},{"not_picked":["Twin Strike+1"],"picked":"SKIP","floor":44},{"not_picked":["Iron Wave"],"picked":"SKIP","floor":46},{"not_picked":[],"picked":"Seeing Red+1","floor":48}],"player_experience":387056,"relics_obtained":[{"floor":7,"key":"Centennial Puzzle"},{"floor":9,"key":"The Courier"},{"floor":11,"key":"Nunchaku"},{"floor":12,"key":"Anchor"},{"floor":21,"key":"Red Mask"},{"floor":26,"key":"Ancient Tea Set"},{"floor":28,"key":"Omamori"},{"floor":42,"key":"FossilizedHelix"},{"floor":43,"key":"Magic Flower"},{"floor":46,"key":"Boot"}],"event_choices":[{"damage_healed":0,"gold_gain":0,"player_choice":"Upgraded","damage_taken":0,"max_hp_gain":0,"max_hp_loss":0,"event_name":"Upgrade Shrine","floor":4,"gold_loss":0,"cards_upgraded":["Apotheosis"]},{"damage_healed":0,"gold_gain":0,"player_choice":"Searched \u00272\u0027 times","damage_taken":0,"max_hp_gain":0,"max_hp_loss":0,"event_name":"Dead Adventurer","floor":12,"gold_loss":0},{"damage_healed":0,"gold_gain":0,"player_choice":"Fought Bandits","damage_taken":0,"max_hp_gain":0,"max_hp_loss":0,"event_name":"Masked Bandits","floor":21,"gold_loss":0},{"damage_healed":0,"gold_gain":222,"player_choice":"Wore Mask","damage_taken":0,"max_hp_gain":0,"max_hp_loss":0,"event_name":"Tomb of Lord Red Mask","floor":38,"gold_loss":0},{"damage_healed":0,"gold_gain":0,"player_choice":"Embrace Madness","damage_taken":10,"max_hp_gain":0,"max_hp_loss":0,"event_name":"Winding Halls","floor":39,"gold_loss":0,"cards_obtained":["Madness","Madness"]},{"damage_healed":0,"gold_gain":0,"player_choice":"Memory 1","damage_taken":0,"max_hp_gain":0,"max_hp_loss":0,"event_name":"SensoryStone","floor":41,"gold_loss":0}],"is_beta":false,"boss_relics":[{"not_picked":["Astrolabe","Runic Dome"],"picked":"Busted Crown"},{"not_picked":["Cursed Key","Tiny House"],"picked":"Snecko Eye"}],"items_purged_floors":[19,45],"is_endless":false,"potions_floor_spawned":[1,2,11,14,18,20,30,31,33,35,36,42,44],"ascension_level":5}