{"gold_per_floor":[114,64,77,93,93,93,105,105,105,105,125,50,50,50,50,152,152,171,191,91,110,30,30,49,61,137,137,137,149,149,160,160,263,263,280,155,171,171,191,191,207,207,207,0,0,19,38,56,56,56],"floor_reached":50,"playtime":6926,"items_purged":["Strike_B","Strike_B","Defend_B"],"score":657,"play_id":"e2424fae-8904-4495-8126-c69e52699d61","local_time":"20190727140736","is_ascension_mode":true,"campfire_choices":[{"floor":6,"key":"REST"},{"data":"Zap","floor":8,"key":"SMITH"},{"floor":15,"key":"REST"},{"data":"Defragment","floor":23,"key":"SMITH"},{"floor":30,"key":"REST"},{"data":"Defragment","floor":32,"key":"SMITH"},{"data":"Glacier","floor":40,"key":"SMITH"},{"floor":42,"key":"RECALL"},{"data":"Buffer","floor":45,"key":"SMITH"},{"floor":49,"key":"REST"}],"neow_cost":"NONE","seed_source_timestamp":1339096935118974,"circlet_count":0,"master_deck":["AscendersBane","Defend_B","Zap+1","Capacitor","Self Repair","Glacier+1","Self Repair","Buffer+1","Capacitor","Defragment+1","Defragment+1","FTL","Reinforced Body+1","FTL","Genetic Algorithm","Reprogram","Core Surge","Heatsinks","Loop","All For One","Steam","BootSequence+1","Loop"],"relics":["Cracked Core","Letter Opener","Shuriken","Lantern","Orrery","Darkstone Periapt","Sozu","Red Mask"],"potions_floor_usage":[16,33,33,33],"damage_taken":[{"damage":5,"enemies":"2 Louse","floor":1,"turns":5},{"damage":4,"enemies":"Small Slimes","floor":3,"turns":4},{"damage":13,"enemies":"Cultist","floor":4,"turns":6},{"damage":6,"enemies":"Large Slime","floor":7,"turns":7},{"damage":25,"enemies":"Lots of Slimes","floor":11,"turns":5},{"damage":22,"enemies":"The Guardian","floor":16,"turns":17},{"damage":15,"enemies":"Spheric Guardian","floor":18,"turns":8},{"damage":15,"enemies":"Shell Parasite","floor":19,"turns":8},{"damage":12,"enemies":"Snecko","floor":21,"turns":8},{"damage":9,"enemies":"Chosen and Byrds","floor":24,"turns":10},{"damage":22,"enemies":"Snake Plant","floor":25,"turns":6},{"damage":40,"enemies":"Shelled Parasite and Fungi","floor":29,"turns":8},{"damage":12,"enemies":"Centurion and Healer","floor":31,"turns":10},{"damage":56,"enemies":"Automaton","floor":33,"turns":9},{"damage":45,"enemies":"3 Darklings","floor":35,"turns":7},{"damage":14,"enemies":"Orb Walker","floor":37,"turns":4},{"damage":18,"enemies":"Spire Growth","floor":39,"turns":8},{"damage":9,"enemies":"Writhing Mass","floor":41,"turns":8},{"damage":0,"enemies":"Transient","floor":46,"turns":5},{"damage":28,"enemies":"Sphere and 2 Shapes","floor":47,"turns":7},{"damage":16,"enemies":"4 Shapes","floor":48,"turns":5},{"damage":73,"enemies":"Time Eater","floor":50,"turns":10}],"seed_played":"5146425975485585891","potions_obtained":[{"floor":1,"key":"Dexterity Potion"},{"floor":11,"key":"Explosive Potion"},{"floor":16,"key":"FocusPotion"},{"floor":18,"key":"FocusPotion"},{"floor":25,"key":"Dexterity Potion"}],"is_trial":false,"path_per_floor":["M","?","M","M","?","R","M","R","T","?","M","$","?","?","R","B",null,"M","M","$","M","$","R","M","M","T","?","?","M","R","M","R","B",null,"M","$","M","?","M","R","M","R","T","?","R","M","M","M","R","B"],"character_chosen":"DEFECT","items_purchased":["FTL"],"campfire_rested":4,"item_purchase_floors":[22],"current_hp_per_floor":[63,63,66,60,53,75,75,75,75,75,57,57,50,50,72,64,72,71,70,70,72,72,72,75,67,67,67,67,41,63,65,65,23,62,31,31,31,66,62,62,66,66,66,66,66,66,52,50,66,0],"gold":56,"neow_bonus":"TRANSFORM_CARD","is_prod":false,"is_daily":false,"chose_seed":false,"campfire_upgraded":5,"win_rate":0,"timestamp":1564254456,"path_taken":["M","?","M","M","?","R","M","R","T","?","M","$","?","?","R","BOSS","M","M","$","M","$","R","M","M","T","?","?","?","R","M","R","BOSS","M","$","M","?","M","R","M","R","T","?","R","M","M","M","R","BOSS"],"build_version":"2019-07-17","purchased_purges":3,"victory":false,"max_hp_per_floor":[75,75,75,75,75,75,75,75,75,75,75,75,75,75,75,75,75,75,75,75,75,75,75,75,75,75,75,75,75,75,75,75,75,75,75,75,75,66,66,66,66,66,66,66,66,66,66,66,66,66],"card_choices":[{"not_picked":["Rip and Tear","Compile Driver"],"picked":"Self Repair","floor":1},{"not_picked":["Go for the Eyes","Turbo","Skim"],"picked":"SKIP","floor":3},{"not_picked":["Sweeping Beam","Barrage"],"picked":"Glacier","floor":4},{"not_picked":["Sweeping Beam","Conserve Battery","Stack"],"picked":"SKIP","floor":7},{"not_picked":["Coolheaded","Hologram"],"picked":"Self Repair","floor":11},{"not_picked":["Hyperbeam","Amplify"],"picked":"Buffer","floor":16},{"not_picked":["Static Discharge","Stack"],"picked":"Capacitor","floor":17},{"not_picked":["Barrage","Force Field"],"picked":"Defragment","floor":17},{"not_picked":["Aggregate","Reinforced Body"],"picked":"Defragment","floor":18},{"not_picked":["Fusion+1","Rip and Tear","Sweeping Beam"],"picked":"SKIP","floor":19},{"not_picked":["Beam Cell","Redo","Rainbow"],"picked":"SKIP","floor":21},{"not_picked":["Coolheaded","Compile Driver"],"picked":"Reinforced Body+1","floor":24},{"not_picked":["Force Field+1","Lockon"],"picked":"FTL","floor":25},{"not_picked":["Steam","Blizzard"],"picked":"Heatsinks","floor":29},{"not_picked":["Stack","Rebound"],"picked":"Loop","floor":31},{"not_picked":["Creative AI","Rainbow"],"picked":"All For One","floor":33},{"not_picked":["Compile Driver+1","White Noise","Undo+1"],"picked":"SKIP","floor":35},{"not_picked":["Sunder","Stack"],"picked":"Steam","floor":37},{"not_picked":["Darkness+1","Steam+1"],"picked":"BootSequence+1","floor":39},{"not_picked":["Rip and Tear","Barrage","Go for the Eyes"],"picked":"SKIP","floor":41},{"not_picked":["Hello World+1","Double Energy","Gash+1"],"picked":"SKIP","floor":46},{"not_picked":["Seek","Lockon"],"picked":"Loop","floor":47},{"not_picked":["Redo","Stack","White Noise"],"picked":"SKIP","floor":48}],"player_experience":2522618,"relics_obtained":[{"floor":9,"key":"Letter Opener"},{"floor":26,"key":"Darkstone Periapt"}],"event_choices":[{"cards_removed":["Strike_B"],"damage_healed":0,"gold_gain":0,"player_choice":"Card Removal","damage_taken":0,"max_hp_gain":0,"max_hp_loss":0,"event_name":"The Cleric","floor":2,"gold_loss":50},{"cards_removed":["Strike_B"],"damage_healed":0,"gold_gain":0,"player_choice":"Card Removal","damage_taken":7,"max_hp_gain":0,"max_hp_loss":0,"event_name":"Golden Wing","floor":5,"gold_loss":0},{"damage_healed":0,"gold_gain":0,"player_choice":"Searched \u00271\u0027 times","damage_taken":0,"relics_obtained":["Shuriken"],"max_hp_gain":0,"max_hp_loss":0,"event_name":"Dead Adventurer","floor":10,"gold_loss":0},{"damage_healed":0,"gold_gain":0,"player_choice":"Success","damage_taken":7,"relics_obtained":["Lantern"],"max_hp_gain":0,"max_hp_loss":0,"event_name":"Scrap Ooze","floor":13,"gold_loss":0},{"damage_healed":0,"gold_gain":0,"player_choice":"Bought 0 Potions","damage_taken":0,"max_hp_gain":0,"max_hp_loss":0,"event_name":"The Woman in Blue","floor":14,"gold_loss":0},{"damage_healed":0,"gold_gain":0,"cards_transformed":["Defend_B","Defend_B"],"player_choice":"Became Test Subject","damage_taken":0,"max_hp_gain":0,"max_hp_loss":0,"event_name":"Drug Dealer","floor":27,"gold_loss":0,"cards_obtained":["Genetic Algorithm","Reprogram"]},{"damage_healed":0,"gold_gain":0,"player_choice":"1 cards matched","damage_taken":0,"max_hp_gain":0,"max_hp_loss":0,"event_name":"Match and Keep!","floor":28,"gold_loss":0,"cards_obtained":["Core Surge"]},{"damage_healed":66,"gold_gain":0,"player_choice":"Heal","damage_taken":0,"max_hp_gain":0,"max_hp_loss":9,"event_name":"The Moai Head","floor":38,"gold_loss":0},{"damage_healed":0,"gold_gain":0,"player_choice":"Paid","damage_taken":0,"relics_obtained":["Red Mask"],"max_hp_gain":0,"max_hp_loss":0,"event_name":"Tomb of Lord Red Mask","floor":44,"gold_loss":207}],"is_beta":false,"boss_relics":[{"not_picked":["Velvet Choker","Runic Dome"],"picked":"Orrery"},{"not_picked":["Tiny House","Lizard Tail"],"picked":"Sozu"}],"items_purged_floors":[12,20,36],"is_endless":false,"potions_floor_spawned":[1,11,16,18,21,24,25,35,39,48],"killed_by":"Time Eater","ascension_level":10}