{"gold_per_floor":[110,110,110,128,141,141,1,29,29,29,48,48,48,48,48,153,153,166,76,60,79,99,99,109,109],"floor_reached":25,"playtime":1728,"items_purged":[],"score":294,"play_id":"83b6fd7d-9657-4ad4-8af1-3c6056a1f38a","local_time":"20190704153008","is_ascension_mode":true,"campfire_choices":[{"floor":6,"key":"REST"},{"floor":10,"key":"REST"},{"floor":13,"key":"REST"},{"floor":15,"key":"REST"}],"neow_cost":"NONE","seed_source_timestamp":735436711690185,"circlet_count":0,"master_deck":["Strike_R","Strike_R","Strike_R","Strike_R","Defend_R","Defend_R","Defend_R","Defend_R","Bash","Body Slam","Barricade","Armaments","Shrug It Off","Demon Form","Armaments+1","Body Slam","Berserk","Body Slam"],"relics":["Runic Pyramid","Kunai","Bag of Preparation","Letter Opener","Lizard Tail"],"potions_floor_usage":[16,16,22,22,24],"damage_taken":[{"damage":14,"enemies":"Small Slimes","floor":1,"turns":6},{"damage":7,"enemies":"Jaw Worm","floor":4,"turns":6},{"damage":0,"enemies":"2 Louse","floor":5,"turns":3},{"damage":56,"enemies":"Gremlin Nob","floor":8,"turns":5},{"damage":10,"enemies":"Red Slaver","floor":11,"turns":8},{"damage":14,"enemies":"Hexaghost","floor":16,"turns":11},{"damage":46,"enemies":"Shell Parasite","floor":18,"turns":16},{"damage":17,"enemies":"2 Thieves","floor":20,"turns":5},{"damage":11,"enemies":"Shelled Parasite and Fungi","floor":21,"turns":15},{"damage":6,"enemies":"Snake Plant","floor":22,"turns":3},{"damage":29,"enemies":"3 Cultists","floor":24,"turns":7},{"damage":25,"enemies":"Centurion and Healer","floor":25,"turns":2}],"seed_played":"-1319713019332172764","potions_obtained":[{"floor":1,"key":"Dexterity Potion"},{"floor":8,"key":"Energy Potion"},{"floor":20,"key":"PowerPotion"},{"floor":21,"key":"GamblersBrew"},{"floor":22,"key":"AttackPotion"}],"is_trial":false,"path_per_floor":["M","?","?","M","M","R","$","E","T","R","M","?","R","$","R","B",null,"M","?","M","M","M","?","M","M"],"character_chosen":"IRONCLAD","items_purchased":["Barricade"],"campfire_rested":4,"item_purchase_floors":[7],"current_hp_per_floor":[58,58,51,44,44,68,68,12,12,36,26,31,56,56,81,67,81,35,35,18,7,1,1,19,0],"gold":109,"neow_bonus":"BOSS_RELIC","is_prod":false,"is_daily":false,"chose_seed":false,"campfire_upgraded":0,"win_rate":0,"timestamp":1562272208,"path_taken":["M","?","?","M","M","R","$","E","T","R","M","?","R","?","R","BOSS","M","?","M","?","M","?","M","M"],"build_version":"2019-07-01","purchased_purges":0,"victory":false,"max_hp_per_floor":[80,80,80,80,80,80,80,80,80,80,80,85,85,85,85,85,85,85,85,85,85,85,85,85,85],"card_choices":[{"not_picked":["Uppercut","Warcry","Anger"],"picked":"SKIP","floor":1},{"not_picked":["Perfected Strike","Cleave"],"picked":"Body Slam","floor":4},{"not_picked":["Armaments","Body Slam","Heavy Blade"],"picked":"SKIP","floor":5},{"not_picked":["Anger","Double Tap"],"picked":"Armaments","floor":8},{"not_picked":["True Grit","Perfected Strike"],"picked":"Shrug It Off","floor":11},{"not_picked":["Exhume","Immolate"],"picked":"Demon Form","floor":16},{"not_picked":["Thunderclap","Infernal Blade+1"],"picked":"Armaments","floor":18},{"not_picked":["Anger","Thunderclap","Clothesline+1"],"picked":"SKIP","floor":20},{"not_picked":["Rage","Iron Wave"],"picked":"Body Slam","floor":21},{"not_picked":["Anger","Power Through"],"picked":"Berserk","floor":22},{"not_picked":["True Grit+1","Ghostly Armor+1"],"picked":"Body Slam","floor":24}],"player_experience":2087089,"relics_obtained":[{"floor":8,"key":"Bag of Preparation"},{"floor":9,"key":"Letter Opener"}],"event_choices":[{"damage_healed":0,"gold_gain":0,"player_choice":"Ignored","damage_taken":0,"max_hp_gain":0,"max_hp_loss":0,"event_name":"Liars Game","floor":2,"gold_loss":0},{"damage_healed":0,"gold_gain":0,"player_choice":"Success","damage_taken":7,"relics_obtained":["Kunai"],"max_hp_gain":0,"max_hp_loss":0,"event_name":"Scrap Ooze","floor":3,"gold_loss":0},{"damage_healed":0,"gold_gain":0,"player_choice":"Donut","damage_taken":0,"max_hp_gain":5,"max_hp_loss":0,"event_name":"Big Fish","floor":12,"gold_loss":0},{"cards_removed":["Strike_R"],"damage_healed":0,"gold_gain":0,"player_choice":"Upgrade and Remove","damage_taken":0,"max_hp_gain":0,"max_hp_loss":0,"event_name":"Designer","floor":19,"gold_loss":90,"cards_upgraded":["Armaments"]},{"damage_healed":0,"gold_gain":0,"player_choice":"Ignored","damage_taken":0,"max_hp_gain":0,"max_hp_loss":0,"event_name":"Vampires","floor":23,"gold_loss":0}],"is_beta":false,"boss_relics":[{"not_picked":["Tiny House","Runic Dome"],"picked":"Lizard Tail"}],"items_purged_floors":[],"is_endless":false,"potions_floor_spawned":[1,8,20,21,22],"killed_by":"Centurion and Healer","ascension_level":9}