{"gold_per_floor":[119,119,44,119,138,169,188,188,188,216,198,210,239,261,273,382,394,425,454,132,132,132,132,149,149,149,160,179,196,216,216,216,319,319,334,334,334],"floor_reached":37,"playtime":2024,"items_purged":["Strike_G"],"score":722,"play_id":"5532ab0c-d28b-4ff5-b0db-2239e47e43e5","local_time":"20190717002306","is_ascension_mode":true,"campfire_choices":[{"floor":12,"key":"REST"},{"floor":15,"key":"REST"},{"floor":23,"key":"REST"},{"floor":25,"key":"REST"},{"floor":32,"key":"REST"}],"neow_cost":"NONE","seed_source_timestamp":430508136523994,"circlet_count":0,"master_deck":["AscendersBane","Defend_G","Defend_G","Survivor","Neutralize","Footwork","Bouncing Flask","Noxious Fumes","After Image","Well Laid Plans+1","Blur+1","Caltrops+1","Footwork","Catalyst","Necronomicurse","After Image","Catalyst","Catalyst","Venomology","Backflip","Madness","Madness"],"relics":["Ring of the Snake","NeowsBlessing","Vajra","Darkstone Periapt","Matryoshka","MawBank","Astrolabe","Anchor","Necronomicon","Bag of Preparation","Bronze Scales","Bottled Tornado","Empty Cage"],"potions_floor_usage":[10,16,16,27,35],"damage_taken":[{"damage":0,"enemies":"2 Louse","floor":1,"turns":1},{"damage":0,"enemies":"Jaw Worm","floor":5,"turns":1},{"damage":0,"enemies":"Lagavulin","floor":6,"turns":1},{"damage":4,"enemies":"Small Slimes","floor":7,"turns":5},{"damage":36,"enemies":"3 Sentries","floor":10,"turns":14},{"damage":1,"enemies":"Looter","floor":11,"turns":4},{"damage":1,"enemies":"Blue Slaver","floor":13,"turns":5},{"damage":14,"enemies":"3 Louse","floor":14,"turns":4},{"damage":23,"enemies":"Hexaghost","floor":16,"turns":11},{"damage":0,"enemies":"3 Byrds","floor":18,"turns":2},{"damage":2,"enemies":"Shell Parasite","floor":19,"turns":6},{"damage":17,"enemies":"Snake Plant","floor":24,"turns":5},{"damage":17,"enemies":"Cultist and Chosen","floor":27,"turns":6},{"damage":9,"enemies":"Snecko","floor":28,"turns":9},{"damage":5,"enemies":"Snake Plant","floor":29,"turns":6},{"damage":15,"enemies":"Shelled Parasite and Fungi","floor":30,"turns":6},{"damage":0,"enemies":"Champ","floor":33,"turns":12},{"damage":30,"enemies":"Orb Walker","floor":35,"turns":6},{"damage":33,"enemies":"3 Shapes","floor":37,"turns":3}],"seed_played":"-3115786582344478224","potions_obtained":[{"floor":5,"key":"Swift Potion"},{"floor":10,"key":"Explosive Potion"},{"floor":13,"key":"FearPotion"},{"floor":18,"key":"SkillPotion"},{"floor":29,"key":"LiquidBronze"},{"floor":30,"key":"Explosive Potion"},{"floor":33,"key":"EssenceOfSteel"}],"is_trial":false,"path_per_floor":["M","?","$","?","M","E","M","?","T","E","M","R","M","M","R","B",null,"M","M","$","?","?","R","M","R","T","M","M","M","M","T","R","B",null,"M","?","M"],"character_chosen":"THE_SILENT","items_purchased":["Footwork","Anchor","Footwork","Catalyst"],"campfire_rested":5,"item_purchase_floors":[3,20,20,20],"current_hp_per_floor":[63,63,63,52,52,52,48,41,41,5,4,25,24,10,31,8,55,55,53,53,43,43,65,48,70,70,53,44,39,24,24,46,46,69,39,29,0],"gold":334,"neow_bonus":"THREE_ENEMY_KILL","is_prod":false,"is_daily":false,"chose_seed":false,"campfire_upgraded":0,"win_rate":0,"timestamp":1563340986,"path_taken":["M","?","$","?","M","E","M","?","T","E","M","R","M","M","R","BOSS","M","M","$","?","?","R","M","R","T","M","M","M","M","?","R","BOSS","M","?","M"],"build_version":"2019-07-05","purchased_purges":1,"victory":false,"max_hp_per_floor":[70,70,70,70,70,70,70,70,70,70,70,70,70,70,70,70,70,70,70,70,76,76,76,76,76,76,76,76,76,76,76,76,76,76,76,76,76],"card_choices":[{"not_picked":["Blade Dance","Slice","Cloak And Dagger"],"picked":"SKIP","floor":1},{"not_picked":["Eviscerate","Flying Knee","Crippling Poison"],"picked":"SKIP","floor":5},{"not_picked":["Eviscerate","Flying Knee","Crippling Poison"],"picked":"SKIP","floor":5},{"not_picked":["Dagger Spray","Tactician"],"picked":"Bouncing Flask","floor":6},{"not_picked":["PiercingWail","Cloak And Dagger","Poisoned Stab"],"picked":"SKIP","floor":7},{"not_picked":["Expertise","Poisoned Stab","Heel Hook"],"picked":"SKIP","floor":10},{"not_picked":["Outmaneuver","Skewer","PiercingWail"],"picked":"SKIP","floor":11},{"not_picked":["Sucker Punch","Prepared"],"picked":"Noxious Fumes","floor":13},{"not_picked":["Acrobatics","Bane","Die Die Die"],"picked":"SKIP","floor":14},{"not_picked":["Grand Finale","A Thousand Cuts"],"picked":"After Image","floor":16},{"not_picked":["Well Laid Plans","Distraction","Finisher"],"picked":"SKIP","floor":18},{"not_picked":["Dagger Spray","Outmaneuver","Endless Agony"],"picked":"SKIP","floor":19},{"not_picked":["Acrobatics","Underhanded Strike+1"],"picked":"Catalyst","floor":24},{"not_picked":["Masterful Stab+1","Blade Dance","Riddle With Holes+1"],"picked":"SKIP","floor":27},{"not_picked":["Eviscerate","Distraction+1","Slice"],"picked":"SKIP","floor":28},{"not_picked":["Reflex","Slice+1","PiercingWail"],"picked":"SKIP","floor":29},{"not_picked":["Reflex+1","Prepared","Flying Knee"],"picked":"SKIP","floor":30},{"not_picked":["Unload","Die Die Die"],"picked":"Venomology","floor":33},{"not_picked":["Crippling Poison+1","Endless Agony+1"],"picked":"Backflip","floor":35}],"player_experience":2375954,"relics_obtained":[{"floor":6,"key":"Vajra"},{"floor":9,"key":"Matryoshka"},{"floor":10,"key":"MawBank"},{"floor":21,"key":"Necronomicon"},{"floor":26,"key":"Bag of Preparation"},{"floor":31,"key":"Bronze Scales"},{"floor":31,"key":"Bottled Tornado"}],"event_choices":[{"damage_healed":0,"gold_gain":0,"player_choice":"Ignored","damage_taken":0,"max_hp_gain":0,"max_hp_loss":0,"event_name":"Liars Game","floor":2,"gold_loss":0},{"damage_healed":0,"gold_gain":75,"player_choice":"Gather Gold","damage_taken":11,"max_hp_gain":0,"max_hp_loss":0,"event_name":"World of Goop","floor":4,"gold_loss":0},{"damage_healed":0,"gold_gain":0,"player_choice":"Success","damage_taken":7,"relics_obtained":["Darkstone Periapt"],"max_hp_gain":0,"max_hp_loss":0,"event_name":"Scrap Ooze","floor":8,"gold_loss":0},{"damage_healed":0,"gold_gain":0,"player_choice":"Obtained Book","damage_taken":16,"max_hp_gain":0,"max_hp_loss":0,"event_name":"Cursed Tome","floor":21,"gold_loss":0},{"damage_healed":0,"gold_gain":0,"cards_transformed":["Strike_G","Defend_G"],"player_choice":"Became Test Subject","damage_taken":0,"max_hp_gain":0,"max_hp_loss":0,"event_name":"Drug Dealer","floor":22,"gold_loss":0,"cards_obtained":["After Image","Catalyst"]},{"damage_healed":0,"gold_gain":0,"player_choice":"Embrace Madness","damage_taken":10,"max_hp_gain":0,"max_hp_loss":0,"event_name":"Winding Halls","floor":36,"gold_loss":0,"cards_obtained":["Madness","Madness"]}],"is_beta":false,"boss_relics":[{"not_picked":["Coffee Dripper","Black Star"],"picked":"Astrolabe"},{"not_picked":["White Beast Statue","Velvet Choker"],"picked":"Empty Cage"}],"items_purged_floors":[20],"is_endless":false,"potions_floor_spawned":[5,10,13,18,29,30,33],"killed_by":"3 Shapes","ascension_level":10}