{"gold_per_floor":[117,141,155,166,166,166,179,179,179,179,202,220,1,16,16,136,136,109,109,109,42,55,76,90,105,105,105,105],"floor_reached":28,"playtime":22818,"items_purged":["Dualcast"],"score":300,"play_id":"d23ff80c-c484-4fc8-beb6-2032a83bca92","local_time":"20190420000502","is_ascension_mode":true,"campfire_choices":[{"floor":6,"key":"REST"},{"data":"Zap","floor":8,"key":"SMITH"},{"data":"Cold Snap","floor":10,"key":"SMITH"},{"floor":15,"key":"REST"},{"floor":27,"key":"REST"}],"neow_cost":"NONE","seed_source_timestamp":829801954105158,"circlet_count":0,"master_deck":["Strike_B+1","Strike_B","Strike_B","Defend_B","Defend_B","Defend_B","Defend_B","Zap+1","Streamline+1","Cold Snap+1","Glacier","Conserve Battery","Defragment","BootSequence+1","Conserve Battery","Echo Form","Consume"],"relics":["Cracked Core","Centennial Puzzle","Whetstone","Golden Idol","Dream Catcher","Inserter","Calipers"],"potions_floor_usage":[16,16,16],"damage_taken":[{"damage":5,"enemies":"Cultist","floor":1,"turns":4},{"damage":0,"enemies":"Small Slimes","floor":3,"turns":3},{"damage":5,"enemies":"Jaw Worm","floor":4,"turns":3},{"damage":6,"enemies":"Blue Slaver","floor":7,"turns":5},{"damage":0,"enemies":"Large Slime","floor":11,"turns":3},{"damage":3,"enemies":"Exordium Thugs","floor":12,"turns":4},{"damage":2,"enemies":"Exordium Wildlife","floor":14,"turns":3},{"damage":49,"enemies":"Hexaghost","floor":16,"turns":10},{"damage":14,"enemies":"2 Thieves","floor":18,"turns":5},{"damage":8,"enemies":"Chosen","floor":22,"turns":5},{"damage":5,"enemies":"Centurion and Healer","floor":23,"turns":16},{"damage":4,"enemies":"Shelled Parasite and Fungi","floor":24,"turns":9},{"damage":15,"enemies":"Snake Plant","floor":25,"turns":6},{"damage":54,"enemies":"Cultist and Chosen","floor":28,"turns":6}],"seed_played":"-7841542749768943040","potions_obtained":[{"floor":1,"key":"PowerPotion"},{"floor":4,"key":"Regen Potion"},{"floor":7,"key":"Weak Potion"},{"floor":14,"key":"Regen Potion"},{"floor":22,"key":"FearPotion"},{"floor":23,"key":"EssenceOfSteel"},{"floor":24,"key":"FearPotion"}],"is_trial":false,"path_per_floor":["M","T","M","M","?","R","M","R","T","R","M","M","$","M","R","B",null,"M","?","?","$","M","M","M","M","T","R","M"],"character_chosen":"DEFECT","items_purchased":["Dream Catcher","Defragment"],"campfire_rested":3,"item_purchase_floors":[13,21],"current_hp_per_floor":[63,63,63,58,40,62,56,56,56,56,56,53,53,51,73,38,66,52,52,52,52,44,39,35,20,20,42,0],"gold":105,"neow_bonus":"RANDOM_COMMON_RELIC","is_prod":false,"is_daily":false,"chose_seed":false,"campfire_upgraded":2,"win_rate":0,"timestamp":1555736702,"path_taken":["M","?","M","M","?","R","M","R","T","R","M","M","$","M","R","BOSS","M","?","?","$","M","M","M","M","T","R","M"],"build_version":"2019-01-23","purchased_purges":1,"victory":false,"max_hp_per_floor":[75,75,75,75,75,75,75,75,75,75,75,75,75,75,75,75,75,75,75,75,75,75,75,75,75,75,75,75],"card_choices":[{"not_picked":["Genetic Algorithm","Ball Lightning"],"picked":"Streamline","floor":1},{"not_picked":["Coolheaded","Fusion"],"picked":"Cold Snap","floor":3},{"not_picked":["Stack","Force Field","Blizzard"],"picked":"SKIP","floor":4},{"not_picked":["Hello World","Sunder","Beam Cell"],"picked":"SKIP","floor":7},{"not_picked":["Aggregate","Ball Lightning","Barrage"],"picked":"SKIP","floor":11},{"not_picked":["Aggregate","Hologram","Sweeping Beam"],"picked":"SKIP","floor":12},{"not_picked":["Rebound","Compile Driver"],"picked":"Glacier","floor":14},{"not_picked":["Reprogram","Turbo"],"picked":"Conserve Battery","floor":15},{"not_picked":["Sweeping Beam","Turbo+1","Beam Cell"],"picked":"SKIP","floor":18},{"not_picked":["Ball Lightning","Reprogram"],"picked":"BootSequence+1","floor":22},{"not_picked":["Turbo","Chaos"],"picked":"Conserve Battery","floor":23},{"not_picked":["Cold Snap","Leap"],"picked":"Echo Form","floor":24},{"not_picked":["Streamline","Skim","Hologram+1"],"picked":"SKIP","floor":25},{"not_picked":["Sweeping Beam+1","Redo"],"picked":"Consume","floor":27}],"player_experience":1855157,"relics_obtained":[{"floor":2,"key":"Whetstone"},{"floor":26,"key":"Calipers"}],"event_choices":[{"damage_healed":0,"gold_gain":0,"player_choice":"Take Damage","damage_taken":18,"relics_obtained":["Golden Idol"],"max_hp_gain":0,"max_hp_loss":0,"event_name":"Golden Idol","floor":5,"gold_loss":0},{"damage_healed":0,"gold_gain":0,"player_choice":"Ignored","damage_taken":0,"max_hp_gain":0,"max_hp_loss":0,"event_name":"Ghosts","floor":19,"gold_loss":0},{"cards_removed":["Strike_B"],"damage_healed":0,"gold_gain":0,"player_choice":"Elegance","damage_taken":0,"max_hp_gain":0,"max_hp_loss":0,"event_name":"Back to Basics","floor":20,"gold_loss":0}],"is_beta":false,"boss_relics":[{"not_picked":["Ectoplasm","Orrery"],"picked":"Inserter"}],"items_purged_floors":[13],"is_endless":false,"potions_floor_spawned":[1,4,7,11,14,22,23,24],"killed_by":"Cultist and Chosen","ascension_level":8}