{"gold_per_floor":[115,115,14,14,14,14,47,61,84,84,99,99,99,123,123,244,244,264,363,363,363,273,273,289,289,312,332,356,369,369,569,569,569],"floor_reached":33,"playtime":1379,"items_purged":["Strike_B"],"score":400,"play_id":"e80d0d89-c289-442b-8915-0d8e33b310f1","local_time":"20190526111018","is_ascension_mode":true,"campfire_choices":[{"floor":6,"key":"REST"},{"data":"Zap","floor":12,"key":"SMITH"},{"data":"Conserve Battery","floor":15,"key":"SMITH"},{"floor":23,"key":"REST"},{"floor":25,"key":"REST"},{"floor":32,"key":"REST"}],"neow_cost":"NONE","seed_source_timestamp":819642343880547,"circlet_count":0,"master_deck":["Defend_B","Defend_B","Defend_B","Zap+1","Cold Snap","Cold Snap","Defragment+1","Conserve Battery+1","Thunder Strike","Conserve Battery","Hello World","Self Repair","Cold Snap","Conserve Battery","Conserve Battery"],"relics":["Cracked Core","NeowsBlessing","Golden Idol","Pen Nib","Vajra","Empty Cage","Bronze Scales","Enchiridion"],"potions_floor_usage":[16,16,33,33,33],"damage_taken":[{"damage":0,"enemies":"Small Slimes","floor":1,"turns":1},{"damage":0,"enemies":"Gremlin Nob","floor":7,"turns":1},{"damage":0,"enemies":"Jaw Worm","floor":8,"turns":1},{"damage":0,"enemies":"Cultist","floor":11,"turns":3},{"damage":8,"enemies":"Blue Slaver","floor":14,"turns":3},{"damage":1,"enemies":"The Guardian","floor":16,"turns":12},{"damage":17,"enemies":"3 Byrds","floor":18,"turns":7},{"damage":22,"enemies":"Colosseum Slavers","floor":21,"turns":7},{"damage":23,"enemies":"2 Thieves","floor":22,"turns":5},{"damage":3,"enemies":"Snecko","floor":24,"turns":5},{"damage":6,"enemies":"Centurion and Healer","floor":27,"turns":12},{"damage":30,"enemies":"Cultist and Chosen","floor":28,"turns":9},{"damage":0,"enemies":"Snecko","floor":29,"turns":6},{"damage":68,"enemies":"Champ","floor":33,"turns":15}],"seed_played":"3455992747785419558","potions_obtained":[{"floor":8,"key":"FearPotion"},{"floor":11,"key":"Block Potion"},{"floor":14,"key":"Dexterity Potion"},{"floor":18,"key":"Strength Potion"},{"floor":24,"key":"SneckoOil"},{"floor":29,"key":"AttackPotion"}],"is_trial":false,"path_per_floor":["M","?","$","?","$","R","E","M","T","?","M","R","?","M","R","B",null,"M","?","?","?","M","R","M","R","T","M","M","M","?","?","R","B"],"character_chosen":"DEFECT","items_purchased":["Cold Snap"],"campfire_rested":4,"item_purchase_floors":[3],"current_hp_per_floor":[68,68,68,50,50,72,72,72,72,72,72,72,72,64,64,63,72,55,55,55,40,24,46,50,72,72,73,50,57,41,41,63,0],"gold":569,"neow_bonus":"THREE_ENEMY_KILL","is_prod":false,"is_daily":false,"chose_seed":false,"campfire_upgraded":2,"win_rate":0,"timestamp":1558887018,"path_taken":["M","?","$","?","?","R","E","M","T","?","M","R","?","M","R","BOSS","M","?","?","?","M","R","M","R","T","M","?","M","?","?","R","BOSS"],"build_version":"2019-01-23","purchased_purges":1,"victory":false,"max_hp_per_floor":[75,75,75,75,75,75,75,75,75,75,75,75,75,75,75,75,75,75,75,75,75,75,75,75,75,75,75,75,75,75,75,75,75],"card_choices":[{"not_picked":["Ball Lightning","Barrage"],"picked":"Cold Snap","floor":1},{"not_picked":["Ball Lightning","Storm","Melter"],"picked":"SKIP","floor":7},{"not_picked":["Turbo","Core Surge"],"picked":"Defragment","floor":8},{"not_picked":["Rebound","Sunder","Redo"],"picked":"SKIP","floor":11},{"not_picked":["Go for the Eyes","White Noise"],"picked":"Conserve Battery","floor":14},{"not_picked":["Amplify","Reboot"],"picked":"Thunder Strike","floor":16},{"not_picked":["Ball Lightning","Redo"],"picked":"Conserve Battery","floor":18},{"not_picked":["Ball Lightning","Go for the Eyes","Turbo"],"picked":"SKIP","floor":22},{"not_picked":["Streamline","Lockon","Skim"],"picked":"SKIP","floor":24},{"not_picked":["Hologram+1","Double Energy"],"picked":"Cold Snap","floor":27},{"not_picked":["Turbo+1","Ball Lightning+1"],"picked":"Conserve Battery","floor":28},{"not_picked":["Turbo","Compile Driver+1"],"picked":"Conserve Battery","floor":29}],"player_experience":1945540,"relics_obtained":[{"floor":7,"key":"Pen Nib"},{"floor":9,"key":"Vajra"},{"floor":26,"key":"Bronze Scales"},{"floor":30,"key":"Enchiridion"}],"event_choices":[{"cards_removed":["Dualcast"],"damage_healed":0,"gold_gain":0,"player_choice":"Forget","damage_taken":0,"max_hp_gain":0,"max_hp_loss":0,"event_name":"Living Wall","floor":2,"gold_loss":0},{"damage_healed":0,"gold_gain":0,"player_choice":"Take Damage","damage_taken":18,"relics_obtained":["Golden Idol"],"max_hp_gain":0,"max_hp_loss":0,"event_name":"Golden Idol","floor":4,"gold_loss":0},{"damage_healed":0,"gold_gain":0,"player_choice":"Ignored","damage_taken":0,"max_hp_gain":0,"max_hp_loss":0,"event_name":"Liars Game","floor":10,"gold_loss":0},{"damage_healed":0,"gold_gain":0,"player_choice":"Upgraded","damage_taken":0,"max_hp_gain":0,"max_hp_loss":0,"event_name":"Upgrade Shrine","floor":13,"gold_loss":0,"cards_upgraded":["Defragment"]},{"damage_healed":0,"gold_gain":99,"player_choice":"Stole From Cult","damage_taken":0,"max_hp_gain":0,"max_hp_loss":0,"event_name":"Nest","floor":19,"gold_loss":0},{"damage_healed":0,"gold_gain":0,"cards_transformed":["Strike_B","Defend_B"],"player_choice":"Became Test Subject","damage_taken":0,"max_hp_gain":0,"max_hp_loss":0,"event_name":"Drug Dealer","floor":20,"gold_loss":0,"cards_obtained":["Hello World","Self Repair"]},{"damage_healed":0,"gold_gain":0,"player_choice":"Fight","damage_taken":0,"max_hp_gain":0,"max_hp_loss":0,"event_name":"Colosseum","floor":21,"gold_loss":0},{"damage_healed":0,"gold_gain":0,"player_choice":"Fled From Nobs","damage_taken":0,"max_hp_gain":0,"max_hp_loss":0,"event_name":"Colosseum","floor":21,"gold_loss":0},{"damage_healed":0,"gold_gain":0,"player_choice":"Obtained Book","damage_taken":16,"max_hp_gain":0,"max_hp_loss":0,"event_name":"Cursed Tome","floor":30,"gold_loss":0},{"damage_healed":0,"gold_gain":200,"player_choice":"Gold","damage_taken":0,"max_hp_gain":0,"max_hp_loss":0,"event_name":"Wheel of Change","floor":31,"gold_loss":0}],"is_beta":false,"boss_relics":[{"not_picked":["Coffee Dripper","Nuclear Battery"],"picked":"Empty Cage"}],"items_purged_floors":[3],"is_endless":false,"potions_floor_spawned":[8,11,14,18,24,29],"killed_by":"Champ","ascension_level":8}