{"path_per_floor":["M","M","M","?","M","R","M","R","T","M","?","T","$","?","R","B",null,"M","M","M","M","?","R","E","$","T","R","?","M","?","M","R"],"character_chosen":"THE_SILENT","items_purchased":["Dramatic Entrance","Dash"],"gold_per_floor":[118,131,131,131,151,151,165,165,165,179,201,254,82,82,82,181,181,191,206,225,239,239,239,268,268,268,268,268,282,282,298,298],"floor_reached":33,"campfire_rested":5,"playtime":3116,"current_hp_per_floor":[69,67,64,46,43,64,54,54,68,68,57,57,57,57,82,6,84,84,76,50,37,28,54,1,1,1,27,27,7,7,9,35],"items_purged":[],"gold":298,"play_id":"fbb3b476-e636-4b47-925a-a2cc64cc16f1","is_prod":false,"is_daily":false,"campfire_rituals":0,"campfire_upgraded":1,"is_hardmode":false,"path_taken":["M","M","?","?","M","R","M","R","T","M","?","?","$","?","R","BOSS","M","M","?","M","?","R","E","?","T","R","?","M","?","M","R","BOSS"],"build_version":"2018-01-04-PROD1","purchased_purges":2,"victory":false,"master_deck":["Defend_G","Defend_G","Defend_G","Defend_G","Defend_G","Strike_G","Strike_G","Strike_G","Strike_G","Survivor","Neutralize","Phantasmal Killer","Deadly Poison","PiercingWail","Backstab","Dagger Throw","Flying Knee","Dramatic Entrance","Dash","Envenom","Dagger Throw","Prepared","Bane","Bullet Time","Outmaneuver","Dash","Catalyst"],"max_hp_per_floor":[70,70,70,70,70,70,70,70,84,84,84,84,84,84,84,84,84,84,84,84,84,89,89,89,89,89,89,89,89,89,89,89],"relics":["Ring of the Snake","Vajra","Mango","Odd Mushroom","Omamori","Snecko Eye","Bronze Scales","Bird Faced Urn"],"campfire_meditates":0,"card_choices":[{"not_picked":["Deflect","Finisher"],"picked":"Deadly Poison"},{"not_picked":["Skewer","Flechettes"],"picked":"PiercingWail"},{"not_picked":["Outmaneuver","Deflect"],"picked":"Backstab"},{"not_picked":["PiercingWail","Heel Hook"],"picked":"Dagger Throw"},{"not_picked":["Outmaneuver","Dodge and Roll"],"picked":"Flying Knee"},{"not_picked":["Doppelganger","Burst"],"picked":"Envenom"},{"not_picked":["PiercingWail","Backstab"],"picked":"Dagger Throw"},{"not_picked":["Quick Slash","Flechettes"],"picked":"Prepared"},{"not_picked":["PiercingWail","Backflip"],"picked":"Bane"},{"not_picked":["PiercingWail","Deflect"],"picked":"Bullet Time"},{"not_picked":["Backflip","Acrobatics"],"picked":"Outmaneuver"},{"not_picked":["Escape Plan","Backstab"],"picked":"Dash"},{"not_picked":["Bouncing Flask","Dodge and Roll"],"picked":"Catalyst"}],"player_experience":41353,"potions_floor_usage":[19,29,33,33],"damage_taken":[{"damage":1,"enemies":"Blue Slaver","floor":1,"turns":7},{"damage":2,"enemies":"Jaw Worm","floor":2,"turns":6},{"damage":3,"enemies":"Small Slimes","floor":3,"turns":5},{"damage":3,"enemies":"Looter","floor":5,"turns":4},{"damage":10,"enemies":"Large Slime","floor":7,"turns":9},{"damage":0,"enemies":"3 Louse","floor":10,"turns":3},{"damage":11,"enemies":"The Mushroom Lair","floor":11,"turns":4},{"damage":76,"enemies":"Slime Boss","floor":16,"turns":15},{"damage":0,"enemies":"Chosen","floor":18,"turns":3},{"damage":8,"enemies":"3 Byrds","floor":19,"turns":4},{"damage":26,"enemies":"3 Cultists","floor":20,"turns":5},{"damage":13,"enemies":"Snecko","floor":21,"turns":5},{"damage":53,"enemies":"Slavers","floor":24,"turns":7},{"damage":20,"enemies":"Chosen and Byrds","floor":29,"turns":5},{"damage":0,"enemies":"Centurion and Healer","floor":31,"turns":5},{"damage":38,"enemies":"Collector","floor":33,"turns":6}],"event_choices":[{"event_name":"Scrap Ooze","player_choice":"success","floor":4,"damage_taken":18},{"event_name":"Mushrooms","player_choice":"Fought Mushrooms","floor":11,"damage_taken":0},{"event_name":"Bonfire Elementals","player_choice":"ATTACK","floor":14,"damage_taken":0},{"event_name":"Forgotten Altar","player_choice":"Shed Blood","floor":22,"damage_taken":0},{"event_name":"Drug Dealer","player_choice":"Ignored","floor":28,"damage_taken":0},{"event_name":"Back to Basics","player_choice":"Simplicity","floor":30,"damage_taken":0}],"boss_relics":[{"not_picked":["Orrery","Cursed Key"],"picked":"Snecko Eye"}],"potions_floor_spawned":[5,10,11,16,18,19,29],"seed_played":"-1199605794166843265","killed_by":"Collector","is_trial":false}