{"gold_per_floor":[112,112,112,136,136,174,174,99,123,123,136,149,149,149,149,273,273,296,310,220,233,133,151,151,151],"floor_reached":25,"playtime":1389,"items_purged":["Strike_B","Melter"],"score":302,"play_id":"2611f00a-1303-4d80-943a-cdf0485da401","local_time":"20190723200401","is_ascension_mode":true,"campfire_choices":[{"floor":7,"key":"REST"},{"floor":10,"key":"REST"},{"floor":13,"key":"REST"},{"data":"Barrage","floor":15,"key":"SMITH"}],"neow_cost":"TEN_PERCENT_HP_LOSS","seed_source_timestamp":1020419987080179,"circlet_count":0,"master_deck":["AscendersBane","Defend_B","Defend_B","Defend_B","Defend_B","Zap+1","Cold Snap+1","Barrage+1","Blizzard","Sunder","Electrodynamics","Defragment+1","Gash+1","Pain"],"relics":["Cracked Core","Golden Idol","Anchor","Singing Bowl","Nuclear Battery","WarpedTongs"],"potions_floor_usage":[16,16],"damage_taken":[{"damage":0,"enemies":"Cultist","floor":1,"turns":5},{"damage":0,"enemies":"Small Slimes","floor":4,"turns":4},{"damage":25,"enemies":"Lagavulin","floor":6,"turns":7},{"damage":0,"enemies":"2 Louse","floor":11,"turns":3},{"damage":9,"enemies":"Large Slime","floor":12,"turns":7},{"damage":39,"enemies":"The Guardian","floor":16,"turns":12},{"damage":11,"enemies":"2 Thieves","floor":18,"turns":3},{"damage":26,"enemies":"Shell Parasite","floor":19,"turns":4},{"damage":0,"enemies":"3 Cultists","floor":21,"turns":4},{"damage":19,"enemies":"Snake Plant","floor":23,"turns":4},{"damage":11,"enemies":"Shelled Parasite and Fungi","floor":25,"turns":2}],"seed_played":"2927227961475962212","potions_obtained":[{"floor":6,"key":"Strength Potion"},{"floor":12,"key":"EssenceOfSteel"},{"floor":16,"key":"FocusPotion"},{"floor":19,"key":"Weak Potion"},{"floor":23,"key":"Weak Potion"}],"is_trial":false,"path_per_floor":["M","?","?","M","?","E","R","$","T","R","M","M","R","?","R","B",null,"M","M","?","M","$","M","?","M"],"character_chosen":"DEFECT","items_purchased":[],"campfire_rested":3,"item_purchase_floors":[],"current_hp_per_floor":[68,51,39,39,39,14,34,34,34,54,54,45,65,58,58,19,56,47,21,21,23,23,4,4,0],"gold":151,"neow_bonus":"REMOVE_TWO","is_prod":false,"is_daily":false,"chose_seed":false,"campfire_upgraded":1,"win_rate":0,"timestamp":1563930241,"path_taken":["M","?","?","M","?","E","R","$","T","R","M","M","R","?","R","BOSS","M","M","?","M","?","M","?","?"],"build_version":"2019-07-17","purchased_purges":2,"victory":false,"max_hp_per_floor":[68,68,68,68,68,68,68,68,68,68,68,68,68,68,68,68,68,70,70,70,72,72,72,72,72],"card_choices":[{"not_picked":["Redo","Tempest"],"picked":"Melter","floor":1},{"not_picked":["Turbo","Go for the Eyes"],"picked":"Cold Snap","floor":4},{"not_picked":["Streamline","Go for the Eyes"],"picked":"Barrage","floor":6},{"not_picked":["Recycle","Compile Driver"],"picked":"Blizzard","floor":11},{"not_picked":["Ball Lightning","Biased Cognition"],"picked":"Sunder","floor":12},{"not_picked":["Biased Cognition","Machine Learning"],"picked":"Electrodynamics","floor":16},{"not_picked":["Redo+1","Go for the Eyes","Compile Driver+1"],"picked":"Singing Bowl","floor":18},{"not_picked":["Recycle+1","Stack+1"],"picked":"Defragment+1","floor":19},{"not_picked":["Redo","Rebound","Go for the Eyes"],"picked":"Singing Bowl","floor":21},{"not_picked":["Sweeping Beam","Thunder Strike"],"picked":"Gash+1","floor":23}],"player_experience":2438692,"relics_obtained":[{"floor":6,"key":"Singing Bowl"}],"event_choices":[{"damage_healed":0,"gold_gain":0,"player_choice":"Take Damage","damage_taken":17,"relics_obtained":["Golden Idol"],"max_hp_gain":0,"max_hp_loss":0,"event_name":"Golden Idol","floor":2,"gold_loss":0},{"damage_healed":0,"gold_gain":0,"player_choice":"Success","damage_taken":12,"relics_obtained":["Anchor"],"max_hp_gain":0,"max_hp_loss":0,"event_name":"Scrap Ooze","floor":3,"gold_loss":0},{"damage_healed":0,"gold_gain":0,"player_choice":"Grow","damage_taken":0,"max_hp_gain":0,"max_hp_loss":0,"event_name":"Living Wall","floor":5,"gold_loss":0,"cards_upgraded":["Zap"]},{"cards_removed":["Strike_B"],"damage_healed":0,"gold_gain":0,"player_choice":"Card Removal","damage_taken":7,"max_hp_gain":0,"max_hp_loss":0,"event_name":"Golden Wing","floor":14,"gold_loss":0},{"cards_removed":["Strike_B"],"damage_healed":0,"gold_gain":0,"player_choice":"Upgrade and Remove","damage_taken":0,"max_hp_gain":0,"max_hp_loss":0,"event_name":"Designer","floor":20,"gold_loss":90,"cards_upgraded":["Cold Snap"]},{"damage_healed":0,"gold_gain":0,"player_choice":"Rummage","damage_taken":0,"relics_obtained":["WarpedTongs"],"max_hp_gain":0,"max_hp_loss":0,"event_name":"Accursed Blacksmith","floor":24,"gold_loss":0,"cards_obtained":["Pain"]}],"is_beta":false,"boss_relics":[{"not_picked":["Black Star","Snecko Eye"],"picked":"Nuclear Battery"}],"items_purged_floors":[8,22],"is_endless":false,"potions_floor_spawned":[6,12,16,19,23],"killed_by":"Shelled Parasite and Fungi","ascension_level":10}