{"gold_per_floor":[112,132,57,71,71,71,71,89,89,108,108,128,128,128,128,257,257,276,276,292,311,9,9,9,9,9,9,9],"floor_reached":28,"playtime":1523,"items_purged":["Dualcast","Strike_B"],"score":333,"play_id":"b0869b61-49d2-4910-a024-34dbd56a116a","local_time":"20190820204740","is_ascension_mode":true,"campfire_choices":[{"floor":6,"key":"REST"},{"data":"Zap","floor":11,"key":"SMITH"},{"data":"Discovery","floor":13,"key":"SMITH"},{"floor":15,"key":"REST"},{"floor":23,"key":"REST"},{"floor":27,"key":"REST"}],"neow_cost":"PERCENT_DAMAGE","seed_source_timestamp":586054054528900,"circlet_count":0,"master_deck":["AscendersBane","Strike_B","Defend_B","Defend_B","Defend_B","Defend_B","Zap+1","Good Instincts","Discovery+1","Chill","Glacier","Defragment","Reinforced Body","Gash","All For One","Redo+1","Necronomicurse","Self Repair","Conserve Battery+1","Doubt"],"relics":["Cracked Core","Bird Faced Urn","Golden Idol","Cursed Key","Necronomicon","Medical Kit","Ancient Tea Set"],"potions_floor_usage":[12,12],"damage_taken":[{"damage":9,"enemies":"2 Louse","floor":1,"turns":3},{"damage":0,"enemies":"Cultist","floor":2,"turns":5},{"damage":0,"enemies":"Small Slimes","floor":4,"turns":4},{"damage":3,"enemies":"3 Louse","floor":8,"turns":6},{"damage":3,"enemies":"Red Slaver","floor":10,"turns":3},{"damage":9,"enemies":"Lots of Slimes","floor":12,"turns":2},{"damage":50,"enemies":"Hexaghost","floor":16,"turns":14},{"damage":21,"enemies":"Chosen","floor":18,"turns":7},{"damage":11,"enemies":"Shell Parasite","floor":20,"turns":6},{"damage":20,"enemies":"Snake Plant","floor":21,"turns":6},{"damage":70,"enemies":"Chosen and Byrds","floor":28,"turns":10}],"seed_played":"-3616988074784824848","potions_obtained":[{"floor":1,"key":"SkillPotion"},{"floor":2,"key":"LiquidBronze"},{"floor":18,"key":"Ancient Potion"}],"is_trial":false,"path_per_floor":["M","M","$","M","$","R","?","M","T","M","R","M","R","?","R","B",null,"M","?","M","M","$","R","?","$","T","R","M"],"character_chosen":"DEFECT","items_purchased":["Medical Kit"],"campfire_rested":4,"item_purchase_floors":[22],"current_hp_per_floor":[41,41,41,41,41,63,63,60,60,61,61,54,54,36,58,14,60,43,27,20,13,13,35,35,35,35,57,0],"gold":9,"neow_bonus":"RANDOM_COLORLESS_2","is_prod":false,"is_daily":false,"chose_seed":false,"campfire_upgraded":2,"win_rate":0,"timestamp":1566352060,"path_taken":["M","M","$","M","$","R","?","M","T","?","R","M","R","?","R","BOSS","M","?","M","M","$","R","?","$","T","R","M"],"build_version":"2019-07-17","purchased_purges":2,"victory":false,"max_hp_per_floor":[75,75,75,75,75,75,75,75,75,75,75,75,75,75,75,75,75,75,75,75,75,75,75,75,75,75,75,75],"card_choices":[{"not_picked":["Redo","Fusion","Aggregate"],"picked":"SKIP","floor":1},{"not_picked":["Coolheaded","Turbo"],"picked":"Chill","floor":2},{"not_picked":["Streamline","Redo"],"picked":"Glacier","floor":4},{"not_picked":["Go for the Eyes","Chill"],"picked":"Defragment","floor":8},{"not_picked":["Force Field","Compile Driver"],"picked":"Reinforced Body","floor":10},{"not_picked":["Compile Driver","Genetic Algorithm"],"picked":"Gash","floor":12},{"not_picked":["Echo Form","Core Surge"],"picked":"All For One","floor":16},{"not_picked":["Static Discharge+1","Scrape"],"picked":"Redo+1","floor":18},{"not_picked":["Coolheaded","Redo"],"picked":"Self Repair","floor":20},{"not_picked":["Ball Lightning","Sweeping Beam"],"picked":"Conserve Battery+1","floor":21}],"player_experience":2883456,"relics_obtained":[{"floor":9,"key":"Bird Faced Urn"},{"floor":19,"key":"Necronomicon"},{"floor":26,"key":"Ancient Tea Set"}],"event_choices":[{"cards_removed":["Strike_B"],"damage_healed":0,"gold_gain":0,"player_choice":"Purged","damage_taken":0,"max_hp_gain":0,"max_hp_loss":0,"event_name":"Purifier","floor":7,"gold_loss":0},{"damage_healed":0,"gold_gain":0,"player_choice":"Take Damage","damage_taken":18,"relics_obtained":["Golden Idol"],"max_hp_gain":0,"max_hp_loss":0,"event_name":"Golden Idol","floor":14,"gold_loss":0},{"damage_healed":0,"gold_gain":0,"player_choice":"Obtained Book","damage_taken":16,"max_hp_gain":0,"max_hp_loss":0,"event_name":"Cursed Tome","floor":19,"gold_loss":0},{"cards_removed":["Strike_B"],"damage_healed":0,"gold_gain":0,"player_choice":"Offered Basic","damage_taken":0,"max_hp_gain":0,"max_hp_loss":0,"event_name":"Bonfire Elementals","floor":24,"gold_loss":0}],"is_beta":false,"boss_relics":[{"not_picked":["Tiny House","Philosopher\u0027s Stone"],"picked":"Cursed Key"}],"items_purged_floors":[3,22],"is_endless":false,"potions_floor_spawned":[1,2,4,18],"killed_by":"Chosen and Byrds","ascension_level":12}