{"gold_per_floor":[114,114,128,128,128,53,94,94,117,131,131,6,21,40,40,166,166,185,185,167,167,187,187,187,187,187,205,205],"floor_reached":28,"playtime":1312,"items_purged":["Strike_B","Strike_B"],"score":374,"play_id":"4cb1fa8e-fa82-417a-a5df-981804cde6bc","local_time":"20190815203412","is_ascension_mode":true,"campfire_choices":[{"floor":8,"key":"REST"},{"floor":11,"key":"REST"},{"data":"Rainbow","floor":15,"key":"SMITH"},{"floor":23,"key":"REST"},{"floor":25,"key":"REST"}],"neow_cost":"NONE","seed_source_timestamp":153451188438200,"circlet_count":0,"master_deck":["AscendersBane","Strike_B","Strike_B","Defend_B","Defend_B","Defend_B","Defend_B","Zap+1","Rainbow+1","Chill","Conserve Battery","Glacier","All For One","BootSequence+1","Chill","Gash","Redo"],"relics":["Cracked Core","Bloody Idol","Mango","Smiling Mask","Philosopher\u0027s Stone","Shuriken"],"potions_floor_usage":[16,16],"damage_taken":[{"damage":0,"enemies":"Cultist","floor":1,"turns":5},{"damage":7,"enemies":"2 Louse","floor":3,"turns":3},{"damage":27,"enemies":"Lagavulin","floor":7,"turns":6},{"damage":8,"enemies":"Small Slimes","floor":10,"turns":4},{"damage":2,"enemies":"Blue Slaver","floor":13,"turns":3},{"damage":8,"enemies":"Gremlin Gang","floor":14,"turns":6},{"damage":42,"enemies":"Hexaghost","floor":16,"turns":13},{"damage":24,"enemies":"Shell Parasite","floor":18,"turns":7},{"damage":19,"enemies":"2 Thieves","floor":20,"turns":4},{"damage":29,"enemies":"Snake Plant","floor":22,"turns":6},{"damage":68,"enemies":"3 Cultists","floor":27,"turns":7},{"damage":36,"enemies":"Cultist and Chosen","floor":28,"turns":6}],"seed_played":"-141002236232855116","potions_obtained":[{"floor":13,"key":"Energy Potion"},{"floor":14,"key":"FocusPotion"},{"floor":20,"key":"Weak Potion"},{"floor":27,"key":"SkillPotion"}],"is_trial":false,"path_per_floor":["M","?","M","?","?","$","E","R","T","M","R","$","M","M","R","B",null,"M","?","M","?","M","R","?","R","T","M","M"],"character_chosen":"DEFECT","items_purchased":["Chill"],"campfire_rested":4,"item_purchase_floors":[12],"current_hp_per_floor":[68,68,61,43,48,48,35,63,63,55,83,83,81,73,73,31,78,54,54,45,45,21,49,49,77,77,14,0],"gold":205,"neow_bonus":"TRANSFORM_CARD","is_prod":false,"is_daily":false,"chose_seed":false,"campfire_upgraded":1,"win_rate":0,"timestamp":1565919252,"path_taken":["M","?","?","?","?","?","E","R","T","?","R","$","M","M","R","BOSS","M","?","M","?","M","R","?","R","T","M","M"],"build_version":"2019-07-17","purchased_purges":2,"victory":false,"max_hp_per_floor":[75,75,75,75,80,80,94,94,94,94,94,94,94,94,94,94,94,94,94,94,94,94,94,94,94,94,94,94],"card_choices":[{"not_picked":["Stack","Recycle","Compile Driver"],"picked":"SKIP","floor":1},{"not_picked":["Rebound","Hologram","Sweeping Beam"],"picked":"SKIP","floor":3},{"not_picked":["Melter","Stack","Coolheaded"],"picked":"SKIP","floor":7},{"not_picked":["Steam","Redo","Ball Lightning"],"picked":"SKIP","floor":10},{"not_picked":["Chaos","Lockon"],"picked":"Conserve Battery","floor":13},{"not_picked":["Beam Cell","Sweeping Beam"],"picked":"Glacier","floor":14},{"not_picked":["Electrodynamics","Echo Form"],"picked":"All For One","floor":16},{"not_picked":["Streamline","Turbo"],"picked":"BootSequence+1","floor":18},{"not_picked":["Melter","Ball Lightning"],"picked":"Chill","floor":20},{"not_picked":["Fusion","Scrape"],"picked":"Gash","floor":22},{"not_picked":["Barrage","Blizzard"],"picked":"Redo","floor":27}],"player_experience":2832964,"relics_obtained":[{"floor":7,"key":"Mango"},{"floor":9,"key":"Smiling Mask"},{"floor":26,"key":"Shuriken"}],"event_choices":[{"damage_healed":0,"gold_gain":0,"player_choice":"Upgraded","damage_taken":0,"max_hp_gain":0,"max_hp_loss":0,"event_name":"Upgrade Shrine","floor":2,"gold_loss":0,"cards_upgraded":["Zap"]},{"damage_healed":0,"gold_gain":0,"player_choice":"Take Damage","damage_taken":18,"relics_obtained":["Golden Idol"],"max_hp_gain":0,"max_hp_loss":0,"event_name":"Golden Idol","floor":4,"gold_loss":0},{"damage_healed":0,"gold_gain":0,"player_choice":"Donut","damage_taken":0,"max_hp_gain":5,"max_hp_loss":0,"event_name":"Big Fish","floor":5,"gold_loss":0},{"damage_healed":0,"gold_gain":0,"player_choice":"Gave Idol","damage_taken":0,"relics_obtained":["Bloody Idol"],"max_hp_gain":0,"max_hp_loss":0,"event_name":"Forgotten Altar","floor":19,"relics_lost":["Golden Idol"],"gold_loss":0},{"damage_healed":0,"gold_gain":0,"player_choice":"Ignored","damage_taken":0,"max_hp_gain":0,"max_hp_loss":0,"event_name":"Ghosts","floor":21,"gold_loss":0},{"damage_healed":0,"gold_gain":0,"player_choice":"Ignored","damage_taken":0,"max_hp_gain":0,"max_hp_loss":0,"event_name":"Vampires","floor":24,"gold_loss":0}],"is_beta":false,"boss_relics":[{"not_picked":["Lizard Tail","Tiny House"],"picked":"Philosopher\u0027s Stone"}],"items_purged_floors":[6,12],"is_endless":false,"potions_floor_spawned":[13,14,20,27],"killed_by":"Cultist and Chosen","ascension_level":12}