{"gold_per_floor":[111,111,122,9,9,39,39,50,104,104,123,135,135,153,153,283,283,301,301,301,79,79,79,117,117,117,142,157,157,157,32,32,161,161,186,36,55,0,13,13],"floor_reached":40,"playtime":2318,"items_purged":["Strike_B","Writhe","Strike_B+1","Defend_B"],"score":404,"play_id":"71540643-fa95-4849-ba62-bfb6fa3b4ee3","local_time":"20190830210638","is_ascension_mode":false,"campfire_choices":[{"data":"Chaos","floor":7,"key":"SMITH"},{"data":"Loop","floor":10,"key":"SMITH"},{"floor":15,"key":"REST"},{"data":"Coolheaded","floor":23,"key":"SMITH"},{"floor":25,"key":"REST"},{"data":"Consume","floor":29,"key":"SMITH"},{"floor":32,"key":"REST"}],"neow_cost":"NONE","seed_source_timestamp":10276362711400,"circlet_count":0,"master_deck":["Defend_B+1","Defend_B+1","Defend_B","Zap","Dualcast","Chaos+1","Skim","Loop+1","Doom and Gloom","Darkness","Glacier","Cold Snap","Go for the Eyes","Multi-Cast+1","Defragment","Conserve Battery","Self Repair","Coolheaded+1","Compile Driver+1","Consume+1","Core Surge","Gash+1","Steam+1","Redo+1"],"relics":["FrozenCore","Bronze Scales","Strawberry","Regal Pillow","Golden Idol","Empty Cage","War Paint","Oddly Smooth Stone","Gremlin Horn","Frozen Egg 2","Red Mask"],"potions_floor_usage":[16,16,28,40],"damage_taken":[{"damage":1,"enemies":"Cultist","floor":1,"turns":3},{"damage":0,"enemies":"2 Louse","floor":3,"turns":2},{"damage":14,"enemies":"Lagavulin","floor":6,"turns":6},{"damage":3,"enemies":"Jaw Worm","floor":8,"turns":2},{"damage":11,"enemies":"Large Slime","floor":11,"turns":3},{"damage":13,"enemies":"Exordium Wildlife","floor":12,"turns":3},{"damage":10,"enemies":"3 Louse","floor":14,"turns":1},{"damage":20,"enemies":"Hexaghost","floor":16,"turns":8},{"damage":18,"enemies":"2 Thieves","floor":18,"turns":5},{"damage":49,"enemies":"Slavers","floor":24,"turns":7},{"damage":10,"enemies":"3 Byrds","floor":27,"turns":3},{"damage":27,"enemies":"Sentry and Sphere","floor":28,"turns":4},{"damage":54,"enemies":"Automaton","floor":33,"turns":12},{"damage":19,"enemies":"3 Shapes","floor":35,"turns":7},{"damage":14,"enemies":"3 Darklings","floor":37,"turns":7},{"damage":21,"enemies":"Writhing Mass","floor":39,"turns":5},{"damage":54,"enemies":"Maw","floor":40,"turns":8}],"seed_played":"-9177202992315451765","potions_obtained":[{"floor":3,"key":"FearPotion"},{"floor":11,"key":"GamblersBrew"},{"floor":12,"key":"Fire Potion"},{"floor":24,"key":"Block Potion"},{"floor":39,"key":"Regen Potion"}],"is_trial":false,"path_per_floor":["M","?","M","$","?","E","R","M","T","R","M","M","?","M","R","B",null,"M","?","?","$","?","R","E","R","T","M","M","R","?","$","R","B",null,"M","$","M","?","M","M"],"character_chosen":"DEFECT","items_purchased":["Loop","Self Repair","Coolheaded"],"campfire_rested":3,"item_purchase_floors":[4,21,21],"current_hp_per_floor":[74,59,59,59,64,57,57,54,54,54,43,30,30,20,59,39,81,63,63,63,63,63,63,21,60,60,57,37,37,37,37,76,22,81,62,62,55,55,41,0],"gold":13,"neow_bonus":"RANDOM_COMMON_RELIC","is_prod":false,"is_daily":false,"chose_seed":false,"campfire_upgraded":4,"win_rate":0,"timestamp":1567170398,"path_taken":["M","?","M","$","?","E","R","M","T","R","M","M","?","?","R","BOSS","M","?","?","$","?","R","E","R","T","?","M","R","?","$","R","BOSS","M","$","M","?","M","M"],"build_version":"2019-07-17","purchased_purges":4,"victory":false,"max_hp_per_floor":[75,75,75,75,80,87,87,87,87,87,87,87,81,81,81,81,81,81,81,81,81,81,81,81,81,81,81,81,81,81,81,81,81,81,81,81,81,81,81,81],"card_choices":[{"not_picked":["Beam Cell","Sweeping Beam"],"picked":"Chaos","floor":1},{"not_picked":["Barrage","Leap"],"picked":"Skim","floor":3},{"not_picked":["Multi-Cast","Stack"],"picked":"Doom and Gloom","floor":6},{"not_picked":["Steam","Rebound"],"picked":"Darkness","floor":8},{"not_picked":["Storm","Melter"],"picked":"Glacier","floor":11},{"not_picked":["Ball Lightning","Turbo"],"picked":"Cold Snap","floor":12},{"not_picked":["Stack","Fusion"],"picked":"Go for the Eyes","floor":14},{"not_picked":["Seek","All For One"],"picked":"Multi-Cast","floor":16},{"not_picked":["Beam Cell","Steam Power"],"picked":"Defragment","floor":18},{"not_picked":["Barrage","Reprogram"],"picked":"Compile Driver+1","floor":24},{"not_picked":["Sweeping Beam","Barrage","Tempest"],"picked":"SKIP","floor":27},{"not_picked":["Hello World+1","Leap"],"picked":"Consume","floor":28},{"not_picked":["All For One","Rainbow"],"picked":"Core Surge","floor":33},{"not_picked":["Skim","Storm+1"],"picked":"Gash+1","floor":35},{"not_picked":["Leap+1","Scrape+1"],"picked":"Steam+1","floor":37},{"not_picked":["Melter+1","Consume+1"],"picked":"Redo+1","floor":39}],"player_experience":247194,"relics_obtained":[{"floor":6,"key":"Strawberry"},{"floor":9,"key":"Regal Pillow"},{"floor":24,"key":"Gremlin Horn"},{"floor":26,"key":"Frozen Egg 2"}],"event_choices":[{"damage_healed":0,"gold_gain":0,"player_choice":"Entered Light","damage_taken":15,"max_hp_gain":0,"max_hp_loss":0,"event_name":"Shining Light","floor":2,"gold_loss":0,"cards_upgraded":["Strike_B","Defend_B"]},{"damage_healed":0,"gold_gain":0,"player_choice":"Donut","damage_taken":0,"max_hp_gain":5,"max_hp_loss":0,"event_name":"Big Fish","floor":5,"gold_loss":0},{"damage_healed":0,"gold_gain":0,"player_choice":"Lose Max HP","damage_taken":0,"relics_obtained":["Golden Idol"],"max_hp_gain":0,"max_hp_loss":6,"event_name":"Golden Idol","floor":13,"gold_loss":0},{"damage_healed":0,"gold_gain":0,"player_choice":"Opened","damage_taken":0,"relics_obtained":["War Paint"],"max_hp_gain":0,"max_hp_loss":0,"event_name":"The Mausoleum","floor":19,"gold_loss":0,"cards_obtained":["Writhe"]},{"damage_healed":0,"gold_gain":0,"player_choice":"Read","damage_taken":0,"max_hp_gain":0,"max_hp_loss":0,"event_name":"The Library","floor":20,"gold_loss":0,"cards_obtained":["Conserve Battery"]},{"damage_healed":0,"gold_gain":0,"player_choice":"Gave Potion","damage_taken":0,"relics_obtained":["Oddly Smooth Stone"],"max_hp_gain":0,"max_hp_loss":0,"event_name":"WeMeetAgain","floor":22,"gold_loss":0},{"cards_removed":["Strike_B"],"damage_healed":0,"gold_gain":0,"player_choice":"Took Card","damage_taken":0,"max_hp_gain":0,"max_hp_loss":0,"event_name":"NoteForYourself","floor":30,"gold_loss":0,"cards_obtained":["Strike_B"]},{"damage_healed":0,"gold_gain":0,"player_choice":"Paid","damage_taken":0,"relics_obtained":["Red Mask"],"max_hp_gain":0,"max_hp_loss":0,"event_name":"Tomb of Lord Red Mask","floor":38,"gold_loss":55}],"is_beta":false,"boss_relics":[{"not_picked":["Velvet Choker","Runic Pyramid"],"picked":"Empty Cage"},{"not_picked":["Runic Dome","Astrolabe"],"picked":"FrozenCore"}],"items_purged_floors":[4,21,31,36],"is_endless":false,"potions_floor_spawned":[3,11,12,14,24,39],"killed_by":"Maw","ascension_level":0}