{"gold_per_floor":[410,410,410,426,426,426,426,441,441,441,222,245,41,41,41,167,167,185,201,201,201,101,101,140,156,179,179],"floor_reached":27,"playtime":2834,"items_purged":["Strike_B","Strike_B"],"score":400,"play_id":"cc9f3c9d-d399-49cb-b496-56e8ab1a0bc6","local_time":"20190818173935","is_ascension_mode":true,"campfire_choices":[{"floor":6,"key":"REST"},{"floor":10,"key":"REST"},{"data":"Defend_B","floor":15,"key":"SMITH"},{"data":"Echo Form","floor":23,"key":"SMITH"}],"neow_cost":"PERCENT_DAMAGE","seed_source_timestamp":400654294208400,"circlet_count":0,"master_deck":["AscendersBane","Strike_B","Defend_B","Defend_B","Defend_B","Defend_B+1","Zap+1","Gash","Cold Snap","Gash","Bandage Up","Gash","Gash","The Bomb","Capacitor","Echo Form+1","Cold Snap","Auto Shields","Gash"],"relics":["FrozenCore","Old Coin","Golden Idol","Mango","Oddly Smooth Stone","PreservedInsect"],"potions_floor_usage":[16,16,19],"damage_taken":[{"damage":13,"enemies":"Jaw Worm","floor":1,"turns":4},{"damage":2,"enemies":"2 Louse","floor":4,"turns":4},{"damage":2,"enemies":"Small Slimes","floor":8,"turns":3},{"damage":14,"enemies":"2 Fungi Beasts","floor":12,"turns":3},{"damage":42,"enemies":"The Guardian","floor":16,"turns":9},{"damage":12,"enemies":"Chosen","floor":18,"turns":6},{"damage":6,"enemies":"Shell Parasite","floor":19,"turns":6},{"damage":59,"enemies":"Book of Stabbing","floor":24,"turns":7},{"damage":16,"enemies":"Sentry and Sphere","floor":25,"turns":7},{"damage":20,"enemies":"Snake Plant","floor":27,"turns":5}],"seed_played":"382666460534280166","potions_obtained":[{"floor":1,"key":"Poison Potion"},{"floor":4,"key":"Dexterity Potion"},{"floor":18,"key":"Regen Potion"},{"floor":24,"key":"Weak Potion"}],"is_trial":false,"path_per_floor":["M","?","?","M","?","R","?","M","T","R","$","M","$","?","R","B",null,"M","M","?","?","$","R","E","M","T","M"],"character_chosen":"DEFECT","items_purchased":["Bandage Up","Gash","The Bomb","Capacitor"],"campfire_rested":2,"item_purchase_floors":[11,11,13,13],"current_hp_per_floor":[37,30,12,10,10,32,37,35,49,77,77,67,67,67,67,29,78,70,83,83,83,83,83,28,16,16,0],"gold":179,"neow_bonus":"ONE_RARE_RELIC","is_prod":false,"is_daily":false,"chose_seed":false,"campfire_upgraded":2,"win_rate":0,"timestamp":1566167975,"path_taken":["M","?","?","M","?","R","?","M","T","R","$","M","?","?","R","BOSS","M","?","?","?","$","R","E","M","T","M"],"build_version":"2019-07-17","purchased_purges":2,"victory":false,"max_hp_per_floor":[75,75,75,75,75,75,80,80,94,94,94,94,94,94,94,94,94,94,94,94,94,94,94,94,94,94,94],"card_choices":[{"not_picked":["Static Discharge","Chaos"],"picked":"Gash","floor":1},{"not_picked":["Redo","Ball Lightning"],"picked":"Cold Snap","floor":4},{"not_picked":["Ball Lightning","Sweeping Beam"],"picked":"Gash","floor":8},{"not_picked":["Leap","Compile Driver"],"picked":"Gash","floor":12},{"not_picked":["Biased Cognition","Core Surge"],"picked":"Echo Form","floor":16},{"not_picked":["Go for the Eyes","Beam Cell"],"picked":"Cold Snap","floor":18},{"not_picked":["Leap","Creative AI"],"picked":"Auto Shields","floor":19},{"not_picked":["Reboot","Steam Power","Sweeping Beam"],"picked":"SKIP","floor":24},{"not_picked":["Blizzard","Ball Lightning","Double Energy"],"picked":"SKIP","floor":25}],"player_experience":2874874,"relics_obtained":[{"floor":9,"key":"Mango"},{"floor":24,"key":"Oddly Smooth Stone"},{"floor":26,"key":"PreservedInsect"}],"event_choices":[{"cards_removed":["Dualcast"],"damage_healed":0,"gold_gain":0,"player_choice":"Card Removal","damage_taken":7,"max_hp_gain":0,"max_hp_loss":0,"event_name":"Golden Wing","floor":2,"gold_loss":0},{"damage_healed":0,"gold_gain":0,"player_choice":"Take Damage","damage_taken":18,"relics_obtained":["Golden Idol"],"max_hp_gain":0,"max_hp_loss":0,"event_name":"Golden Idol","floor":3,"gold_loss":0},{"damage_healed":0,"gold_gain":0,"player_choice":"Grow","damage_taken":0,"max_hp_gain":0,"max_hp_loss":0,"event_name":"Living Wall","floor":5,"gold_loss":0,"cards_upgraded":["Zap"]},{"damage_healed":0,"gold_gain":0,"player_choice":"Donut","damage_taken":0,"max_hp_gain":5,"max_hp_loss":0,"event_name":"Big Fish","floor":7,"gold_loss":0},{"cards_removed":["Strike_B"],"damage_healed":0,"gold_gain":0,"player_choice":"Purged","damage_taken":0,"max_hp_gain":0,"max_hp_loss":0,"event_name":"Purifier","floor":14,"gold_loss":0},{"damage_healed":0,"gold_gain":0,"player_choice":"Ignored","damage_taken":0,"max_hp_gain":0,"max_hp_loss":0,"event_name":"Vampires","floor":20,"gold_loss":0},{"damage_healed":0,"gold_gain":0,"player_choice":"Copied","damage_taken":0,"max_hp_gain":0,"max_hp_loss":0,"event_name":"Duplicator","floor":21,"gold_loss":0,"cards_obtained":["Gash"]}],"is_beta":false,"boss_relics":[{"not_picked":["Ectoplasm","Eternal Feather"],"picked":"FrozenCore"}],"items_purged_floors":[11,22],"is_endless":false,"potions_floor_spawned":[1,4,18,24],"killed_by":"Snake Plant","ascension_level":12}