{"gold_per_floor":[110,60,37,49,49,80,80,91,91,91,109,144,144,163,163,260,260,278,8,8,26,42,74,86,86,86,101,116,130,130,145,145,145],"floor_reached":33,"playtime":3912,"items_purged":["Regret"],"score":306,"play_id":"75b58ae7-5551-4253-bf0d-fefbf0af1210","local_time":"20190830200430","is_ascension_mode":false,"campfire_choices":[{"data":"Neutralize","floor":7,"key":"SMITH"},{"data":"Sucker Punch","floor":10,"key":"SMITH"},{"data":"Distraction","floor":15,"key":"SMITH"},{"floor":25,"key":"REST"},{"data":"Tactician","floor":32,"key":"SMITH"}],"neow_cost":"NONE","seed_source_timestamp":1183851417862700,"circlet_count":0,"master_deck":["Strike_G","Strike_G","Strike_G+1","Strike_G","Defend_G","Defend_G","Defend_G","Defend_G","Defend_G","Survivor","Neutralize+1","Bane","Quick Slash+1","Predator","Distraction+1","Sucker Punch+1","Backflip","Acrobatics","Adrenaline","Dodge and Roll","Prepared","Blur","Reflex","Eviscerate","Die Die Die","PiercingWail","Acrobatics+1","Backstab+1","Tactician+1","Dagger Throw+1"],"relics":["Lizard Tail","Incense Burner","Calipers","Tingsha","Sundial","Philosopher\u0027s Stone","Whetstone","Vajra","Strawberry"],"potions_floor_usage":[16,18,23,24,24,27],"damage_taken":[{"damage":4,"enemies":"Jaw Worm","floor":1,"turns":6},{"damage":0,"enemies":"2 Louse","floor":4,"turns":3},{"damage":19,"enemies":"Lagavulin","floor":6,"turns":8},{"damage":3,"enemies":"Small Slimes","floor":8,"turns":4},{"damage":23,"enemies":"Exordium Thugs","floor":11,"turns":6},{"damage":14,"enemies":"Gremlin Nob","floor":12,"turns":4},{"damage":1,"enemies":"3 Louse","floor":14,"turns":3},{"damage":29,"enemies":"Slime Boss","floor":16,"turns":14},{"damage":11,"enemies":"3 Byrds","floor":18,"turns":6},{"damage":5,"enemies":"2 Thieves","floor":21,"turns":4},{"damage":24,"enemies":"Snake Plant","floor":22,"turns":5},{"damage":36,"enemies":"Gremlin Leader","floor":23,"turns":9},{"damage":0,"enemies":"Snecko","floor":24,"turns":3},{"damage":8,"enemies":"Cultist and Chosen","floor":27,"turns":5},{"damage":4,"enemies":"Centurion and Healer","floor":28,"turns":5},{"damage":10,"enemies":"Snake Plant","floor":29,"turns":3},{"damage":17,"enemies":"Colosseum Slavers","floor":30,"turns":3},{"damage":8,"enemies":"Sentry and Sphere","floor":31,"turns":4},{"damage":44,"enemies":"Automaton","floor":33,"turns":6}],"seed_played":"-5159616099624621091","potions_obtained":[{"floor":6,"key":"GamblersBrew"},{"floor":12,"key":"SneckoOil"},{"floor":14,"key":"Explosive Potion"},{"floor":18,"key":"Weak Potion"},{"floor":22,"key":"Explosive Potion"},{"floor":23,"key":"FairyPotion"},{"floor":24,"key":"SteroidPotion"}],"is_trial":false,"path_per_floor":["M","?","$","M","?","E","R","M","T","R","M","E","?","M","R","B",null,"M","$","?","M","M","E","M","R","T","M","M","M","?","M","R","B"],"character_chosen":"THE_SILENT","items_purchased":["Quick Slash","Prepared","Whetstone"],"campfire_rested":1,"item_purchase_floors":[3,19,19],"current_hp_per_floor":[66,66,66,66,66,47,47,44,44,44,21,7,80,79,79,50,80,69,69,69,64,40,4,4,28,35,27,23,13,8,43,43,0],"gold":145,"neow_bonus":"BOSS_RELIC","is_prod":false,"is_daily":false,"chose_seed":false,"campfire_upgraded":4,"win_rate":0,"timestamp":1567209870,"path_taken":["M","?","?","M","?","E","R","M","T","R","M","E","?","M","R","BOSS","M","$","?","M","M","E","M","R","T","M","M","M","?","M","R","BOSS"],"build_version":"2019-07-17","purchased_purges":1,"victory":false,"max_hp_per_floor":[70,70,70,70,70,70,70,70,70,70,70,70,80,80,80,80,80,80,80,80,80,80,80,80,80,87,87,87,87,87,87,87,87],"card_choices":[{"not_picked":["Quick Slash","Acrobatics"],"picked":"Bane","floor":1},{"not_picked":["All Out Attack","Choke"],"picked":"Predator","floor":4},{"not_picked":["Blade Dance","Bane"],"picked":"Distraction","floor":6},{"not_picked":["Cloak And Dagger","Blade Dance"],"picked":"Sucker Punch","floor":8},{"not_picked":["Finisher","Outmaneuver"],"picked":"Backflip","floor":11},{"not_picked":["Acrobatics","Deflect"],"picked":"Glass Knife","floor":12},{"not_picked":["Slice","Sucker Punch"],"picked":"Acrobatics","floor":14},{"not_picked":["After Image","Wraith Form v2"],"picked":"Adrenaline","floor":16},{"not_picked":["Riddle With Holes","Flying Knee"],"picked":"Dodge and Roll","floor":18},{"not_picked":["Deadly Poison+1","Prepared"],"picked":"Reflex","floor":21},{"not_picked":["Blade Dance","Dodge and Roll"],"picked":"Eviscerate","floor":22},{"not_picked":["Flying Knee","Outmaneuver"],"picked":"Die Die Die","floor":23},{"not_picked":["Slice","Acrobatics"],"picked":"PiercingWail","floor":24},{"not_picked":["Infinite Blades","Expertise+1"],"picked":"Acrobatics+1","floor":27},{"not_picked":["Terror","Choke"],"picked":"Backstab+1","floor":28},{"not_picked":["Masterful Stab","Poisoned Stab+1"],"picked":"Tactician","floor":29},{"not_picked":["Leg Sweep","Quick Slash"],"picked":"Dagger Throw+1","floor":31}],"player_experience":77049,"relics_obtained":[{"floor":6,"key":"Calipers"},{"floor":9,"key":"Tingsha"},{"floor":12,"key":"Sundial"},{"floor":23,"key":"Vajra"},{"floor":26,"key":"Strawberry"}],"event_choices":[{"cards_removed":["Strike_G"],"damage_healed":0,"gold_gain":0,"player_choice":"Card Removal","damage_taken":0,"max_hp_gain":0,"max_hp_loss":0,"event_name":"The Cleric","floor":2,"gold_loss":50},{"damage_healed":0,"gold_gain":0,"player_choice":"Box","damage_taken":0,"relics_obtained":["Incense Burner"],"max_hp_gain":0,"max_hp_loss":0,"event_name":"Big Fish","floor":5,"gold_loss":0,"cards_obtained":["Regret"]},{"cards_removed":["Glass Knife"],"damage_healed":63,"gold_gain":0,"player_choice":"Offered Rare","damage_taken":0,"max_hp_gain":10,"max_hp_loss":0,"event_name":"Bonfire Elementals","floor":13,"gold_loss":0},{"damage_healed":0,"gold_gain":0,"player_choice":"Read","damage_taken":0,"max_hp_gain":0,"max_hp_loss":0,"event_name":"The Library","floor":20,"gold_loss":0,"cards_obtained":["Blur"]},{"damage_healed":0,"gold_gain":0,"player_choice":"Fight","damage_taken":0,"max_hp_gain":0,"max_hp_loss":0,"event_name":"Colosseum","floor":30,"gold_loss":0},{"damage_healed":0,"gold_gain":0,"player_choice":"Fled From Nobs","damage_taken":0,"max_hp_gain":0,"max_hp_loss":0,"event_name":"Colosseum","floor":30,"gold_loss":0}],"is_beta":false,"boss_relics":[{"not_picked":["Coffee Dripper","Fusion Hammer"],"picked":"Philosopher\u0027s Stone"}],"items_purged_floors":[19],"is_endless":false,"potions_floor_spawned":[6,12,14,18,22,23,24],"killed_by":"Automaton","ascension_level":0}