{"gold_per_floor":[111,111,36,47,66,66,92,92,145,176,191,141,141,41,41,144,194,212,127,127,145,145,180,192,192,192,192,206,217,229,248,248,248],"floor_reached":33,"playtime":2327,"items_purged":["Bash","Strike_R"],"score":277,"play_id":"47327e67-4a86-4a98-ad58-1f67e2e6504e","local_time":"20181104165423","is_ascension_mode":false,"campfire_choices":[{"data":"Armaments","floor":6,"key":"SMITH"},{"data":"Juggernaut","floor":15,"key":"SMITH"},{"floor":25,"key":"REST"},{"floor":32,"key":"REST"}],"neow_cost":"NONE","seed_source_timestamp":2221278960256887,"circlet_count":0,"master_deck":["Strike_R+1","Strike_R+1","Strike_R+1","Defend_R+1","Defend_R+1","Defend_R+1","Defend_R+1","Clash","Armaments+1","Juggernaut+1","Cleave","Body Slam","Body Slam","Shrug It Off+1","Iron Wave","Inflame","Anger"],"relics":["Eternal Feather","GremlinMask","Red Skull","Bag of Preparation","Mummified Hand","Tiny House","Orichalcum","Mercury Hourglass","Bird Faced Urn"],"potions_floor_usage":[16,16,16,31,31,31,33],"damage_taken":[{"damage":6,"enemies":"Jaw Worm","floor":1,"turns":5},{"damage":0,"enemies":"Cultist","floor":4,"turns":4},{"damage":3,"enemies":"2 Louse","floor":5,"turns":3},{"damage":24,"enemies":"Lagavulin","floor":7,"turns":8},{"damage":16,"enemies":"Gremlin Nob","floor":10,"turns":4},{"damage":4,"enemies":"2 Fungi Beasts","floor":11,"turns":3},{"damage":19,"enemies":"Hexaghost","floor":16,"turns":8},{"damage":0,"enemies":"Chosen","floor":18,"turns":4},{"damage":8,"enemies":"Spheric Guardian","floor":21,"turns":4},{"damage":48,"enemies":"Slavers","floor":23,"turns":6},{"damage":7,"enemies":"Shelled Parasite and Fungi","floor":24,"turns":4},{"damage":18,"enemies":"Centurion and Healer","floor":28,"turns":6},{"damage":25,"enemies":"Snake Plant","floor":29,"turns":5},{"damage":5,"enemies":"3 Cultists","floor":30,"turns":4},{"damage":4,"enemies":"Shelled Parasite and Fungi","floor":31,"turns":4},{"damage":62,"enemies":"Automaton","floor":33,"turns":6}],"seed_played":"327850116847301842","potions_obtained":[{"floor":1,"key":"FearPotion"},{"floor":5,"key":"Explosive Potion"},{"floor":11,"key":"Fire Potion"},{"floor":16,"key":"Regen Potion"},{"floor":17,"key":"PowerPotion"},{"floor":24,"key":"Poison Potion"},{"floor":31,"key":"EssenceOfSteel"}],"is_trial":false,"path_per_floor":["M","?","$","M","M","R","E","$","T","E","M","?","?","$","R","B",null,"M","?","?","M","?","E","M","R","T","?","M","M","M","M","R","B"],"character_chosen":"IRONCLAD","items_purchased":[],"campfire_rested":2,"item_purchase_floors":[],"current_hp_per_floor":[74,74,74,74,71,77,53,53,53,37,33,33,59,59,65,46,85,85,85,85,77,77,29,22,56,56,40,24,3,2,16,52,0],"gold":248,"neow_bonus":"BOSS_RELIC","is_prod":false,"is_daily":false,"chose_seed":false,"campfire_upgraded":2,"win_rate":0.0,"timestamp":1541372063,"path_taken":["M","?","$","M","M","R","E","$","T","E","?","?","?","?","R","BOSS","M","?","?","M","?","E","M","R","T","?","?","M","?","M","R","BOSS"],"build_version":"2018-11-01","purchased_purges":2,"victory":false,"max_hp_per_floor":[80,80,80,80,80,80,80,80,80,80,80,80,80,80,80,80,85,85,85,85,85,85,85,85,85,85,90,90,90,90,90,90,90],"card_choices":[{"not_picked":["Perfected Strike","Second Wind"],"picked":"Clash","floor":1},{"not_picked":["Dual Wield","Heavy Blade"],"picked":"Armaments","floor":4},{"not_picked":["Warcry","Heavy Blade","Hemokinesis"],"picked":"SKIP","floor":5},{"not_picked":["Anger","Clothesline"],"picked":"Juggernaut","floor":7},{"not_picked":["Thunderclap","Clothesline"],"picked":"Cleave","floor":10},{"not_picked":["Burning Pact","Heavy Blade","Power Through"],"picked":"SKIP","floor":11},{"not_picked":["True Grit","Anger"],"picked":"Body Slam","floor":17},{"not_picked":["Sever Soul","Shockwave+1"],"picked":"Body Slam","floor":18},{"not_picked":["Power Through","Headbutt"],"picked":"Shrug It Off+1","floor":21},{"not_picked":["Perfected Strike+1","True Grit","Pommel Strike"],"picked":"SKIP","floor":23},{"not_picked":["Searing Blow+1","Reckless Charge","Twin Strike+1"],"picked":"SKIP","floor":24},{"not_picked":["Disarm","Armaments"],"picked":"Inflame","floor":28},{"not_picked":["Clothesline","Body Slam"],"picked":"Anger","floor":29},{"not_picked":["Pommel Strike","Thunderclap","Spot Weakness"],"picked":"SKIP","floor":30},{"not_picked":["Perfected Strike","Clothesline","Armaments"],"picked":"SKIP","floor":31}],"player_experience":9049,"relics_obtained":[{"floor":7,"key":"Red Skull"},{"floor":9,"key":"Bag of Preparation"},{"floor":10,"key":"Mummified Hand"},{"floor":23,"key":"Mercury Hourglass"},{"floor":26,"key":"Bird Faced Urn"}],"event_choices":[{"damage_healed":0,"gold_gain":0,"player_choice":"Trade","damage_taken":0,"relics_obtained":["GremlinMask"],"max_hp_gain":0,"max_hp_loss":0,"event_name":"FaceTrader","floor":2,"gold_loss":0},{"cards_removed":["Strike_R"],"damage_healed":0,"gold_gain":0,"player_choice":"Card Removal","damage_taken":0,"max_hp_gain":0,"max_hp_loss":0,"event_name":"The Cleric","floor":12,"gold_loss":50},{"damage_healed":26,"gold_gain":0,"player_choice":"Banana","damage_taken":0,"max_hp_gain":0,"max_hp_loss":0,"event_name":"Big Fish","floor":13,"gold_loss":0},{"damage_healed":0,"gold_gain":0,"player_choice":"Obtained Relic","damage_taken":0,"relics_obtained":["Orichalcum"],"max_hp_gain":0,"max_hp_loss":0,"event_name":"Addict","floor":19,"gold_loss":85},{"damage_healed":0,"gold_gain":0,"player_choice":"Simplicity","damage_taken":0,"max_hp_gain":0,"max_hp_loss":0,"event_name":"Back to Basics","floor":20,"gold_loss":0,"cards_upgraded":["Strike_R","Strike_R","Strike_R","Defend_R","Defend_R","Defend_R"]},{"damage_healed":0,"gold_gain":0,"player_choice":"Read","damage_taken":0,"max_hp_gain":0,"max_hp_loss":0,"event_name":"The Library","floor":22,"gold_loss":0,"cards_obtained":["Iron Wave"]},{"damage_healed":0,"gold_gain":0,"player_choice":"Shed Blood","damage_taken":21,"max_hp_gain":5,"max_hp_loss":0,"event_name":"Forgotten Altar","floor":27,"gold_loss":0}],"is_beta":false,"boss_relics":[{"not_picked":["Black Star","Ectoplasm"],"picked":"Tiny House"}],"items_purged_floors":[3,14],"is_endless":false,"potions_floor_spawned":[1,5,11,16,24,30,31],"killed_by":"Automaton","ascension_level":0}