{"gold_per_floor":[116,116,41,54,69,69,81,81,81,101,121,148,179,152,152,251,251,271,289,289,303,318,318,351,369,369,404,404,422,422,435,435,533,583,593,612,186,186,186,217,234,234,234,234,249,297,22,22,22,22],"floor_reached":51,"playtime":7507,"items_purged":["Doubt","Strike_R"],"score":671,"play_id":"48c10d86-cdc5-4b6a-8bd8-f7fd3a828820","local_time":"20190830172813","is_ascension_mode":false,"campfire_choices":[{"data":"Fire Breathing","floor":6.0,"key":"SMITH"},{"floor":15.0,"key":"REST"},{"data":"RitualDagger","floor":23.0,"key":"SMITH"},{"data":"Fire Breathing","floor":30.0,"key":"SMITH"},{"data":"Demon Form","floor":32.0,"key":"SMITH"},{"data":"Feel No Pain","floor":42.0,"key":"SMITH"},{"floor":44.0,"key":"REST"},{"data":"Dark Embrace","floor":49.0,"key":"SMITH"}],"neow_cost":"CURSE","seed_source_timestamp":0,"circlet_count":0,"master_deck":["Strike_R","Strike_R","Strike_R","Strike_R","Defend_R","Defend_R","Defend_R","Defend_R","Bash","Spot Weakness","Fire Breathing+1","Fire Breathing+1","Twin Strike","Inflame","Thunderclap+1","Demon Form+1","Corruption+1","RitualDagger+1","Metallicize+1","Disarm","Feel No Pain+1","Shockwave","Seeing Red","Exhume","Fiend Fire","Feel No Pain+1","Disarm","Burning Pact","Flame Barrier+1","Dark Embrace+1"],"special_seed":0,"relics":["Black Blood","Bird Faced Urn","Meat on the Bone","Regal Pillow","Odd Mushroom","Pocketwatch","Blood Vial","Bottled Flame","Mummified Hand","CultistMask","Tiny House","Ornamental Fan","Lantern","Bag of Preparation","Gremlin Horn","Bronze Scales","Strange Spoon"],"potions_floor_usage":[],"damage_taken":[{"damage":6.0,"enemies":"2 Louse","floor":1.0,"turns":3.0},{"damage":0.0,"enemies":"Small Slimes","floor":4.0,"turns":4.0},{"damage":6.0,"enemies":"Cultist","floor":5.0,"turns":3.0},{"damage":21.0,"enemies":"Blue Slaver","floor":7.0,"turns":4.0},{"damage":19.0,"enemies":"3 Louse","floor":10.0,"turns":4.0},{"damage":24.0,"enemies":"Exordium Thugs","floor":11.0,"turns":5.0},{"damage":15.0,"enemies":"The Mushroom Lair","floor":12.0,"turns":4.0},{"damage":16.0,"enemies":"Gremlin Nob","floor":13.0,"turns":4.0},{"damage":47.0,"enemies":"The Guardian","floor":16.0,"turns":10.0},{"damage":29.0,"enemies":"Spheric Guardian","floor":18.0,"turns":5.0},{"damage":35.0,"enemies":"2 Thieves","floor":19.0,"turns":4.0},{"damage":27.0,"enemies":"Snake Plant","floor":21.0,"turns":4.0},{"damage":25.0,"enemies":"Centurion and Healer","floor":22.0,"turns":6.0},{"damage":58.0,"enemies":"Gremlin Leader","floor":24.0,"turns":6.0},{"damage":12.0,"enemies":"Sentry and Sphere","floor":25.0,"turns":7.0},{"damage":45.0,"enemies":"Book of Stabbing","floor":27.0,"turns":7.0},{"damage":10.0,"enemies":"Cultist and Chosen","floor":29.0,"turns":5.0},{"damage":5.0,"enemies":"Snecko","floor":31.0,"turns":4.0},{"damage":20.0,"enemies":"Champ","floor":33.0,"turns":8.0},{"damage":15.0,"enemies":"3 Shapes","floor":35.0,"turns":3.0},{"damage":36.0,"enemies":"3 Darklings","floor":36.0,"turns":7.0},{"damage":47.0,"enemies":"Reptomancer","floor":40.0,"turns":6.0},{"damage":32.0,"enemies":"Transient","floor":41.0,"turns":5.0},{"damage":17.0,"enemies":"Spire Growth","floor":45.0,"turns":6.0},{"damage":0.0,"enemies":"Sphere and 2 Shapes","floor":48.0,"turns":1.0},{"damage":29,"enemies":"Donu and Deca","floor":50,"turns":7}],"seed_played":"-7972779151812875736","potions_obtained":[{"floor":4.0,"key":"EssenceOfSteel"},{"floor":5.0,"key":"Dexterity Potion"},{"floor":8.0,"key":"FairyPotion"},{"floor":11.0,"key":"Explosive Potion"},{"floor":13.0,"key":"Dexterity Potion"},{"floor":22.0,"key":"SkillPotion"},{"floor":27.0,"key":"FairyPotion"},{"floor":29.0,"key":"SpeedPotion"},{"floor":34.0,"key":"Regen Potion"},{"floor":36.0,"key":"Energy Potion"},{"floor":41.0,"key":"SmokeBomb"}],"is_trial":false,"path_per_floor":["M","?","$","M","M","R","M","?","T","M","M","?","E","?","R","B",null,"M","M","?","M","M","R","E","M","T","E","?","M","R","M","R","B",null,"M","M","$","?","T","E","M","R","T","R","M","T","$","M","R","B",null],"character_chosen":"IRONCLAD","items_purchased":["Disarm","Ornamental Fan","Strange Spoon","Dark Embrace"],"campfire_rested":2,"item_purchase_floors":[37,37,47,47],"current_hp_per_floor":[80,62,62,68,70,70,59,59,59,50,50,47,55,55,80,51,80,63,54,48,51,60,60,36,62,62,55,55,71,71,80,80,80,85,84,85,85,85,85,58,54,54,54,85,85,85,85,85,85,74],"gold":22,"neow_bonus":"ONE_RARE_RELIC","is_prod":false,"is_daily":false,"chose_seed":false,"campfire_upgraded":6,"win_rate":0,"timestamp":1567200493,"path_taken":["M","?","$","M","M","R","M","?","T","?","M","?","E","?","R","BOSS","M","M","?","M","M","R","E","M","T","E","?","?","R","M","R","BOSS","M","M","$","?","?","E","M","R","T","R","M","?","$","M","R","BOSS"],"build_version":"2019-07-17","purchased_purges":2,"victory":true,"max_hp_per_floor":[80,80,80,80,80,80,80,80,80,80,80,80,80,80,80,80,80,80,80,80,80,80,80,80,80,80,80,80,80,80,80,80,80,85,85,85,85,85,85,85,85,85,85,85,85,85,85,85,85,85],"card_choices":[{"not_picked":["Uppercut","Shrug It Off"],"picked":"Spot Weakness","floor":1.0},{"not_picked":["Headbutt","Armaments"],"picked":"Fire Breathing","floor":4.0},{"not_picked":["Perfected Strike","Armaments"],"picked":"Fire Breathing","floor":5.0},{"not_picked":["Cleave","Sever Soul"],"picked":"Twin Strike","floor":7.0},{"not_picked":["Clothesline","Armaments"],"picked":"Inflame","floor":10.0},{"not_picked":["Reckless Charge","Evolve"],"picked":"Thunderclap","floor":11.0},{"not_picked":["Whirlwind","Reckless Charge","Second Wind"],"picked":"SKIP","floor":13.0},{"not_picked":["Limit Break","Immolate"],"picked":"Demon Form","floor":16.0},{"not_picked":["Anger+1","Bloodletting","Body Slam"],"picked":"SKIP","floor":18.0},{"not_picked":["Inflame","Pummel"],"picked":"Corruption+1","floor":19.0},{"not_picked":["Clothesline","Headbutt"],"picked":"Metallicize+1","floor":21.0},{"not_picked":["Thunderclap","Havoc+1"],"picked":"Disarm","floor":22.0},{"not_picked":["Sever Soul+1","True Grit"],"picked":"Feel No Pain+1","floor":24.0},{"not_picked":["Body Slam+1","Anger","Iron Wave"],"picked":"SKIP","floor":25.0},{"not_picked":["Pummel","True Grit"],"picked":"Shockwave","floor":27.0},{"not_picked":["Intimidate","Second Wind"],"picked":"Seeing Red","floor":29.0},{"not_picked":["Uppercut+1","Body Slam+1"],"picked":"Exhume","floor":31.0},{"not_picked":["Reaper","Limit Break"],"picked":"Fiend Fire","floor":33.0},{"not_picked":["Thunderclap+1","Havoc"],"picked":"Feel No Pain","floor":35.0},{"not_picked":["Clash","Anger+1","Iron Wave"],"picked":"SKIP","floor":36.0},{"not_picked":["Rupture","Headbutt+1"],"picked":"Burning Pact","floor":40.0},{"not_picked":["Perfected Strike+1","Armaments+1","Sword Boomerang+1"],"picked":"SKIP","floor":41.0},{"not_picked":["Anger","Shrug It Off"],"picked":"Flame Barrier+1","floor":45.0}],"player_experience":181593,"relics_obtained":[{"floor":9.0,"key":"Regal Pillow"},{"floor":12.0,"key":"Odd Mushroom"},{"floor":13.0,"key":"Pocketwatch"},{"floor":24.0,"key":"Blood Vial"},{"floor":26.0,"key":"Bottled Flame"},{"floor":27.0,"key":"Mummified Hand"},{"floor":39.0,"key":"Lantern"},{"floor":40.0,"key":"Bag of Preparation"},{"floor":43.0,"key":"Gremlin Horn"},{"floor":46.0,"key":"Bronze Scales"}],"event_choices":[{"damage_healed":0.0,"max_hp_gain":0.0,"max_hp_loss":0.0,"gold_gain":0.0,"event_name":"Scrap Ooze","player_choice":"Success","floor":2.0,"gold_loss":0.0,"damage_taken":18.0,"relics_obtained":["Meat on the Bone"]},{"damage_healed":0.0,"max_hp_gain":0.0,"max_hp_loss":0.0,"gold_gain":0.0,"event_name":"Lab","player_choice":"Got Potions","floor":8.0,"gold_loss":0.0,"damage_taken":0.0},{"damage_healed":0.0,"max_hp_gain":0.0,"max_hp_loss":0.0,"gold_gain":0.0,"event_name":"Mushrooms","player_choice":"Fought Mushrooms","floor":12.0,"gold_loss":0.0,"damage_taken":0.0},{"damage_healed":0.0,"max_hp_gain":0.0,"max_hp_loss":0.0,"gold_gain":0.0,"event_name":"World of Goop","player_choice":"Left Gold","floor":14.0,"gold_loss":27.0,"damage_taken":0.0},{"damage_healed":0.0,"max_hp_gain":0.0,"max_hp_loss":0.0,"gold_gain":0.0,"event_name":"Nest","player_choice":"Joined the Cult","floor":20.0,"gold_loss":0.0,"damage_taken":6.0,"cards_obtained":["RitualDagger"]},{"damage_healed":0.0,"max_hp_gain":0.0,"max_hp_loss":0.0,"gold_gain":0.0,"event_name":"FaceTrader","player_choice":"Trade","floor":28.0,"gold_loss":0.0,"damage_taken":0.0,"relics_obtained":["CultistMask"]},{"damage_healed":0.0,"max_hp_gain":0.0,"max_hp_loss":0.0,"gold_gain":0.0,"event_name":"Tomb of Lord Red Mask","player_choice":"Ignored","floor":38.0,"gold_loss":0.0,"damage_taken":0.0}],"is_beta":false,"boss_relics":[{"not_picked":["Philosopher\u0027s Stone","Mark of Pain"],"picked":"Black Blood"},{"not_picked":["Velvet Choker","Runic Pyramid"],"picked":"Tiny House"}],"items_purged_floors":[3,37],"is_endless":false,"potions_floor_spawned":[4,5,11,13,22,27,29,31,33,36,41],"ascension_level":0}