{"gold_per_floor":[113,128,145,160,180,180,180,180,207,34,51,77,91,121,121,222,222,232,232,182,199,209,209,228,30,112,112,123,17,17,35,35,132,132,145,145,157,168,268,295,295,295],"floor_reached":42,"playtime":9494,"items_purged":["Strike_R","Strike_R","Strike_R"],"score":698,"play_id":"56856148-2286-4403-a99f-18782a59d247","local_time":"20190220192309","is_ascension_mode":true,"campfire_choices":[{"data":"Barricade","floor":6,"key":"SMITH"},{"data":"Battle Trance","floor":8,"key":"SMITH"},{"floor":15,"key":"REST"},{"data":"Impervious","floor":23,"key":"SMITH"},{"floor":30,"key":"REST"},{"data":"Juggernaut","floor":32,"key":"SMITH"},{"floor":41,"key":"REST"}],"neow_cost":"TEN_PERCENT_HP_LOSS","seed_source_timestamp":671696406718263,"circlet_count":0,"master_deck":["Strike_R+1","Strike_R+1","Defend_R","Defend_R","Defend_R","Defend_R","Bash","Battle Trance+1","Shrug It Off","Barricade+1","Chrysalis","Shrug It Off","Impervious+1","Body Slam+1","Juggernaut+1","Metallicize","Body Slam+1","Disarm+1"],"relics":["Burning Blood","Pocketwatch","Bag of Marbles","Vajra","Smiling Mask","Sozu","Enchiridion","Ancient Tea Set","The Courier","Anchor","Black Star","Prayer Wheel","Bird Faced Urn","Torii"],"potions_floor_usage":[12,12,12,14,16],"damage_taken":[{"damage":6,"enemies":"Cultist","floor":1,"turns":3},{"damage":4,"enemies":"2 Louse","floor":2,"turns":4},{"damage":4,"enemies":"Jaw Worm","floor":3,"turns":8},{"damage":6,"enemies":"Large Slime","floor":4,"turns":13},{"damage":0,"enemies":"Blue Slaver","floor":5,"turns":8},{"damage":17,"enemies":"Exordium Wildlife","floor":11,"turns":7},{"damage":19,"enemies":"Lagavulin","floor":12,"turns":8},{"damage":0,"enemies":"3 Louse","floor":13,"turns":7},{"damage":24,"enemies":"Gremlin Nob","floor":14,"turns":4},{"damage":0,"enemies":"Slime Boss","floor":16,"turns":23},{"damage":5,"enemies":"Spheric Guardian","floor":18,"turns":17},{"damage":5,"enemies":"Shell Parasite","floor":21,"turns":15},{"damage":0,"enemies":"Cultist and Chosen","floor":22,"turns":10},{"damage":14,"enemies":"Snake Plant","floor":24,"turns":5},{"damage":6,"enemies":"Snecko","floor":28,"turns":5},{"damage":0,"enemies":"Centurion and Healer","floor":31,"turns":4},{"damage":7,"enemies":"Champ","floor":33,"turns":7},{"damage":4,"enemies":"Orb Walker","floor":35,"turns":4},{"damage":0,"enemies":"3 Darklings","floor":37,"turns":5},{"damage":46,"enemies":"Writhing Mass","floor":38,"turns":5},{"damage":0,"enemies":"Mind Bloom Boss Battle","floor":39,"turns":4},{"damage":26,"enemies":"Reptomancer","floor":40,"turns":8},{"damage":52,"enemies":"Nemesis","floor":42,"turns":5}],"seed_played":"-2904514221213593532","potions_obtained":[{"floor":3,"key":"Weak Potion"},{"floor":4,"key":"FearPotion"},{"floor":11,"key":"Fire Potion"},{"floor":13,"key":"GamblersBrew"},{"floor":14,"key":"FearPotion"}],"is_trial":false,"path_per_floor":["M","M","M","M","M","R","?","R","T","$","M","E","M","E","R","B",null,"M","?","$","M","M","R","M","$","T","?","M","$","R","M","R","B",null,"M","?","M","M","?","E","R","E"],"character_chosen":"IRONCLAD","items_purchased":["Chrysalis","Ancient Tea Set","Metallicize"],"campfire_rested":3,"item_purchase_floors":[10,25,29],"current_hp_per_floor":[72,72,72,72,72,72,58,58,58,58,47,34,40,22,43,49,66,67,51,51,52,58,58,50,50,50,50,50,50,71,72,72,71,72,72,72,72,32,38,18,39,0],"gold":295,"neow_bonus":"ONE_RARE_RELIC","is_prod":false,"is_daily":false,"chose_seed":false,"campfire_upgraded":4,"win_rate":0,"timestamp":1550712189,"path_taken":["M","?","?","M","M","R","?","R","T","?","M","E","M","E","R","BOSS","M","?","$","M","M","R","M","$","T","?","M","?","R","M","R","BOSS","M","?","M","?","?","E","R","E"],"build_version":"2019-01-23","purchased_purges":3,"victory":false,"max_hp_per_floor":[72,72,72,72,72,72,72,72,72,72,72,72,72,72,72,72,72,72,72,72,72,72,72,72,72,72,72,72,72,72,72,72,72,72,72,72,72,72,72,72,72,72],"card_choices":[{"not_picked":["Pommel Strike","Sword Boomerang"],"picked":"Battle Trance","floor":1},{"not_picked":["Clothesline","Uppercut","Sword Boomerang"],"picked":"SKIP","floor":2},{"not_picked":["Armaments","Headbutt"],"picked":"Shrug It Off","floor":3},{"not_picked":["Anger","Heavy Blade"],"picked":"Barricade","floor":4},{"not_picked":["Combust","Havoc","Iron Wave"],"picked":"SKIP","floor":5},{"not_picked":["Battle Trance","Clash"],"picked":"Shrug It Off","floor":11},{"not_picked":["True Grit","Clash"],"picked":"Impervious","floor":12},{"not_picked":["Wild Strike","Iron Wave","Sever Soul"],"picked":"SKIP","floor":13},{"not_picked":["Clothesline","Clash","Dark Embrace"],"picked":"SKIP","floor":14},{"not_picked":["Hemokinesis","Feel No Pain","Heavy Blade"],"picked":"SKIP","floor":18},{"not_picked":["Cleave","Iron Wave+1","True Grit+1"],"picked":"SKIP","floor":21},{"not_picked":["Warcry","Fire Breathing"],"picked":"Body Slam+1","floor":22},{"not_picked":["Fire Breathing","Wild Strike","Sever Soul"],"picked":"SKIP","floor":24},{"not_picked":["Anger+1","Battle Trance"],"picked":"Juggernaut","floor":28},{"not_picked":["Pommel Strike","Ghostly Armor","Iron Wave"],"picked":"SKIP","floor":31},{"not_picked":["Shockwave+1","Infernal Blade+1","Twin Strike+1"],"picked":"SKIP","floor":35},{"not_picked":["Sentinel","Dual Wield+1","Flex"],"picked":"SKIP","floor":37},{"not_picked":["Sword Boomerang+1","Heavy Blade"],"picked":"Disarm+1","floor":38},{"not_picked":["Flex+1","Thunderclap","Havoc"],"picked":"SKIP","floor":40}],"player_experience":1477301,"relics_obtained":[{"floor":9,"key":"Bag of Marbles"},{"floor":12,"key":"Vajra"},{"floor":14,"key":"Smiling Mask"},{"floor":19,"key":"Enchiridion"},{"floor":26,"key":"The Courier"},{"floor":39,"key":"Prayer Wheel"},{"floor":40,"key":"Bird Faced Urn"},{"floor":40,"key":"Torii"}],"event_choices":[{"damage_healed":0,"gold_gain":0,"player_choice":"Entered Light","damage_taken":14,"max_hp_gain":0,"max_hp_loss":0,"event_name":"Shining Light","floor":7,"gold_loss":0,"cards_upgraded":["Strike_R","Strike_R"]},{"damage_healed":0,"gold_gain":0,"player_choice":"Obtained Book","damage_taken":16,"max_hp_gain":0,"max_hp_loss":0,"event_name":"Cursed Tome","floor":19,"gold_loss":0},{"damage_healed":0,"gold_gain":0,"player_choice":"Opened","damage_taken":0,"relics_obtained":["Anchor"],"max_hp_gain":0,"max_hp_loss":0,"event_name":"The Mausoleum","floor":27,"gold_loss":0},{"damage_healed":0,"gold_gain":0,"player_choice":"Copied","damage_taken":0,"max_hp_gain":0,"max_hp_loss":0,"event_name":"Duplicator","floor":36,"gold_loss":0,"cards_obtained":["Body Slam"]},{"damage_healed":0,"gold_gain":0,"player_choice":"Fight","damage_taken":0,"max_hp_gain":0,"max_hp_loss":0,"event_name":"MindBloom","floor":39,"gold_loss":0}],"is_beta":false,"boss_relics":[{"not_picked":["White Beast Statue","Tiny House"],"picked":"Sozu"},{"not_picked":["Coffee Dripper","Orrery"],"picked":"Black Star"}],"items_purged_floors":[20,25,29],"is_endless":false,"potions_floor_spawned":[3,4,11,13,14,22,31,33,37,39,40],"killed_by":"Nemesis","ascension_level":7}