{"gold_per_floor":[110,110,60,77,77,77,138,156,180,217,246,258,270,293,305,422,434,461,398,509,521,552,564,588,615,627,639,36,36,36,54,54,157,157,171,54,54,70,93,93],"floor_reached":40,"playtime":7180,"items_purged":["Strike_B","Defend_B"],"score":530,"play_id":"c64eb051-4711-4385-80f8-907947db26db","local_time":"20190309154220","is_ascension_mode":true,"campfire_choices":[{"data":"Zap","floor":6,"key":"SMITH"},{"floor":13,"key":"REST"},{"floor":15,"key":"REST"},{"floor":23,"key":"REST"},{"floor":29,"key":"REST"},{"floor":32,"key":"REST"}],"neow_cost":"NONE","seed_source_timestamp":118569402845662,"circlet_count":0,"master_deck":["Defend_B","Defend_B","Defend_B","Zap+1","Sunder","Cold Snap","Sunder","Conserve Battery","Echo Form","Conserve Battery","Defragment","Conserve Battery+1","Reboot","Defragment","Echo Form","Cold Snap","Loop+1"],"relics":["Cracked Core","Bottled Lightning","MawBank","DataDisk","Dodecahedron","Sozu","The Courier","Gambling Chip","Shovel","Pantograph","Inserter"],"potions_floor_usage":[16,16,16],"damage_taken":[{"damage":2,"enemies":"Jaw Worm","floor":1,"turns":4},{"damage":0,"enemies":"Small Slimes","floor":4,"turns":4},{"damage":32,"enemies":"Lagavulin Event","floor":7,"turns":5},{"damage":0,"enemies":"2 Louse","floor":8,"turns":2},{"damage":6,"enemies":"Exordium Wildlife","floor":11,"turns":3},{"damage":0,"enemies":"3 Louse","floor":14,"turns":2},{"damage":5,"enemies":"The Guardian","floor":16,"turns":7},{"damage":37,"enemies":"3 Byrds","floor":18,"turns":5},{"damage":5,"enemies":"Chosen","floor":22,"turns":5},{"damage":24,"enemies":"Snake Plant","floor":24,"turns":4},{"damage":10,"enemies":"Centurion and Healer","floor":25,"turns":4},{"damage":10,"enemies":"Cultist and Chosen","floor":31,"turns":5},{"damage":51,"enemies":"Collector","floor":33,"turns":15},{"damage":8,"enemies":"Orb Walker","floor":35,"turns":4},{"damage":36,"enemies":"3 Darklings","floor":38,"turns":4},{"damage":37,"enemies":"Reptomancer","floor":40,"turns":2}],"seed_played":"-8301716045190922425","potions_obtained":[{"floor":7,"key":"AttackPotion"},{"floor":8,"key":"Dexterity Potion"},{"floor":11,"key":"EssenceOfSteel"}],"is_trial":false,"path_per_floor":["M","?","?","M","?","R","?","M","T","T","M","T","R","M","R","B",null,"M","?","?","T","M","R","M","M","T","?","$","R","?","M","R","B",null,"M","$","?","M","T","E"],"character_chosen":"DEFECT","items_purchased":["Shovel","Reboot","Pantograph","Cold Snap"],"campfire_rested":5,"item_purchase_floors":[28,28,28,36],"current_hp_per_floor":[66,71,71,71,71,71,39,39,39,39,33,33,57,57,80,75,79,42,42,42,42,37,61,37,27,27,12,12,37,37,27,52,26,70,62,62,62,26,26,0],"gold":93,"neow_bonus":"REMOVE_CARD","is_prod":false,"is_daily":false,"chose_seed":false,"campfire_upgraded":1,"win_rate":0,"timestamp":1552167740,"path_taken":["M","?","?","M","?","R","?","M","T","?","?","?","R","M","R","BOSS","M","?","?","?","?","R","M","M","T","?","$","R","?","M","R","BOSS","M","?","?","?","?","E"],"build_version":"2019-01-23","purchased_purges":2,"victory":false,"max_hp_per_floor":[75,80,80,80,80,80,80,80,80,80,80,80,80,80,80,80,80,80,80,80,80,80,80,80,80,80,85,85,85,85,85,85,85,85,85,85,85,85,85,85],"card_choices":[{"not_picked":["Gash","Self Repair"],"picked":"Sunder","floor":1},{"not_picked":["Gash","Scrape"],"picked":"Cold Snap","floor":4},{"not_picked":["Double Energy","Steam","Sweeping Beam"],"picked":"SKIP","floor":8},{"not_picked":["Coolheaded","Go for the Eyes"],"picked":"Sunder","floor":11},{"not_picked":["Hologram","Stack"],"picked":"Conserve Battery","floor":14},{"not_picked":["All For One","Buffer"],"picked":"Echo Form","floor":16},{"not_picked":["Scrape","Sweeping Beam"],"picked":"Conserve Battery","floor":18},{"not_picked":["Darkness","Skim","Aggregate+1"],"picked":"SKIP","floor":22},{"not_picked":["Turbo+1","Cold Snap"],"picked":"Defragment","floor":24},{"not_picked":["Lockon","Melter"],"picked":"Conserve Battery+1","floor":25},{"not_picked":["Hologram+1","Steam","Beam Cell+1"],"picked":"SKIP","floor":31},{"not_picked":["Buffer","Hyperbeam"],"picked":"Echo Form","floor":33},{"not_picked":["Lockon","Self Repair+1","Reprogram"],"picked":"SKIP","floor":35},{"not_picked":["Darkness","Rebound"],"picked":"Loop+1","floor":38}],"player_experience":1597973,"relics_obtained":[{"floor":7,"key":"Bottled Lightning"},{"floor":9,"key":"MawBank"},{"floor":10,"key":"DataDisk"},{"floor":12,"key":"Dodecahedron"},{"floor":21,"key":"The Courier"},{"floor":26,"key":"Gambling Chip"}],"event_choices":[{"damage_healed":0,"gold_gain":0,"player_choice":"Donut","damage_taken":0,"max_hp_gain":5,"max_hp_loss":0,"event_name":"Big Fish","floor":2,"gold_loss":0},{"cards_removed":["Strike_B"],"damage_healed":0,"gold_gain":0,"player_choice":"Card Removal","damage_taken":0,"max_hp_gain":0,"max_hp_loss":0,"event_name":"The Cleric","floor":3,"gold_loss":50},{"cards_removed":["Strike_B"],"damage_healed":0,"gold_gain":0,"player_choice":"Forget","damage_taken":0,"max_hp_gain":0,"max_hp_loss":0,"event_name":"Living Wall","floor":5,"gold_loss":0},{"damage_healed":0,"gold_gain":0,"player_choice":"Searched \u00271\u0027 times","damage_taken":0,"max_hp_gain":0,"max_hp_loss":0,"event_name":"Dead Adventurer","floor":7,"gold_loss":0},{"cards_removed":["Strike_B"],"damage_healed":0,"gold_gain":0,"player_choice":"Gave Gold","damage_taken":0,"max_hp_gain":0,"max_hp_loss":0,"event_name":"Beggar","floor":19,"gold_loss":75},{"damage_healed":0,"gold_gain":99,"player_choice":"Stole From Cult","damage_taken":0,"max_hp_gain":0,"max_hp_loss":0,"event_name":"Nest","floor":20,"gold_loss":0},{"damage_healed":0,"gold_gain":0,"player_choice":"Shed Blood","damage_taken":20,"max_hp_gain":5,"max_hp_loss":0,"event_name":"Forgotten Altar","floor":27,"gold_loss":0},{"damage_healed":0,"gold_gain":0,"player_choice":"Copied","damage_taken":0,"max_hp_gain":0,"max_hp_loss":0,"event_name":"Duplicator","floor":30,"gold_loss":0,"cards_obtained":["Defragment"]},{"damage_healed":0,"gold_gain":0,"player_choice":"Ignored","damage_taken":0,"max_hp_gain":0,"max_hp_loss":0,"event_name":"SecretPortal","floor":37,"gold_loss":0}],"is_beta":false,"boss_relics":[{"not_picked":["Nuclear Battery","Busted Crown"],"picked":"Sozu"},{"not_picked":["Coffee Dripper","Black Star"],"picked":"Inserter"}],"items_purged_floors":[28,36],"is_endless":false,"potions_floor_spawned":[7,8,11,24,25,33,38],"killed_by":"Reptomancer","ascension_level":7}