{"gold_per_floor":[113,113,124,124,135,135,155,155,155,80,96,109,109,109,109,205,205,224,224,236,255,255,255,274,274],"floor_reached":25,"playtime":1825,"items_purged":["Strike_G"],"score":392,"play_id":"e6be275b-502b-496d-9126-19722f5ea37c","local_time":"20190806204506","is_ascension_mode":true,"campfire_choices":[{"floor":6,"key":"REST"},{"data":"Survivor","floor":8,"key":"SMITH"},{"floor":15,"key":"REST"},{"floor":23,"key":"REST"}],"neow_cost":"NONE","seed_source_timestamp":330669994092500,"circlet_count":0,"master_deck":["AscendersBane","Strike_G","Strike_G","Strike_G","Defend_G","Defend_G","Defend_G","Defend_G+1","Defend_G+1","Survivor+1","Neutralize+1","Deadly Poison","Adrenaline","Deadly Poison","Adrenaline","Footwork","Backflip"],"relics":["Ring of the Snake","Kunai","Boot","Philosopher\u0027s Stone","FossilizedHelix"],"potions_floor_usage":[16,16,21,24,25],"damage_taken":[{"damage":7,"enemies":"Jaw Worm","floor":1,"turns":5},{"damage":0,"enemies":"Cultist","floor":3,"turns":6},{"damage":7,"enemies":"2 Louse","floor":5,"turns":5},{"damage":3,"enemies":"Blue Slaver","floor":7,"turns":6},{"damage":14,"enemies":"Lots of Slimes","floor":11,"turns":11},{"damage":11,"enemies":"Exordium Wildlife","floor":12,"turns":11},{"damage":0,"enemies":"The Guardian","floor":16,"turns":14},{"damage":14,"enemies":"Spheric Guardian","floor":18,"turns":5},{"damage":2,"enemies":"Shell Parasite","floor":20,"turns":5},{"damage":15,"enemies":"Cultist and Chosen","floor":21,"turns":10},{"damage":38,"enemies":"3 Cultists","floor":24,"turns":11},{"damage":24,"enemies":"Slavers","floor":25,"turns":5}],"seed_played":"-761625443936256402","potions_obtained":[{"floor":11,"key":"LiquidBronze"},{"floor":12,"key":"SkillPotion"},{"floor":16,"key":"SkillPotion"},{"floor":18,"key":"GhostInAJar"},{"floor":24,"key":"Swift Potion"}],"is_trial":false,"path_per_floor":["M","?","M","?","M","R","M","R","T","$","M","M","?","?","R","B",null,"M","?","M","M","?","R","M","E"],"character_chosen":"THE_SILENT","items_purchased":[],"campfire_rested":3,"item_purchase_floors":[],"current_hp_per_floor":[56,49,49,49,42,63,60,60,60,60,46,35,40,25,47,47,68,54,54,52,37,37,59,21,0],"gold":274,"neow_bonus":"UPGRADE_CARD","is_prod":false,"is_daily":false,"chose_seed":false,"campfire_upgraded":1,"win_rate":0,"timestamp":1565142306,"path_taken":["M","?","M","?","M","R","M","R","T","$","?","M","?","?","R","BOSS","M","?","?","M","?","R","M","E"],"build_version":"2019-07-17","purchased_purges":1,"victory":false,"max_hp_per_floor":[70,70,70,70,70,70,70,70,70,70,70,70,75,75,75,75,75,75,75,75,75,75,75,75,75],"card_choices":[{"not_picked":["Sucker Punch","Dagger Spray","Outmaneuver"],"picked":"SKIP","floor":1},{"not_picked":["Reflex","Slice","Bane"],"picked":"SKIP","floor":3},{"not_picked":["Sucker Punch","Deflect","Expertise"],"picked":"SKIP","floor":5},{"not_picked":["Deflect","Acrobatics","Masterful Stab"],"picked":"SKIP","floor":7},{"not_picked":["Night Terror","Bane","Slice"],"picked":"SKIP","floor":11},{"not_picked":["Dodge and Roll","Poisoned Stab"],"picked":"Deadly Poison","floor":12},{"not_picked":["Venomology","Envenom"],"picked":"Adrenaline","floor":16},{"not_picked":["Infinite Blades+1","Slice"],"picked":"Deadly Poison","floor":18},{"not_picked":["Dagger Spray","Dagger Throw"],"picked":"Footwork","floor":20},{"not_picked":["Cloak And Dagger","Flying Knee"],"picked":"Backflip","floor":21},{"not_picked":["Deflect","Acrobatics","Choke"],"picked":"SKIP","floor":24}],"player_experience":2714049,"relics_obtained":[{"floor":4,"key":"Kunai"},{"floor":9,"key":"Boot"}],"event_choices":[{"cards_removed":["Strike_G"],"damage_healed":0,"gold_gain":0,"player_choice":"Card Removal","damage_taken":7,"max_hp_gain":0,"max_hp_loss":0,"event_name":"Golden Wing","floor":2,"gold_loss":0},{"damage_healed":0,"gold_gain":0,"player_choice":"Relic","damage_taken":0,"max_hp_gain":0,"max_hp_loss":0,"event_name":"Wheel of Change","floor":4,"gold_loss":0},{"damage_healed":0,"gold_gain":0,"player_choice":"Donut","damage_taken":0,"max_hp_gain":5,"max_hp_loss":0,"event_name":"Big Fish","floor":13,"gold_loss":0},{"damage_healed":0,"gold_gain":0,"player_choice":"Entered Light","damage_taken":15,"max_hp_gain":0,"max_hp_loss":0,"event_name":"Shining Light","floor":14,"gold_loss":0,"cards_upgraded":["Defend_G","Defend_G"]},{"damage_healed":0,"gold_gain":0,"player_choice":"Copied","damage_taken":0,"max_hp_gain":0,"max_hp_loss":0,"event_name":"Duplicator","floor":19,"gold_loss":0,"cards_obtained":["Adrenaline"]},{"damage_healed":0,"gold_gain":0,"player_choice":"Opened","damage_taken":0,"relics_obtained":["FossilizedHelix"],"max_hp_gain":0,"max_hp_loss":0,"event_name":"The Mausoleum","floor":22,"gold_loss":0}],"is_beta":false,"boss_relics":[{"not_picked":["Velvet Choker","Tiny House"],"picked":"Philosopher\u0027s Stone"}],"items_purged_floors":[10],"is_endless":false,"potions_floor_spawned":[11,12,16,18,24],"killed_by":"Slavers","ascension_level":12}