{"gold_per_floor":[113,126,142,142,111,131,143,143],"floor_reached":8,"playtime":657,"items_purged":[],"score":78,"play_id":"bb159e2e-d7d0-4458-95f4-85a02b1b83aa","local_time":"20190717124743","is_ascension_mode":true,"campfire_choices":[],"neow_cost":"NONE","seed_source_timestamp":476552647240523,"circlet_count":0,"master_deck":["AscendersBane","Strike_G","Strike_G","Strike_G","Strike_G","Strike_G","Defend_G","Defend_G","Defend_G","Defend_G","Defend_G","Survivor","Neutralize","Night Terror","Backflip","Predator","Backflip","Deadly Poison"],"relics":["Ring of the Snake","Kunai"],"potions_floor_usage":[],"damage_taken":[{"damage":3,"enemies":"2 Louse","floor":1,"turns":4},{"damage":7,"enemies":"Small Slimes","floor":2,"turns":4},{"damage":10,"enemies":"Cultist","floor":3,"turns":4},{"damage":5,"enemies":"Exordium Thugs","floor":5,"turns":6},{"damage":12,"enemies":"Large Slime","floor":6,"turns":13},{"damage":0,"enemies":"Blue Slaver","floor":7,"turns":6},{"damage":26,"enemies":"Exordium Thugs","floor":8,"turns":5}],"seed_played":"-3745049350797431467","potions_obtained":[{"floor":2,"key":"Ancient Potion"},{"floor":5,"key":"FearPotion"},{"floor":6,"key":"Fire Potion"}],"is_trial":false,"path_per_floor":["M","M","M","?","M","M","M","M"],"character_chosen":"THE_SILENT","items_purchased":[],"campfire_rested":0,"item_purchase_floors":[],"current_hp_per_floor":[60,53,43,40,35,23,23,0],"gold":143,"neow_bonus":"ONE_RANDOM_RARE_CARD","is_prod":false,"is_daily":false,"chose_seed":false,"campfire_upgraded":0,"win_rate":0,"timestamp":1563385663,"path_taken":["M","M","M","?","M","M","M","M"],"build_version":"2019-07-05","purchased_purges":0,"victory":false,"max_hp_per_floor":[70,70,70,70,70,70,70,70],"card_choices":[{"not_picked":["Outmaneuver","Dagger Throw"],"picked":"Backflip","floor":1},{"not_picked":["Blade Dance","Slice"],"picked":"Predator","floor":2},{"not_picked":["Poisoned Stab","Blade Dance","Heel Hook"],"picked":"SKIP","floor":3},{"not_picked":["Heel Hook","Underhanded Strike"],"picked":"Backflip","floor":5},{"not_picked":["Distraction","PiercingWail"],"picked":"Deadly Poison","floor":6},{"not_picked":["Endless Agony","Glass Knife","Bane"],"picked":"SKIP","floor":7}],"player_experience":2377978,"relics_obtained":[],"event_choices":[{"damage_healed":0,"gold_gain":0,"player_choice":"Success","damage_taken":3,"relics_obtained":["Kunai"],"max_hp_gain":0,"max_hp_loss":0,"event_name":"Scrap Ooze","floor":4,"gold_loss":0}],"is_beta":false,"boss_relics":[],"items_purged_floors":[],"is_endless":false,"potions_floor_spawned":[2,5,6],"killed_by":"Exordium Thugs","ascension_level":10}