{"gold_per_floor":[109,109,123,10,26,26,41,41,66,66,96,127,139,179,191,303,315,345,107,0,15,15,27,227,227,227,102,133,133,163,163,163,163],"floor_reached":33,"playtime":2451,"items_purged":["Pain","Strike_B","Strike_B"],"score":291,"play_id":"b9b6c187-155c-424a-a183-53113f6a33d6","local_time":"20190831082202","is_ascension_mode":false,"campfire_choices":[{"data":"Fusion","floor":6,"key":"SMITH"},{"data":"Turbo","floor":8,"key":"SMITH"},{"data":"Zap","floor":10,"key":"SMITH"},{"floor":13,"key":"REST"},{"floor":15,"key":"REST"},{"floor":25,"key":"REST"},{"floor":32,"key":"REST"}],"neow_cost":"NONE","seed_source_timestamp":239176522000,"circlet_count":0,"master_deck":["Strike_B","Strike_B","Defend_B","Defend_B","Defend_B","Defend_B","Zap+1","Dualcast","Conserve Battery","Melter","Fusion+1","Ball Lightning","Turbo+1","Reprogram","Self Repair","Electrodynamics","Coolheaded","Hello World+1","Self Repair"],"relics":["Cracked Core","Bag of Marbles","WarpedTongs","PreservedInsect","MawBank","Cables","Nuclear Battery","Juzu Bracelet","Omamori","Vajra","MutagenicStrength","Boot"],"potions_floor_usage":[23,28,33,33],"damage_taken":[{"damage":3,"enemies":"Small Slimes","floor":1,"turns":2},{"damage":1,"enemies":"Cultist","floor":3,"turns":3},{"damage":0,"enemies":"2 Louse","floor":5,"turns":4},{"damage":8,"enemies":"Exordium Wildlife","floor":7,"turns":4},{"damage":9,"enemies":"3 Sentries","floor":11,"turns":4},{"damage":22,"enemies":"Gremlin Gang","floor":12,"turns":4},{"damage":18,"enemies":"Lagavulin","floor":14,"turns":4},{"damage":33,"enemies":"The Guardian","floor":16,"turns":12},{"damage":23,"enemies":"2 Thieves","floor":18,"turns":3},{"damage":6,"enemies":"Shell Parasite","floor":21,"turns":5},{"damage":19,"enemies":"Snake Plant","floor":23,"turns":4},{"damage":32,"enemies":"Slavers","floor":28,"turns":3},{"damage":31,"enemies":"Gremlin Leader","floor":30,"turns":5},{"damage":50,"enemies":"Automaton","floor":33,"turns":12}],"seed_played":"-965502039963277321","potions_obtained":[{"floor":5,"key":"LiquidBronze"},{"floor":7,"key":"SpeedPotion"},{"floor":14,"key":"Fire Potion"},{"floor":30,"key":"EssenceOfSteel"}],"is_trial":false,"path_per_floor":["M","?","M","$","M","R","M","R","T","R","E","M","R","E","R","B",null,"M","$","?","M","?","M","?","R","T","$","E","?","E","?","R","B"],"character_chosen":"DEFECT","items_purchased":["Fusion","Juzu Bracelet"],"campfire_rested":4,"item_purchase_floors":[4,19],"current_hp_per_floor":[72,72,71,71,71,71,63,63,63,63,54,32,54,36,58,35,75,59,59,59,63,49,37,37,61,61,61,36,36,12,12,36,0],"gold":163,"neow_bonus":"RANDOM_COMMON_RELIC","is_prod":false,"is_daily":false,"chose_seed":false,"campfire_upgraded":3,"win_rate":0,"timestamp":1567210922,"path_taken":["M","?","M","$","M","R","M","R","T","R","E","M","R","E","R","BOSS","M","?","?","M","?","M","?","R","T","$","E","?","E","?","R","BOSS"],"build_version":"2019-07-17","purchased_purges":3,"victory":false,"max_hp_per_floor":[75,75,75,75,75,75,75,75,75,75,75,75,75,75,75,75,75,75,75,75,75,80,80,80,80,80,80,80,80,80,80,80,80],"card_choices":[{"not_picked":["Barrage","Rip and Tear"],"picked":"Conserve Battery","floor":1},{"not_picked":["Darkness","Gash"],"picked":"Melter","floor":3},{"not_picked":["Conserve Battery","Recycle"],"picked":"Ball Lightning","floor":5},{"not_picked":["Defragment","Compile Driver"],"picked":"Turbo","floor":7},{"not_picked":["Consume","Static Discharge"],"picked":"Reprogram","floor":11},{"not_picked":["Stack","Turbo","Redo"],"picked":"SKIP","floor":12},{"not_picked":["Coolheaded","Barrage"],"picked":"Self Repair","floor":14},{"not_picked":["Rainbow","Thunder Strike"],"picked":"Electrodynamics","floor":16},{"not_picked":["Compile Driver","Ball Lightning"],"picked":"Coolheaded","floor":18},{"not_picked":["Auto Shields","Melter+1"],"picked":"Hello World+1","floor":21},{"not_picked":["Conserve Battery","Stack+1","Reinforced Body"],"picked":"SKIP","floor":23},{"not_picked":["Fusion","Ball Lightning","Rainbow"],"picked":"SKIP","floor":28},{"not_picked":["Barrage","Steam"],"picked":"Self Repair","floor":30}],"player_experience":249512,"relics_obtained":[{"floor":9,"key":"PreservedInsect"},{"floor":11,"key":"MawBank"},{"floor":14,"key":"Cables"},{"floor":26,"key":"Omamori"},{"floor":28,"key":"Vajra"},{"floor":30,"key":"Boot"}],"event_choices":[{"damage_healed":0,"gold_gain":0,"player_choice":"Rummage","damage_taken":0,"relics_obtained":["WarpedTongs"],"max_hp_gain":0,"max_hp_loss":0,"event_name":"Accursed Blacksmith","floor":2,"gold_loss":0,"cards_obtained":["Pain"]},{"damage_healed":0,"gold_gain":0,"player_choice":"Paid Fearfully","damage_taken":0,"max_hp_gain":0,"max_hp_loss":0,"event_name":"Masked Bandits","floor":20,"gold_loss":107},{"damage_healed":0,"gold_gain":0,"player_choice":"Shed Blood","damage_taken":19,"max_hp_gain":5,"max_hp_loss":0,"event_name":"Forgotten Altar","floor":22,"gold_loss":0},{"damage_healed":0,"gold_gain":200,"player_choice":"Gold","damage_taken":0,"max_hp_gain":0,"max_hp_loss":0,"event_name":"Wheel of Change","floor":24,"gold_loss":0},{"damage_healed":0,"gold_gain":0,"player_choice":"Inject Mutagens","damage_taken":0,"relics_obtained":["MutagenicStrength"],"max_hp_gain":0,"max_hp_loss":0,"event_name":"Drug Dealer","floor":29,"gold_loss":0},{"damage_healed":0,"gold_gain":0,"player_choice":"Ignored","damage_taken":0,"max_hp_gain":0,"max_hp_loss":0,"event_name":"Cursed Tome","floor":31,"gold_loss":0}],"is_beta":false,"boss_relics":[{"not_picked":["Astrolabe","Orrery"],"picked":"Nuclear Battery"}],"items_purged_floors":[4,19,27],"is_endless":false,"potions_floor_spawned":[5,7,14,16,21,30],"killed_by":"Automaton","ascension_level":0}