{"gold_per_floor":[111,56,70,89,14,14,89,122,148,148,162,177,197,215,215,318,318,334,108,125,40,40],"floor_reached":22,"playtime":5803,"items_purged":["Strike_G","Strike_G"],"score":301,"play_id":"2fe70ea6-47e0-4ffc-b62b-1b9ae44cd7f1","local_time":"20190806193229","is_ascension_mode":true,"campfire_choices":[{"data":"Survivor","floor":6,"key":"SMITH"},{"floor":10,"key":"REST"},{"floor":15,"key":"REST"}],"neow_cost":"NONE","seed_source_timestamp":322316876957400,"circlet_count":0,"master_deck":["AscendersBane","Strike_G","Strike_G","Strike_G","Defend_G","Defend_G","Defend_G","Defend_G","Defend_G","Survivor+1","Neutralize","Deadly Poison","Noxious Fumes","Backstab","Bouncing Flask","Caltrops","Bullet Time","Burst"],"relics":["Orrery","Orichalcum","Gremlin Horn","Bag of Preparation","Cursed Key","Tiny Chest","Tough Bandages"],"potions_floor_usage":[8,8,16,16],"damage_taken":[{"damage":0,"enemies":"Small Slimes","floor":1,"turns":2},{"damage":5,"enemies":"Cultist","floor":3,"turns":6},{"damage":2,"enemies":"2 Louse","floor":4,"turns":3},{"damage":18,"enemies":"3 Sentries","floor":8,"turns":8},{"damage":8,"enemies":"Gremlin Gang","floor":11,"turns":6},{"damage":4,"enemies":"3 Louse","floor":12,"turns":4},{"damage":7,"enemies":"Blue Slaver","floor":13,"turns":3},{"damage":5,"enemies":"Large Slime","floor":14,"turns":7},{"damage":32,"enemies":"The Guardian","floor":16,"turns":9},{"damage":23,"enemies":"Chosen","floor":18,"turns":7},{"damage":8,"enemies":"Shell Parasite","floor":20,"turns":5},{"damage":37,"enemies":"Cultist and Chosen","floor":22,"turns":6}],"seed_played":"4212074378339109336","potions_obtained":[{"floor":3,"key":"FearPotion"},{"floor":4,"key":"FearPotion"},{"floor":8,"key":"Fire Potion"},{"floor":12,"key":"EssenceOfSteel"},{"floor":13,"key":"Regen Potion"}],"is_trial":false,"path_per_floor":["M","?","M","M","$","R","?","E","T","R","M","M","M","M","R","B",null,"M","$","M","?","M"],"character_chosen":"THE_SILENT","items_purchased":["Tiny Chest"],"campfire_rested":2,"item_purchase_floors":[19],"current_hp_per_floor":[63,63,58,56,56,56,49,31,31,52,44,40,33,28,49,32,61,38,38,30,30,0],"gold":40,"neow_bonus":"BOSS_RELIC","is_prod":false,"is_daily":false,"chose_seed":false,"campfire_upgraded":1,"win_rate":0,"timestamp":1565137949,"path_taken":["M","?","?","M","$","R","?","E","T","R","M","M","M","M","R","BOSS","M","$","?","?","M"],"build_version":"2019-07-17","purchased_purges":2,"victory":false,"max_hp_per_floor":[70,70,70,70,70,70,70,70,70,70,70,70,70,70,70,70,70,70,70,70,70,70],"card_choices":[{"not_picked":["Poisoned Stab","Distraction"],"picked":"Deadly Poison","floor":0},{"not_picked":["Blade Dance","Choke"],"picked":"Noxious Fumes","floor":0},{"not_picked":["Heel Hook","Acrobatics"],"picked":"Backstab","floor":0},{"not_picked":["Expertise","Bane"],"picked":"Bouncing Flask","floor":0},{"not_picked":["Sucker Punch","Acrobatics","Blade Dance"],"picked":"SKIP","floor":1},{"not_picked":["Prepared","PiercingWail","Calculated Gamble"],"picked":"SKIP","floor":3},{"not_picked":["Acrobatics","Outmaneuver"],"picked":"Caltrops","floor":4},{"not_picked":["Slice","Sucker Punch","Underhanded Strike"],"picked":"SKIP","floor":8},{"not_picked":["Backflip","Sucker Punch"],"picked":"Bullet Time","floor":11},{"not_picked":["Quick Slash","Outmaneuver","Flying Knee"],"picked":"SKIP","floor":12},{"not_picked":["Riddle With Holes","Sucker Punch","Tactician"],"picked":"SKIP","floor":13},{"not_picked":["Outmaneuver","Deflect","Cloak And Dagger"],"picked":"SKIP","floor":14},{"not_picked":["Grand Finale","Die Die Die"],"picked":"Burst","floor":16},{"not_picked":["Deflect","Flying Knee","Underhanded Strike"],"picked":"SKIP","floor":18},{"not_picked":["Flying Knee","Reflex+1","Slice"],"picked":"SKIP","floor":20}],"player_experience":2708246,"relics_obtained":[{"floor":8,"key":"Gremlin Horn"},{"floor":9,"key":"Bag of Preparation"}],"event_choices":[{"damage_healed":0,"gold_gain":0,"player_choice":"Paid Gold","damage_taken":0,"relics_obtained":["Orichalcum"],"max_hp_gain":0,"max_hp_loss":0,"event_name":"WeMeetAgain","floor":2,"gold_loss":55},{"damage_healed":0,"gold_gain":75,"player_choice":"Touch","damage_taken":7,"max_hp_gain":0,"max_hp_loss":0,"event_name":"FaceTrader","floor":7,"gold_loss":0},{"damage_healed":0,"gold_gain":0,"player_choice":"Obtained Relic","damage_taken":0,"relics_obtained":["Tough Bandages"],"max_hp_gain":0,"max_hp_loss":0,"event_name":"Addict","floor":21,"gold_loss":85}],"is_beta":false,"boss_relics":[{"not_picked":["Lizard Tail","HoveringKite"],"picked":"Cursed Key"}],"items_purged_floors":[5,19],"is_endless":false,"potions_floor_spawned":[3,4,8,12,13],"killed_by":"Cultist and Chosen","ascension_level":12}