{"gold_per_floor":[116,116,66,66,66,66,84,9,34,89,89,105,105,119,119,214,214,233,244,244,144,144,144,173,191,214,227,244,244,119,147,147,147],"floor_reached":33,"playtime":2773,"items_purged":["Defend_R","Strike_R","Strike_R+1"],"score":287,"play_id":"7c3cdf49-12c2-4ba3-8b2a-bcc719c36045","local_time":"20181106214149","is_ascension_mode":true,"campfire_choices":[{"data":"Infernal Blade","floor":6,"key":"SMITH"},{"data":"Rage","floor":13,"key":"SMITH"},{"data":"Anger","floor":15,"key":"SMITH"},{"floor":29,"key":"REST"},{"floor":32,"key":"REST"}],"neow_cost":"NONE","seed_source_timestamp":2410879433715321,"circlet_count":0,"master_deck":["Strike_R+1","Strike_R+1","Defend_R+1","Defend_R+1","Defend_R+1","Infernal Blade+1","Headbutt","Rage+1","Anger+1","Armaments","Intimidate","Iron Wave","Barricade","Dual Wield+1","Cleave","Body Slam","Rage","Feed"],"relics":["Orrery","Vajra","Centennial Puzzle","Regal Pillow","Sozu","Bronze Scales","Strawberry","Gambling Chip"],"potions_floor_usage":[16,16,16,24],"damage_taken":[{"damage":0,"enemies":"2 Louse","floor":1,"turns":1},{"damage":6,"enemies":"Jaw Worm","floor":7,"turns":2},{"damage":8,"enemies":"3 Sentries","floor":10,"turns":7},{"damage":0,"enemies":"Small Slimes","floor":12,"turns":2},{"damage":2,"enemies":"Looter","floor":14,"turns":2},{"damage":19,"enemies":"Slime Boss","floor":16,"turns":14},{"damage":9,"enemies":"3 Byrds","floor":18,"turns":6},{"damage":7,"enemies":"Shell Parasite","floor":19,"turns":7},{"damage":23,"enemies":"Slavers","floor":24,"turns":8},{"damage":15,"enemies":"Snake Plant","floor":25,"turns":4},{"damage":6,"enemies":"Chosen and Byrds","floor":27,"turns":5},{"damage":5,"enemies":"Shelled Parasite and Fungi","floor":28,"turns":4},{"damage":15,"enemies":"Book of Stabbing","floor":31,"turns":5},{"damage":78,"enemies":"Automaton","floor":33,"turns":10}],"seed_played":"-281868340064625756","potions_obtained":[{"floor":1,"key":"GamblersBrew"},{"floor":10,"key":"Explosive Potion"},{"floor":12,"key":"SkillPotion"},{"floor":16,"key":"Poison Potion"}],"is_trial":false,"path_per_floor":["M","?","?","$","?","R","M","$","T","?","$","M","R","M","R","B",null,"M","M","?","$","?","?","E","M","T","M","M","R","$","E","R","B"],"character_chosen":"IRONCLAD","items_purchased":[],"campfire_rested":2,"item_purchase_floors":[],"current_hp_per_floor":[80,77,77,77,77,77,71,71,71,63,63,63,63,61,61,42,80,71,64,49,49,49,49,26,11,18,12,7,49,49,34,76,0],"gold":147,"neow_bonus":"BOSS_RELIC","is_prod":false,"is_daily":false,"chose_seed":false,"campfire_upgraded":3,"win_rate":0,"timestamp":1541562109,"path_taken":["M","?","?","?","?","R","M","?","T","?","?","?","R","?","R","BOSS","M","M","?","$","?","?","E","M","T","M","?","R","?","E","R","BOSS"],"build_version":"2018-11-01","purchased_purges":3,"victory":false,"max_hp_per_floor":[80,80,80,80,80,80,80,80,80,80,80,80,80,80,80,80,80,80,80,85,85,85,85,85,85,92,92,92,92,92,92,92,92],"card_choices":[{"not_picked":["Disarm","Combust"],"picked":"Infernal Blade","floor":0},{"not_picked":["Twin Strike","Corruption"],"picked":"Headbutt","floor":0},{"not_picked":["Inflame","Combust"],"picked":"Rage","floor":0},{"not_picked":["Clash","Armaments"],"picked":"Anger","floor":0},{"not_picked":["Heavy Blade","Wild Strike","True Grit"],"picked":"SKIP","floor":1},{"not_picked":["Searing Blow","Carnage"],"picked":"Armaments","floor":7},{"not_picked":["Headbutt","Heavy Blade"],"picked":"Intimidate","floor":10},{"not_picked":["Clothesline","Pummel","Shrug It Off"],"picked":"SKIP","floor":12},{"not_picked":["Dropkick","Clothesline"],"picked":"Iron Wave","floor":14},{"not_picked":["Immolate","Feed"],"picked":"Barricade","floor":16},{"not_picked":["Twin Strike","Clothesline","Dropkick+1"],"picked":"SKIP","floor":18},{"not_picked":["Feel No Pain","Cleave"],"picked":"Dual Wield+1","floor":19},{"not_picked":["Perfected Strike","Clothesline+1"],"picked":"Cleave","floor":24},{"not_picked":["Iron Wave","Entrench"],"picked":"Body Slam","floor":25},{"not_picked":["Hemokinesis","Warcry"],"picked":"Rage","floor":27},{"not_picked":["Headbutt+1","Wild Strike"],"picked":"Feed","floor":28},{"not_picked":["Feel No Pain","Dropkick","Rage"],"picked":"SKIP","floor":31}],"player_experience":23209,"relics_obtained":[{"floor":9,"key":"Centennial Puzzle"},{"floor":10,"key":"Regal Pillow"},{"floor":24,"key":"Bronze Scales"},{"floor":26,"key":"Strawberry"},{"floor":31,"key":"Gambling Chip"}],"event_choices":[{"damage_healed":0,"gold_gain":0,"player_choice":"Success","damage_taken":3,"relics_obtained":["Vajra"],"max_hp_gain":0,"max_hp_loss":0,"event_name":"Scrap Ooze","floor":2,"gold_loss":0},{"cards_removed":["Bash"],"damage_healed":0,"gold_gain":0,"player_choice":"Card Removal","damage_taken":0,"max_hp_gain":0,"max_hp_loss":0,"event_name":"The Cleric","floor":3,"gold_loss":50},{"damage_healed":0,"gold_gain":0,"player_choice":"Ignored","damage_taken":0,"max_hp_gain":0,"max_hp_loss":0,"event_name":"Liars Game","floor":5,"gold_loss":0},{"damage_healed":0,"gold_gain":0,"player_choice":"Searched \u00272\u0027 times","damage_taken":0,"max_hp_gain":0,"max_hp_loss":0,"event_name":"Dead Adventurer","floor":10,"gold_loss":0},{"damage_healed":0,"gold_gain":0,"player_choice":"Shed Blood","damage_taken":20,"max_hp_gain":5,"max_hp_loss":0,"event_name":"Forgotten Altar","floor":20,"gold_loss":0},{"damage_healed":0,"gold_gain":0,"player_choice":"Simplicity","damage_taken":0,"max_hp_gain":0,"max_hp_loss":0,"event_name":"Back to Basics","floor":22,"gold_loss":0,"cards_upgraded":["Strike_R","Strike_R","Strike_R","Strike_R","Defend_R","Defend_R","Defend_R"]},{"cards_removed":["Strike_R"],"damage_healed":0,"gold_gain":0,"player_choice":"Purged","damage_taken":0,"max_hp_gain":0,"max_hp_loss":0,"event_name":"Purifier","floor":23,"gold_loss":0}],"is_beta":false,"boss_relics":[{"not_picked":["Runic Cube","Coffee Dripper"],"picked":"Sozu"}],"items_purged_floors":[8,21,30],"is_endless":false,"potions_floor_spawned":[1,10,12,16,24,25,27,28],"killed_by":"Automaton","ascension_level":1}