{"gold_per_floor":[364,47,47,67,77,77,96,111,111,123,136,136,105,5,5,110,110,129,4,4,4,24,24,40,56,56,73,73,91,2,2,2,100,100,111,186,196,196],"floor_reached":38,"playtime":2205,"items_purged":["Dualcast","Strike_B","Strike_B"],"score":592,"play_id":"34757286-3682-4f04-b0b8-b5ef3aa85602","local_time":"20190831001021","is_ascension_mode":true,"campfire_choices":[{"data":"Zap","floor":6,"key":"SMITH"},{"floor":15,"key":"REST"},{"data":"Reboot","floor":23,"key":"SMITH"},{"floor":28,"key":"REST"},{"floor":32,"key":"REST"}],"neow_cost":"TEN_PERCENT_HP_LOSS","seed_source_timestamp":1461541732170700,"circlet_count":0,"master_deck":["AscendersBane","Strike_B+1","Defend_B","Defend_B","Defend_B+1","Defend_B","Zap+1","Gash+1","FTL+1","Reboot+1","Conserve Battery","Glacier","FTL+1","Reboot","Reinforced Body+1","Conserve Battery","Conserve Battery+1","Madness","Necronomicurse","Buffer","FTL+1"],"relics":["Cracked Core","Mummified Hand","Molten Egg 2","Du-Vu Doll","Runic Pyramid","Blue Candle","Pantograph","Necronomicon","Inserter"],"potions_floor_usage":[16,16,25,33],"damage_taken":[{"damage":0,"enemies":"Cultist","floor":1,"turns":4},{"damage":8,"enemies":"Jaw Worm","floor":4,"turns":4},{"damage":7,"enemies":"2 Louse","floor":5,"turns":3},{"damage":21,"enemies":"Exordium Thugs","floor":7,"turns":4},{"damage":6,"enemies":"Blue Slaver","floor":8,"turns":3},{"damage":1,"enemies":"Looter","floor":10,"turns":3},{"damage":5,"enemies":"Exordium Thugs","floor":11,"turns":5},{"damage":5,"enemies":"The Guardian","floor":16,"turns":14},{"damage":4,"enemies":"2 Thieves","floor":18,"turns":4},{"damage":0,"enemies":"Spheric Guardian","floor":22,"turns":4},{"damage":12,"enemies":"Centurion and Healer","floor":24,"turns":6},{"damage":0,"enemies":"Snecko","floor":25,"turns":7},{"damage":0,"enemies":"Chosen and Byrds","floor":27,"turns":5},{"damage":0,"enemies":"Sentry and Sphere","floor":29,"turns":4},{"damage":52,"enemies":"Collector","floor":33,"turns":22},{"damage":16,"enemies":"3 Shapes","floor":35,"turns":6},{"damage":2,"enemies":"Orb Walker","floor":37,"turns":6},{"damage":32,"enemies":"3 Darklings","floor":38,"turns":3}],"seed_played":"7838800110999504860","potions_obtained":[{"floor":5,"key":"SneckoOil"},{"floor":8,"key":"AttackPotion"},{"floor":11,"key":"AttackPotion"},{"floor":24,"key":"Block Potion"},{"floor":25,"key":"Fire Potion"},{"floor":27,"key":"Dexterity Potion"},{"floor":35,"key":"FearPotion"}],"is_trial":false,"path_per_floor":["M","$","T","M","M","R","M","M","T","M","M","?","?","$","R","B",null,"M","$","?","T","M","R","M","M","T","M","R","M","$","?","R","B",null,"M","?","M","M"],"character_chosen":"DEFECT","items_purchased":["Mummified Hand","Madness"],"campfire_rested":3,"item_purchase_floors":[2,30],"current_hp_per_floor":[68,68,68,60,53,53,32,26,26,25,20,6,6,6,26,21,56,52,52,52,52,52,52,40,40,40,40,60,60,60,44,64,16,55,39,33,31,0],"gold":196,"neow_bonus":"TWO_FIFTY_GOLD","is_prod":false,"is_daily":false,"chose_seed":false,"campfire_upgraded":2,"win_rate":0,"timestamp":1567228221,"path_taken":["M","$","?","M","M","R","M","M","T","M","M","?","?","?","R","BOSS","M","?","?","?","M","R","M","M","T","M","R","M","$","?","R","BOSS","M","?","M","?"],"build_version":"2019-07-17","purchased_purges":3,"victory":false,"max_hp_per_floor":[68,68,68,68,68,68,68,68,68,68,68,68,68,68,68,68,68,68,68,68,68,68,68,68,68,68,68,68,68,68,68,68,68,68,68,68,68,68],"card_choices":[{"not_picked":["Redo","Turbo","Fusion"],"picked":"SKIP","floor":1},{"not_picked":["Genetic Algorithm","Double Energy"],"picked":"Gash+1","floor":4},{"not_picked":["Auto Shields","Skim"],"picked":"FTL+1","floor":5},{"not_picked":["Ball Lightning+1","Turbo"],"picked":"Reboot","floor":7},{"not_picked":["Force Field","Cold Snap+1"],"picked":"Conserve Battery","floor":8},{"not_picked":["Leap","Doom and Gloom+1"],"picked":"Glacier","floor":10},{"not_picked":["Sweeping Beam+1","Go for the Eyes+1"],"picked":"FTL+1","floor":11},{"not_picked":["Meteor Strike+1","Rainbow"],"picked":"Reboot","floor":16},{"not_picked":["Consume","Steam Power","Turbo+1"],"picked":"SKIP","floor":18},{"not_picked":["Conserve Battery","Steam"],"picked":"Reinforced Body+1","floor":22},{"not_picked":["Barrage+1","Redo","Tempest"],"picked":"SKIP","floor":24},{"not_picked":["Genetic Algorithm","Hologram"],"picked":"Conserve Battery","floor":25},{"not_picked":["Beam Cell+1","Glacier"],"picked":"Conserve Battery+1","floor":27},{"not_picked":["Heatsinks","Sweeping Beam+1","Go for the Eyes+1"],"picked":"SKIP","floor":29},{"not_picked":["Creative AI","Meteor Strike+1"],"picked":"Buffer","floor":33},{"not_picked":["Leap+1","Darkness","Redo+1"],"picked":"SKIP","floor":35},{"not_picked":["Lockon+1","Stack"],"picked":"FTL+1","floor":37}],"player_experience":2937109,"relics_obtained":[{"floor":3,"key":"Molten Egg 2"},{"floor":9,"key":"Du-Vu Doll"},{"floor":21,"key":"Blue Candle"},{"floor":26,"key":"Pantograph"},{"floor":31,"key":"Necronomicon"}],"event_choices":[{"damage_healed":0,"gold_gain":0,"player_choice":"Entered Light","damage_taken":14,"max_hp_gain":0,"max_hp_loss":0,"event_name":"Shining Light","floor":12,"gold_loss":0,"cards_upgraded":["Strike_B","Defend_B"]},{"damage_healed":0,"gold_gain":0,"player_choice":"Left Gold","damage_taken":0,"max_hp_gain":0,"max_hp_loss":0,"event_name":"World of Goop","floor":13,"gold_loss":31},{"cards_removed":["Strike_B"],"damage_healed":0,"gold_gain":0,"player_choice":"Elegance","damage_taken":0,"max_hp_gain":0,"max_hp_loss":0,"event_name":"Back to Basics","floor":20,"gold_loss":0},{"damage_healed":0,"gold_gain":0,"player_choice":"Obtained Book","damage_taken":16,"max_hp_gain":0,"max_hp_loss":0,"event_name":"Cursed Tome","floor":31,"gold_loss":0},{"damage_healed":0,"gold_gain":75,"player_choice":"Touch","damage_taken":6,"max_hp_gain":0,"max_hp_loss":0,"event_name":"FaceTrader","floor":36,"gold_loss":0}],"is_beta":false,"boss_relics":[{"not_picked":["Velvet Choker","Astrolabe"],"picked":"Runic Pyramid"},{"not_picked":["Philosopher\u0027s Stone","Runic Dome"],"picked":"Inserter"}],"items_purged_floors":[2,14,19],"is_endless":false,"potions_floor_spawned":[5,8,11,24,25,27,35],"killed_by":"3 Darklings","ascension_level":12}