{"gold_per_floor":[116,130,55,73,73,98,109,109,189,89,106,124,124,124],"floor_reached":14,"playtime":766,"items_purged":["Defend_G","Parasite"],"score":106,"play_id":"68530fd1-7901-4388-9a04-c76c1cddcf73","local_time":"20181202151945","is_ascension_mode":true,"campfire_choices":[],"neow_cost":"NONE","seed_source_timestamp":685636173006869,"circlet_count":0,"master_deck":["Defend_G","Defend_G","Defend_G","Defend_G","Strike_G","Strike_G","Strike_G+1","Strike_G","Strike_G+1","Survivor","Neutralize","Well Laid Plans","Infinite Blades","Blur"],"relics":["Ring of the Snake","Whetstone","Du-Vu Doll"],"potions_floor_usage":[6,14],"damage_taken":[{"damage":0,"enemies":"Cultist","floor":1,"turns":4},{"damage":0,"enemies":"Jaw Worm","floor":2,"turns":3},{"damage":7,"enemies":"Small Slimes","floor":4,"turns":5},{"damage":55,"enemies":"3 Sentries","floor":6,"turns":17},{"damage":5,"enemies":"2 Fungi Beasts","floor":7,"turns":5},{"damage":0,"enemies":"Exordium Wildlife","floor":11,"turns":4},{"damage":4,"enemies":"3 Louse","floor":12,"turns":4},{"damage":20,"enemies":"Lots of Slimes","floor":14,"turns":2}],"seed_played":"-4196423679135673355","potions_obtained":[{"floor":2,"key":"Block Potion"},{"floor":6,"key":"Ancient Potion"},{"floor":11,"key":"SkillPotion"},{"floor":12,"key":"EssenceOfSteel"}],"is_trial":false,"path_per_floor":["M","M","$","M","$","E","M","?","T","$","M","M","?","M"],"character_chosen":"THE_SILENT","items_purchased":[],"campfire_rested":0,"item_purchase_floors":[],"current_hp_per_floor":[70,70,70,63,63,8,3,20,20,20,20,16,16,0],"gold":124,"neow_bonus":"RANDOM_COMMON_RELIC","is_prod":false,"is_daily":false,"chose_seed":false,"campfire_upgraded":0,"win_rate":0,"timestamp":1543785585,"path_taken":["M","M","$","M","$","E","M","?","T","?","M","?","?","M"],"build_version":"2018-11-15","purchased_purges":2,"victory":false,"max_hp_per_floor":[70,70,70,70,70,70,70,70,70,67,67,67,67,67],"card_choices":[{"not_picked":["PiercingWail","Skewer","Sucker Punch"],"picked":"SKIP","floor":1},{"not_picked":["Poisoned Stab","Quick Slash","Deflect"],"picked":"SKIP","floor":2},{"not_picked":["All Out Attack","Dash"],"picked":"Well Laid Plans","floor":4},{"not_picked":["Storm of Steel","Dagger Throw","Quick Slash"],"picked":"SKIP","floor":6},{"not_picked":["Dagger Throw","Eviscerate"],"picked":"Infinite Blades","floor":7},{"not_picked":["Quick Slash","Concentrate","Acrobatics"],"picked":"SKIP","floor":11},{"not_picked":["Deflect","Dagger Throw"],"picked":"Blur","floor":12}],"player_experience":623431,"relics_obtained":[{"floor":6,"key":"Du-Vu Doll"}],"event_choices":[{"damage_healed":17,"gold_gain":0,"player_choice":"Healed and dodged fight","damage_taken":0,"max_hp_gain":0,"max_hp_loss":0,"event_name":"Mushrooms","floor":8,"gold_loss":0,"cards_obtained":["Parasite"]},{"damage_healed":0,"gold_gain":0,"player_choice":"Ignored","damage_taken":0,"max_hp_gain":0,"max_hp_loss":0,"event_name":"Golden Idol","floor":13,"gold_loss":0}],"is_beta":false,"boss_relics":[],"items_purged_floors":[3,10],"is_endless":false,"potions_floor_spawned":[2,6,11,12],"killed_by":"Lots of Slimes","ascension_level":3}