{"gold_per_floor":[110,185,39,39,49,49,69,69,96,111,11,11,31,46,46,177,177,102,125,0,0,0,0,0],"floor_reached":24,"playtime":1138,"items_purged":["Strike_R","Strike_R","Defend_R"],"score":248,"play_id":"f87ed6a1-f409-4999-9945-94559c6ee14b","local_time":"20190224121258","is_ascension_mode":true,"campfire_choices":[{"floor":6,"key":"REST"},{"data":"Flame Barrier","floor":8,"key":"SMITH"},{"data":"Impervious","floor":15,"key":"SMITH"},{"data":"Juggernaut","floor":23,"key":"SMITH"}],"neow_cost":"PERCENT_DAMAGE","seed_source_timestamp":999904108234555,"circlet_count":0,"master_deck":["Strike_R+1","Defend_R+1","Defend_R","Defend_R","Bash+1","Cleave","Flex","Shrug It Off","Flame Barrier+1","Body Slam+1","Shrug It Off","Shrug It Off","Whirlwind","Impervious+1","Juggernaut+1","Writhe"],"relics":["Burning Blood","Whetstone","Golden Idol","Black Star","Happy Flower"],"potions_floor_usage":[16,16,16],"damage_taken":[{"damage":0,"enemies":"2 Louse","floor":1,"turns":4},{"damage":0,"enemies":"Jaw Worm","floor":5,"turns":3},{"damage":0,"enemies":"Cultist","floor":7,"turns":4},{"damage":1,"enemies":"2 Fungi Beasts","floor":10,"turns":4},{"damage":0,"enemies":"Exordium Wildlife","floor":13,"turns":4},{"damage":0,"enemies":"Blue Slaver","floor":14,"turns":4},{"damage":62,"enemies":"Hexaghost","floor":16,"turns":16},{"damage":14,"enemies":"2 Thieves","floor":18,"turns":5},{"damage":4,"enemies":"Spheric Guardian","floor":19,"turns":4},{"damage":64,"enemies":"Slavers","floor":24,"turns":6}],"seed_played":"4462327190335618048","potions_obtained":[{"floor":1,"key":"SkillPotion"},{"floor":10,"key":"Weak Potion"},{"floor":13,"key":"BloodPotion"}],"is_trial":false,"path_per_floor":["M","?","$","?","M","R","M","R","T","M","$","?","M","M","R","B",null,"M","M","$","?","?","R","E"],"character_chosen":"IRONCLAD","items_purchased":["Flame Barrier"],"campfire_rested":1,"item_purchase_floors":[3],"current_hp_per_floor":[57,46,46,30,36,60,66,66,66,71,71,51,57,63,63,15,64,56,58,58,58,58,58,0],"gold":0,"neow_bonus":"TRANSFORM_TWO_CARDS","is_prod":false,"is_daily":false,"chose_seed":false,"campfire_upgraded":3,"win_rate":0,"timestamp":1551031978,"path_taken":["M","?","$","?","?","R","M","R","T","M","?","?","M","M","R","BOSS","M","M","$","?","?","R","E"],"build_version":"2019-01-23","purchased_purges":3,"victory":false,"max_hp_per_floor":[80,80,80,80,80,80,80,80,80,80,80,80,80,80,80,80,80,80,80,80,80,80,80,80],"card_choices":[{"not_picked":["Rupture","Inflame"],"picked":"Shrug It Off","floor":1},{"not_picked":["Sentinel","Perfected Strike"],"picked":"Body Slam","floor":5},{"not_picked":["Headbutt","Havoc"],"picked":"Shrug It Off","floor":7},{"not_picked":["Anger","Pommel Strike"],"picked":"Shrug It Off","floor":10},{"not_picked":["Anger","Combust"],"picked":"Whirlwind","floor":13},{"not_picked":["Havoc","Twin Strike"],"picked":"Impervious","floor":14},{"not_picked":["Double Tap","Immolate"],"picked":"Juggernaut","floor":16},{"not_picked":["Heavy Blade","Sword Boomerang","Warcry"],"picked":"SKIP","floor":18},{"not_picked":["Perfected Strike","Armaments","Pommel Strike"],"picked":"SKIP","floor":19}],"player_experience":1502516,"relics_obtained":[{"floor":9,"key":"Whetstone"}],"event_choices":[{"damage_healed":0,"gold_gain":75,"player_choice":"Gather Gold","damage_taken":11,"max_hp_gain":0,"max_hp_loss":0,"event_name":"World of Goop","floor":2,"gold_loss":0},{"damage_healed":0,"gold_gain":0,"player_choice":"Entered Light","damage_taken":16,"max_hp_gain":0,"max_hp_loss":0,"event_name":"Shining Light","floor":4,"gold_loss":0,"cards_upgraded":["Defend_R","Strike_R"]},{"damage_healed":0,"gold_gain":0,"player_choice":"Take Damage","damage_taken":20,"relics_obtained":["Golden Idol"],"max_hp_gain":0,"max_hp_loss":0,"event_name":"Golden Idol","floor":12,"gold_loss":0},{"damage_healed":0,"gold_gain":0,"player_choice":"Ignored","damage_taken":0,"max_hp_gain":0,"max_hp_loss":0,"event_name":"Beggar","floor":21,"gold_loss":0},{"damage_healed":0,"gold_gain":0,"player_choice":"Opened","damage_taken":0,"relics_obtained":["Happy Flower"],"max_hp_gain":0,"max_hp_loss":0,"event_name":"The Mausoleum","floor":22,"gold_loss":0,"cards_obtained":["Writhe"]}],"is_beta":false,"boss_relics":[{"not_picked":["White Beast Statue","Pandora\u0027s Box"],"picked":"Black Star"}],"items_purged_floors":[3,11,20],"is_endless":false,"potions_floor_spawned":[1,10,13],"killed_by":"Slavers","ascension_level":7}