{"gold_per_floor":[119,133,150,168,181,181,196,226,226,226,226,226,251,265,265,366,366,366,366,1,1,1,1,1,1,1,1,0,0,0,0,0,0,0,0,0,0,0,0,0,0,0,0,0,0,0,0,0,0,0],"floor_reached":51,"playtime":16334,"items_purged":["Defend_G"],"score":774,"play_id":"1bbaf2d4-b128-4ded-b80e-1e5677e609d6","local_time":"20190831003021","is_ascension_mode":false,"campfire_choices":[{"data":"Skewer","floor":6.0,"key":"SMITH"},{"data":"1","floor":10.0,"key":"LIFT"},{"data":"2","floor":12.0,"key":"LIFT"},{"data":"3","floor":15.0,"key":"LIFT"},{"data":"Leg Sweep","floor":30.0,"key":"SMITH"},{"data":"Sucker Punch","floor":32.0,"key":"SMITH"},{"data":"Calculated Gamble","floor":42.0,"key":"SMITH"},{"data":"Leg Sweep","floor":49,"key":"SMITH"}],"neow_cost":"NONE","seed_source_timestamp":3336366002400,"circlet_count":0,"master_deck":["Strike_G","Strike_G","Strike_G","Strike_G+1","Defend_G","Defend_G","Defend_G","Defend_G","Survivor","Neutralize","All Out Attack","Quick Slash","Sucker Punch+1","Quick Slash","Skewer+1","Heel Hook+1","Tools of the Trade+1","Calculated Gamble+1","Eviscerate","After Image","Dagger Spray","Backflip+1","Quick Slash","All Out Attack","Infinite Blades+1","Prepared","Bullet Time","Leg Sweep+1","Dagger Spray+1","Skewer+1","Heel Hook+1","Skewer","Backflip+1","Backflip+1","Prepared+1","Bouncing Flask+1","Well Laid Plans","Crippling Poison+1","Prepared+1","Heel Hook+1","Parasite","Acrobatics+1","Leg Sweep+1"],"special_seed":0,"relics":["Ring of the Serpent","Girya","Ninja Scroll","Strawberry","Ectoplasm","Whetstone","Letter Opener","Thread and Needle","Pantograph","Bronze Scales","Orichalcum","Blood Vial","Gremlin Horn"],"potions_floor_usage":[50],"damage_taken":[{"damage":3.0,"enemies":"Small Slimes","floor":1.0,"turns":4.0},{"damage":2.0,"enemies":"2 Louse","floor":2.0,"turns":2.0},{"damage":0.0,"enemies":"Cultist","floor":3.0,"turns":4.0},{"damage":5.0,"enemies":"2 Fungi Beasts","floor":4.0,"turns":5.0},{"damage":7.0,"enemies":"Looter","floor":5.0,"turns":3.0},{"damage":4.0,"enemies":"Large Slime","floor":7.0,"turns":6.0},{"damage":12.0,"enemies":"Gremlin Nob","floor":8.0,"turns":4.0},{"damage":6.0,"enemies":"Lagavulin","floor":13.0,"turns":5.0},{"damage":1.0,"enemies":"Exordium Thugs","floor":14.0,"turns":3.0},{"damage":35.0,"enemies":"Hexaghost","floor":16.0,"turns":10.0},{"damage":3.0,"enemies":"Shell Parasite","floor":18.0,"turns":3.0},{"damage":0.0,"enemies":"Spheric Guardian","floor":19.0,"turns":2.0},{"damage":0.0,"enemies":"Snecko","floor":21.0,"turns":2.0},{"damage":12.0,"enemies":"Centurion and Healer","floor":22.0,"turns":3.0},{"damage":4.0,"enemies":"Slavers","floor":23.0,"turns":4.0},{"damage":5.0,"enemies":"Chosen and Byrds","floor":24.0,"turns":3.0},{"damage":2.0,"enemies":"3 Cultists","floor":25.0,"turns":4.0},{"damage":0.0,"enemies":"Snecko","floor":27.0,"turns":2.0},{"damage":1.0,"enemies":"Book of Stabbing","floor":29.0,"turns":4.0},{"damage":1.0,"enemies":"Sentry and Sphere","floor":31.0,"turns":3.0},{"damage":20.0,"enemies":"Champ","floor":33.0,"turns":8.0},{"damage":12.0,"enemies":"3 Shapes","floor":35.0,"turns":2.0},{"damage":0.0,"enemies":"Orb Walker","floor":36.0,"turns":2.0},{"damage":0.0,"enemies":"Spire Growth","floor":38.0,"turns":4.0},{"damage":15.0,"enemies":"4 Shapes","floor":39.0,"turns":4.0},{"damage":1.0,"enemies":"Giant Head","floor":40.0,"turns":8.0},{"damage":1.0,"enemies":"Reptomancer","floor":44.0,"turns":5.0},{"damage":0.0,"enemies":"3 Darklings","floor":45.0,"turns":4.0},{"damage":17.0,"enemies":"Nemesis","floor":46.0,"turns":7.0},{"damage":0,"enemies":"Writhing Mass","floor":47,"turns":5},{"damage":0,"enemies":"Transient","floor":48,"turns":5},{"damage":15,"enemies":"Awakened One","floor":50,"turns":13}],"seed_played":"3815830801873230985","potions_obtained":[{"floor":1.0,"key":"Explosive Potion"},{"floor":3.0,"key":"Ancient Potion"},{"floor":16.0,"key":"GhostInAJar"},{"floor":22.0,"key":"Block Potion"},{"floor":23.0,"key":"LiquidBronze"},{"floor":24.0,"key":"Poison Potion"},{"floor":27.0,"key":"Strength Potion"},{"floor":36.0,"key":"SkillPotion"},{"floor":40.0,"key":"SteroidPotion"},{"floor":47,"key":"Block Potion"},{"floor":48,"key":"FearPotion"}],"is_trial":false,"path_per_floor":["M","M","M","M","M","R","M","E","T","R","?","R","E","M","R","B",null,"M","M","$","M","M","E","M","M","T","M","?","E","R","M","R","B",null,"M","M","?","M","M","E","?","R","T","E","M","E","M","M","R","B",null],"character_chosen":"THE_SILENT","items_purchased":["Quick Slash","All Out Attack","Whetstone"],"campfire_rested":0,"item_purchase_floors":[20,20,20],"current_hp_per_floor":[74,72,72,67,60,60,56,44,44,44,44,44,45,44,44,9,84,81,81,81,81,69,65,60,58,58,58,58,57,57,56,56,61,84,72,72,72,72,57,56,56,56,56,55,57,42,44,46,46,58],"gold":0,"neow_bonus":"TEN_PERCENT_HP_BONUS","is_prod":false,"is_daily":false,"chose_seed":false,"campfire_upgraded":5,"win_rate":0.0,"timestamp":1567191621,"path_taken":["M","M","M","M","M","R","M","E","T","R","?","R","E","M","R","BOSS","M","M","$","M","M","E","M","M","T","M","?","E","R","M","R","BOSS","M","M","?","M","M","E","?","R","T","E","?","E","M","M","R","BOSS"],"build_version":"2019-07-17","purchased_purges":1,"victory":true,"max_hp_per_floor":[77,77,77,77,77,77,77,77,77,77,77,77,84,84,84,84,84,84,84,84,84,84,84,84,84,84,84,84,84,84,84,84,84,84,84,84,84,84,84,84,84,84,84,84,84,84,84,84,84,84],"card_choices":[{"not_picked":["Reflex","Tactician"],"picked":"All Out Attack","floor":1.0},{"not_picked":["All Out Attack","Blade Dance"],"picked":"Quick Slash","floor":2.0},{"not_picked":["Underhanded Strike","Dodge and Roll"],"picked":"Sucker Punch","floor":3.0},{"not_picked":["Dagger Spray","Underhanded Strike"],"picked":"Quick Slash","floor":4.0},{"not_picked":["Distraction","Sucker Punch"],"picked":"Skewer","floor":5.0},{"not_picked":["Backflip","Eviscerate"],"picked":"Heel Hook","floor":7.0},{"not_picked":["Caltrops","PiercingWail"],"picked":"Tools of the Trade","floor":8.0},{"not_picked":["Dagger Spray","PiercingWail"],"picked":"Calculated Gamble","floor":13.0},{"not_picked":["Flechettes","Heel Hook"],"picked":"Eviscerate","floor":14.0},{"not_picked":["Unload","Tools of the Trade"],"picked":"After Image","floor":16.0},{"not_picked":["Well Laid Plans","Deflect"],"picked":"Dagger Spray","floor":18.0},{"not_picked":["Well Laid Plans","Deflect+1"],"picked":"Backflip+1","floor":19.0},{"not_picked":["Well Laid Plans+1","Backflip"],"picked":"Infinite Blades+1","floor":21.0},{"not_picked":["Deadly Poison","Noxious Fumes"],"picked":"Prepared","floor":22.0},{"not_picked":["Caltrops","Deflect"],"picked":"Bullet Time","floor":23.0},{"not_picked":["Underhanded Strike","Sucker Punch+1"],"picked":"Leg Sweep","floor":24.0},{"not_picked":["Deflect","Deadly Poison"],"picked":"Dagger Spray+1","floor":25.0},{"not_picked":["Expertise+1","Noxious Fumes+1"],"picked":"Skewer+1","floor":27.0},{"not_picked":["Terror","Flying Knee"],"picked":"Heel Hook+1","floor":29.0},{"not_picked":["Calculated Gamble+1","Underhanded Strike+1","Flying Knee"],"picked":"SKIP","floor":31.0},{"not_picked":["Glass Knife","Wraith Form v2"],"picked":"Night Terror","floor":33.0},{"not_picked":["Caltrops","Underhanded Strike"],"picked":"Skewer","floor":35.0},{"not_picked":["Infinite Blades+1","Acrobatics+1"],"picked":"Backflip+1","floor":36.0},{"not_picked":["Dagger Throw+1","Sucker Punch+1"],"picked":"Backflip+1","floor":38.0},{"not_picked":["Deadly Poison","Crippling Poison"],"picked":"Prepared+1","floor":39.0},{"not_picked":["Skewer","Sucker Punch"],"picked":"Bouncing Flask+1","floor":40.0},{"not_picked":["Deadly Poison+1","Choke"],"picked":"Crippling Poison+1","floor":44.0},{"not_picked":["Quick Slash+1","Slice+1"],"picked":"Prepared+1","floor":45.0},{"not_picked":["Flechettes+1","Escape Plan"],"picked":"Heel Hook+1","floor":46.0},{"not_picked":["Poisoned Stab","Flechettes+1"],"picked":"Acrobatics+1","floor":47},{"not_picked":["Outmaneuver+1","Masterful Stab+1"],"picked":"Leg Sweep","floor":48}],"player_experience":4247,"relics_obtained":[{"floor":8.0,"key":"Girya"},{"floor":9.0,"key":"Ninja Scroll"},{"floor":13.0,"key":"Strawberry"},{"floor":23.0,"key":"Letter Opener"},{"floor":26.0,"key":"Thread and Needle"},{"floor":29.0,"key":"Pantograph"},{"floor":40.0,"key":"Bronze Scales"},{"floor":43.0,"key":"Orichalcum"},{"floor":44.0,"key":"Blood Vial"},{"floor":46.0,"key":"Gremlin Horn"}],"event_choices":[{"damage_healed":0.0,"max_hp_gain":0.0,"max_hp_loss":0.0,"gold_gain":0.0,"event_name":"Living Wall","player_choice":"Grow","floor":11.0,"gold_loss":0.0,"damage_taken":0.0,"cards_upgraded":["Tools of the Trade"]},{"damage_healed":0.0,"max_hp_gain":0.0,"max_hp_loss":0.0,"gold_gain":0.0,"event_name":"Masked Bandits","player_choice":"Paid Fearfully","floor":28.0,"gold_loss":1.0,"damage_taken":0.0},{"cards_removed":["Strike_G"],"damage_healed":0.0,"max_hp_gain":0.0,"max_hp_loss":0.0,"gold_gain":0.0,"event_name":"Falling","player_choice":"Removed Attack","floor":37.0,"gold_loss":0.0,"damage_taken":0.0},{"damage_healed":0.0,"max_hp_gain":0.0,"max_hp_loss":0.0,"gold_gain":0.0,"cards_transformed":["Night Terror"],"event_name":"Transmorgrifier","player_choice":"Transformed","floor":41.0,"gold_loss":0.0,"damage_taken":0.0,"cards_obtained":["Well Laid Plans"]}],"is_beta":false,"boss_relics":[{"not_picked":["Snecko Eye","Busted Crown"],"picked":"Ectoplasm"},{"not_picked":["Astrolabe","Orrery"],"picked":"Ring of the Serpent"}],"items_purged_floors":[20],"is_endless":false,"potions_floor_spawned":[1,3,16,22,23,24,27,36,40,44,45,47,48],"ascension_level":0}