{"gold_per_floor":[115,4,4,4,19,50,50,84,134,134,154,104,116,141,141,141],"floor_reached":16,"playtime":3564,"items_purged":["Strike_G"],"score":193,"play_id":"86bb7ab0-e49a-4bcf-8285-dbc6053e174a","local_time":"20190711183959","is_ascension_mode":true,"campfire_choices":[{"data":"Well Laid Plans","floor":7,"key":"SMITH"},{"floor":15,"key":"REST"}],"neow_cost":"NONE","seed_source_timestamp":1349803037356314,"circlet_count":0,"master_deck":["Strike_G","Strike_G","Strike_G","Defend_G","Defend_G","Defend_G","Defend_G","Defend_G","Survivor","Neutralize","Well Laid Plans+1","Deadly Poison","Deadly Poison","Blur"],"relics":["Ring of the Snake","NeowsBlessing","Juzu Bracelet","Nunchaku","Happy Flower","FossilizedHelix","Odd Mushroom"],"potions_floor_usage":[16,16,16],"damage_taken":[{"damage":0,"enemies":"Small Slimes","floor":1,"turns":1},{"damage":0,"enemies":"Jaw Worm","floor":5,"turns":1},{"damage":0,"enemies":"Gremlin Nob","floor":6,"turns":1},{"damage":32,"enemies":"3 Sentries","floor":8,"turns":14},{"damage":0,"enemies":"Cultist","floor":11,"turns":4},{"damage":0,"enemies":"Looter","floor":13,"turns":4},{"damage":20,"enemies":"The Mushroom Lair","floor":14,"turns":8},{"damage":44,"enemies":"Slime Boss","floor":16,"turns":15}],"seed_played":"-1140714264381907286","potions_obtained":[{"floor":1,"key":"AttackPotion"},{"floor":8,"key":"Weak Potion"},{"floor":13,"key":"Block Potion"},{"floor":14,"key":"Block Potion"}],"is_trial":false,"path_per_floor":["M","$","?","$","M","E","R","E","T","?","M","?","M","?","R","B"],"character_chosen":"THE_SILENT","items_purchased":["Well Laid Plans"],"campfire_rested":1,"item_purchase_floors":[2],"current_hp_per_floor":[63,63,68,68,68,68,68,36,36,36,36,36,36,16,38,0],"gold":141,"neow_bonus":"THREE_ENEMY_KILL","is_prod":false,"is_daily":false,"chose_seed":false,"campfire_upgraded":1,"win_rate":0,"timestamp":1562888399,"path_taken":["M","$","?","$","M","E","R","E","T","?","M","?","M","?","R","BOSS"],"build_version":"2019-07-05","purchased_purges":1,"victory":false,"max_hp_per_floor":[70,70,75,75,75,75,75,75,75,75,75,75,75,75,75,75],"card_choices":[{"not_picked":["Masterful Stab","Flying Knee","Underhanded Strike"],"picked":"SKIP","floor":1},{"not_picked":["Dagger Spray","Tactician","Acrobatics"],"picked":"SKIP","floor":5},{"not_picked":["Cloak And Dagger","Setup"],"picked":"Deadly Poison","floor":6},{"not_picked":["Calculated Gamble","Masterful Stab"],"picked":"Deadly Poison","floor":8},{"not_picked":["Backflip","Sucker Punch","Flechettes"],"picked":"SKIP","floor":11},{"not_picked":["Acrobatics","Blade Dance"],"picked":"Blur","floor":13}],"player_experience":2234776,"relics_obtained":[{"floor":6,"key":"Juzu Bracelet"},{"floor":8,"key":"Nunchaku"},{"floor":9,"key":"Happy Flower"},{"floor":10,"key":"FossilizedHelix"},{"floor":14,"key":"Odd Mushroom"}],"event_choices":[{"damage_healed":0,"gold_gain":0,"player_choice":"Donut","damage_taken":0,"max_hp_gain":5,"max_hp_loss":0,"event_name":"Big Fish","floor":3,"gold_loss":0},{"damage_healed":0,"gold_gain":0,"player_choice":"Relic","damage_taken":0,"max_hp_gain":0,"max_hp_loss":0,"event_name":"Wheel of Change","floor":10,"gold_loss":0},{"cards_removed":["Strike_G"],"damage_healed":0,"gold_gain":0,"player_choice":"Card Removal","damage_taken":0,"max_hp_gain":0,"max_hp_loss":0,"event_name":"The Cleric","floor":12,"gold_loss":50},{"damage_healed":0,"gold_gain":0,"player_choice":"Fought Mushrooms","damage_taken":0,"max_hp_gain":0,"max_hp_loss":0,"event_name":"Mushrooms","floor":14,"gold_loss":0}],"is_beta":false,"boss_relics":[],"items_purged_floors":[2],"is_endless":false,"potions_floor_spawned":[1,8,13,14],"killed_by":"Slime Boss","ascension_level":9}