{"gold_per_floor":[109,124,124,139,139,139,89,14,14,27,102,2,13,27,27,27],"floor_reached":16,"playtime":2884,"items_purged":["Strike_R","Strike_R"],"score":138,"play_id":"3e5988d8-fa2c-4652-abbf-06340b80b71b","local_time":"20190714212506","is_ascension_mode":true,"campfire_choices":[{"data":"Shrug It Off","floor":6,"key":"SMITH"},{"floor":15,"key":"REST"}],"neow_cost":"NONE","seed_source_timestamp":246166384958094,"circlet_count":0,"master_deck":["AscendersBane","Strike_R","Strike_R","Defend_R","Defend_R","Defend_R","Defend_R","Bash","Seeing Red","Armaments","Shrug It Off+1","Metallicize"],"relics":["Burning Blood","NeowsBlessing","Torii"],"potions_floor_usage":[16,16],"damage_taken":[{"damage":0,"enemies":"2 Louse","floor":1,"turns":1},{"damage":0,"enemies":"Small Slimes","floor":2,"turns":2},{"damage":0,"enemies":"Jaw Worm","floor":4,"turns":1},{"damage":7,"enemies":"3 Louse","floor":10,"turns":8},{"damage":13,"enemies":"Large Slime","floor":13,"turns":22},{"damage":18,"enemies":"Exordium Thugs","floor":14,"turns":19},{"damage":67,"enemies":"Hexaghost","floor":16,"turns":16}],"seed_played":"-8108503722292655417","potions_obtained":[{"floor":4,"key":"GamblersBrew"},{"floor":13,"key":"Weak Potion"},{"floor":14,"key":"FearPotion"}],"is_trial":false,"path_per_floor":["M","M","?","M","?","R","?","$","T","M","?","$","M","M","R","B"],"character_chosen":"IRONCLAD","items_purchased":[],"campfire_rested":1,"item_purchase_floors":[],"current_hp_per_floor":[78,80,80,80,68,68,68,68,68,67,56,56,49,37,61,0],"gold":27,"neow_bonus":"THREE_ENEMY_KILL","is_prod":false,"is_daily":false,"chose_seed":false,"campfire_upgraded":1,"win_rate":0,"timestamp":1563157506,"path_taken":["M","M","?","M","?","R","?","$","T","M","?","?","M","M","R","BOSS"],"build_version":"2019-07-05","purchased_purges":2,"victory":false,"max_hp_per_floor":[80,80,80,80,80,80,80,80,80,80,80,80,80,80,80,80],"card_choices":[{"not_picked":["Twin Strike","Wild Strike"],"picked":"Seeing Red","floor":1},{"not_picked":["Spot Weakness","Infernal Blade"],"picked":"Armaments","floor":2},{"not_picked":["True Grit","Rampage"],"picked":"Shrug It Off","floor":4},{"not_picked":["Havoc","Sword Boomerang"],"picked":"Metallicize","floor":10},{"not_picked":["Dual Wield","Anger","True Grit"],"picked":"SKIP","floor":13},{"not_picked":["Sever Soul","Armaments","Heavy Blade"],"picked":"SKIP","floor":14}],"player_experience":2323600,"relics_obtained":[],"event_choices":[{"damage_healed":0,"gold_gain":0,"cards_transformed":["Strike_R"],"player_choice":"Change","damage_taken":0,"max_hp_gain":0,"max_hp_loss":0,"event_name":"Living Wall","floor":3,"gold_loss":0,"cards_obtained":["Corruption"]},{"damage_healed":0,"gold_gain":0,"player_choice":"Success","damage_taken":12,"relics_obtained":["Torii"],"max_hp_gain":0,"max_hp_loss":0,"event_name":"Scrap Ooze","floor":5,"gold_loss":0},{"cards_removed":["Corruption"],"damage_healed":0,"gold_gain":0,"player_choice":"Card Removal","damage_taken":0,"max_hp_gain":0,"max_hp_loss":0,"event_name":"The Cleric","floor":7,"gold_loss":50},{"damage_healed":0,"gold_gain":75,"player_choice":"Gather Gold","damage_taken":11,"max_hp_gain":0,"max_hp_loss":0,"event_name":"World of Goop","floor":11,"gold_loss":0}],"is_beta":false,"boss_relics":[],"items_purged_floors":[8,12],"is_endless":false,"potions_floor_spawned":[4,13,14],"killed_by":"Hexaghost","ascension_level":10}