{"gold_per_floor":[10,22,39,53,128,128,96,96,96,96,107,107,126,139,139,239,239,259,259,114,128,128,128,128],"floor_reached":24,"playtime":1355,"items_purged":["Strike_B"],"score":257,"play_id":"e8cd5952-f930-4592-a7f2-cc2605d1c7df","local_time":"20190302155944","is_ascension_mode":true,"campfire_choices":[{"floor":6,"key":"REST"},{"floor":10,"key":"REST"},{"floor":15,"key":"REST"},{"data":"Electrodynamics","floor":23,"key":"SMITH"}],"neow_cost":"NO_GOLD","seed_source_timestamp":1531712382528072,"circlet_count":0,"master_deck":["Defend_B","Defend_B","Defend_B","Defend_B","Zap","Conserve Battery","Loop","Reinforced Body","Conserve Battery","Thunder Strike","Reinforced Body","Electrodynamics+1","Undo","Self Repair","Conserve Battery+1"],"relics":["Cracked Core","Question Card","Sozu","Symbiotic Virus"],"potions_floor_usage":[7,16,16],"damage_taken":[{"damage":3,"enemies":"Jaw Worm","floor":1,"turns":4},{"damage":7,"enemies":"2 Louse","floor":2,"turns":3},{"damage":0,"enemies":"Cultist","floor":3,"turns":4},{"damage":7,"enemies":"Exordium Wildlife","floor":4,"turns":4},{"damage":2,"enemies":"Exordium Thugs","floor":7,"turns":6},{"damage":9,"enemies":"Large Slime","floor":11,"turns":7},{"damage":0,"enemies":"3 Louse","floor":13,"turns":5},{"damage":1,"enemies":"Looter","floor":14,"turns":4},{"damage":15,"enemies":"The Guardian","floor":16,"turns":16},{"damage":6,"enemies":"3 Byrds","floor":18,"turns":4},{"damage":0,"enemies":"Spheric Guardian","floor":21,"turns":6},{"damage":72,"enemies":"Book of Stabbing","floor":24,"turns":8}],"seed_played":"-1425815402055735154","potions_obtained":[{"floor":1,"key":"SpeedPotion"},{"floor":3,"key":"AttackPotion"},{"floor":11,"key":"Strength Potion"}],"is_trial":false,"path_per_floor":["M","M","M","M","?","R","M","?","T","R","M","?","M","M","R","B",null,"M","?","$","M","T","R","E"],"character_chosen":"DEFECT","items_purchased":["Self Repair"],"campfire_rested":3,"item_purchase_floors":[20],"current_hp_per_floor":[65,58,58,51,40,62,60,53,53,75,66,66,66,65,75,60,71,65,65,65,72,72,72,0],"gold":128,"neow_bonus":"REMOVE_TWO","is_prod":false,"is_daily":false,"chose_seed":false,"campfire_upgraded":1,"win_rate":0,"timestamp":1551563984,"path_taken":["M","M","M","M","?","R","M","?","T","R","M","?","M","M","R","BOSS","M","?","?","M","?","R","E"],"build_version":"2019-01-23","purchased_purges":1,"victory":false,"max_hp_per_floor":[75,75,75,75,75,75,75,75,75,75,75,75,75,75,75,75,75,75,75,75,75,75,75,75],"card_choices":[{"not_picked":["Steam Power","Recycle"],"picked":"Conserve Battery","floor":1},{"not_picked":["Hologram","Steam"],"picked":"Loop","floor":2},{"not_picked":["Go for the Eyes","Compile Driver","Steam Power"],"picked":"SKIP","floor":3},{"not_picked":["Turbo","Stack","Chaos"],"picked":"SKIP","floor":4},{"not_picked":["Turbo","Beam Cell"],"picked":"Reinforced Body","floor":7},{"not_picked":["Rebound","Cold Snap","Compile Driver"],"picked":"Conserve Battery","floor":11},{"not_picked":["Beam Cell","Steam","Gash"],"picked":"Thunder Strike","floor":13},{"not_picked":["Double Energy","Ball Lightning","Beam Cell"],"picked":"Reinforced Body","floor":14},{"not_picked":["Multi-Cast","Thunder Strike","Core Surge"],"picked":"Electrodynamics","floor":16},{"not_picked":["Steam+1","Rebound","Darkness+1"],"picked":"Undo","floor":18},{"not_picked":["Leap","Gash+1","Steam"],"picked":"Conserve Battery+1","floor":21}],"player_experience":1545287,"relics_obtained":[{"floor":9,"key":"Question Card"},{"floor":22,"key":"Symbiotic Virus"}],"event_choices":[{"damage_healed":0,"gold_gain":75,"player_choice":"Gather Gold","damage_taken":11,"max_hp_gain":0,"max_hp_loss":0,"event_name":"World of Goop","floor":5,"gold_loss":0},{"cards_removed":["Strike_B"],"damage_healed":0,"gold_gain":0,"player_choice":"Card Removal","damage_taken":7,"max_hp_gain":0,"max_hp_loss":0,"event_name":"Golden Wing","floor":8,"gold_loss":0},{"damage_healed":0,"gold_gain":0,"player_choice":"Ignored","damage_taken":0,"max_hp_gain":0,"max_hp_loss":0,"event_name":"Liars Game","floor":12,"gold_loss":0},{"cards_removed":["Strike_B"],"damage_healed":0,"gold_gain":0,"player_choice":"Purged","damage_taken":0,"max_hp_gain":0,"max_hp_loss":0,"event_name":"Purifier","floor":19,"gold_loss":0}],"is_beta":false,"boss_relics":[{"not_picked":["Cursed Key","Fusion Hammer"],"picked":"Sozu"}],"items_purged_floors":[20],"is_endless":false,"potions_floor_spawned":[1,3,11],"killed_by":"Book of Stabbing","ascension_level":7}