{"gold_per_floor":[110,60,60,135,145,145,173,186,186,111,111,11,30,0,0,0],"floor_reached":16,"playtime":442,"items_purged":["Strike_R","Defend_R"],"score":135,"play_id":"b8abf5f6-1475-4fa7-b844-fb4fbcf0edc2","local_time":"20181117071944","is_ascension_mode":true,"campfire_choices":[{"data":"Battle Trance","floor":6,"key":"SMITH"},{"data":"Whirlwind","floor":15,"key":"SMITH"}],"neow_cost":"NONE","seed_source_timestamp":224640129409682,"circlet_count":0,"master_deck":["Strike_R","Strike_R","Strike_R","Defend_R","Defend_R","Defend_R","Battle Trance+1","Barricade","Whirlwind+1"],"relics":["Burning Blood","NeowsBlessing","Bottled Lightning","Pen Nib"],"potions_floor_usage":[14],"damage_taken":[{"damage":3,"enemies":"Small Slimes","floor":1,"turns":2},{"damage":0,"enemies":"Jaw Worm","floor":5,"turns":1},{"damage":0,"enemies":"Lagavulin","floor":7,"turns":1},{"damage":0,"enemies":"2 Louse","floor":8,"turns":4},{"damage":12,"enemies":"2 Fungi Beasts","floor":13,"turns":7},{"damage":12,"enemies":"Looter","floor":14,"turns":4},{"damage":68,"enemies":"Slime Boss","floor":16,"turns":11}],"seed_played":"-2671244949535506403","potions_obtained":[{"floor":7,"key":"Energy Potion"}],"is_trial":false,"path_per_floor":["M","?","?","?","M","R","E","M","T","$","?","$","M","M","R","B"],"character_chosen":"IRONCLAD","items_purchased":[],"campfire_rested":0,"item_purchase_floors":[],"current_hp_per_floor":[80,80,80,69,75,75,80,80,80,80,80,80,74,68,68,0],"gold":0,"neow_bonus":"THREE_ENEMY_KILL","is_prod":false,"is_daily":false,"chose_seed":false,"campfire_upgraded":2,"win_rate":0,"timestamp":1542460784,"path_taken":["M","?","?","?","M","R","E","M","T","$","?","?","?","?","R","BOSS"],"build_version":"2018-11-15","purchased_purges":2,"victory":false,"max_hp_per_floor":[80,80,80,80,80,80,80,80,80,80,80,80,80,80,80,80],"card_choices":[{"not_picked":["Perfected Strike","Iron Wave","Anger"],"picked":"SKIP","floor":1},{"not_picked":["Twin Strike","Anger"],"picked":"Battle Trance","floor":5},{"not_picked":["Headbutt","Warcry","Havoc"],"picked":"SKIP","floor":7},{"not_picked":["Dual Wield","Iron Wave"],"picked":"Barricade","floor":8},{"not_picked":["Wild Strike","Cleave"],"picked":"Whirlwind","floor":13},{"not_picked":["Clothesline","Armaments","Feel No Pain"],"picked":"SKIP","floor":14}],"player_experience":261099,"relics_obtained":[{"floor":7,"key":"Bottled Lightning"},{"floor":9,"key":"Pen Nib"}],"event_choices":[{"cards_removed":["Bash"],"damage_healed":0,"gold_gain":0,"player_choice":"Card Removal","damage_taken":0,"max_hp_gain":0,"max_hp_loss":0,"event_name":"The Cleric","floor":2,"gold_loss":50},{"damage_healed":0,"gold_gain":0,"player_choice":"Ignored","damage_taken":0,"max_hp_gain":0,"max_hp_loss":0,"event_name":"Liars Game","floor":3,"gold_loss":0},{"damage_healed":0,"gold_gain":75,"player_choice":"Gather Gold","damage_taken":11,"max_hp_gain":0,"max_hp_loss":0,"event_name":"World of Goop","floor":4,"gold_loss":0},{"cards_removed":["Strike_R"],"damage_healed":0,"gold_gain":0,"player_choice":"Forget","damage_taken":0,"max_hp_gain":0,"max_hp_loss":0,"event_name":"Living Wall","floor":11,"gold_loss":0}],"is_beta":false,"boss_relics":[],"items_purged_floors":[10,12],"is_endless":false,"potions_floor_spawned":[7],"killed_by":"Slime Boss","ascension_level":2}