{"gold_per_floor":[118,118,193,207,207,207,242,269,339,339,350,350,350,300,300,405,405,389,33,33,52,69,69,84,97,97,97,97],"floor_reached":28,"playtime":863,"items_purged":[],"score":337,"play_id":"92b9ef7b-6dbe-49fe-b900-16c36477ffbc","local_time":"20190524152437","is_ascension_mode":true,"campfire_choices":[{"floor":6,"key":"REST"},{"data":"Zap","floor":10,"key":"SMITH"},{"data":"Defend_B","floor":12,"key":"SMITH"},{"data":"Defend_B","floor":15,"key":"SMITH"},{"floor":23,"key":"REST"},{"floor":27,"key":"REST"}],"neow_cost":"NONE","seed_source_timestamp":662613882708927,"circlet_count":0,"master_deck":["Strike_B+1","Defend_B","Defend_B+1","Defend_B+1","Defend_B+1","Zap+1","Echo Form","Cold Snap","Madness","Capacitor","Reinforced Body"],"relics":["Cracked Core","NeowsBlessing","Orichalcum","Whetstone","Cables","Empty Cage","Mercury Hourglass","Singing Bowl"],"potions_floor_usage":[16,24],"damage_taken":[{"damage":0,"enemies":"Small Slimes","floor":1,"turns":1},{"damage":0,"enemies":"2 Louse","floor":4,"turns":1},{"damage":0,"enemies":"3 Sentries","floor":7,"turns":1},{"damage":0,"enemies":"Cultist","floor":11,"turns":2},{"damage":54,"enemies":"Hexaghost","floor":16,"turns":12},{"damage":16,"enemies":"2 Thieves","floor":18,"turns":4},{"damage":6,"enemies":"Chosen","floor":21,"turns":5},{"damage":29,"enemies":"Centurion and Healer","floor":22,"turns":7},{"damage":15,"enemies":"Snecko","floor":24,"turns":6},{"damage":17,"enemies":"Snake Plant","floor":25,"turns":6},{"damage":42,"enemies":"Cultist and Chosen","floor":28,"turns":4}],"seed_played":"1827616494459004602","potions_obtained":[{"floor":1,"key":"Regen Potion"},{"floor":22,"key":"Energy Potion"},{"floor":24,"key":"SneckoOil"},{"floor":25,"key":"Ancient Potion"}],"is_trial":false,"path_per_floor":["M","?","?","M","?","R","E","T","T","R","M","R","?","?","R","B",null,"M","$","?","M","M","R","M","M","T","R","M"],"character_chosen":"DEFECT","items_purchased":["Madness","Mercury Hourglass"],"campfire_rested":3,"item_purchase_floors":[19,19],"current_hp_per_floor":[68,53,42,42,42,64,64,64,64,64,64,64,64,64,64,25,63,47,47,47,41,12,34,19,2,2,24,0],"gold":97,"neow_bonus":"THREE_ENEMY_KILL","is_prod":false,"is_daily":false,"chose_seed":false,"campfire_upgraded":3,"win_rate":0,"timestamp":1558729477,"path_taken":["M","?","?","M","?","R","E","?","T","R","?","R","?","?","R","BOSS","M","$","?","?","M","R","M","M","T","R","M"],"build_version":"2019-01-23","purchased_purges":0,"victory":false,"max_hp_per_floor":[75,75,75,75,75,75,75,75,75,75,75,75,75,75,75,75,75,75,75,75,75,75,75,75,75,75,75,75],"card_choices":[{"not_picked":["Steam Power","Static Discharge","Rip and Tear"],"picked":"SKIP","floor":1},{"not_picked":["Gash","Coolheaded","Ball Lightning"],"picked":"SKIP","floor":4},{"not_picked":["Undo","Compile Driver","Recycle"],"picked":"SKIP","floor":7},{"not_picked":["Storm","Rip and Tear","Redo"],"picked":"SKIP","floor":11},{"not_picked":["Amplify","Core Surge"],"picked":"Echo Form","floor":16},{"not_picked":["Turbo+1","Coolheaded"],"picked":"Cold Snap","floor":18},{"not_picked":["Consume+1","Leap"],"picked":"Capacitor","floor":21},{"not_picked":["Compile Driver+1","Leap","Undo"],"picked":"SKIP","floor":22},{"not_picked":["Compile Driver+1","Ball Lightning","Turbo+1"],"picked":"SKIP","floor":24},{"not_picked":["Hologram","Rebound"],"picked":"Reinforced Body","floor":25}],"player_experience":1925466,"relics_obtained":[{"floor":7,"key":"Orichalcum"},{"floor":8,"key":"Whetstone"},{"floor":9,"key":"Cables"},{"floor":26,"key":"Singing Bowl"}],"event_choices":[{"damage_healed":0,"gold_gain":0,"player_choice":"Entered Light","damage_taken":15,"max_hp_gain":0,"max_hp_loss":0,"event_name":"Shining Light","floor":2,"gold_loss":0,"cards_upgraded":["Strike_B","Defend_B"]},{"damage_healed":0,"gold_gain":75,"player_choice":"Gather Gold","damage_taken":11,"max_hp_gain":0,"max_hp_loss":0,"event_name":"World of Goop","floor":3,"gold_loss":0},{"cards_removed":["Dualcast"],"damage_healed":0,"gold_gain":0,"player_choice":"Forget","damage_taken":0,"max_hp_gain":0,"max_hp_loss":0,"event_name":"Living Wall","floor":5,"gold_loss":0},{"damage_healed":0,"gold_gain":0,"player_choice":"Ignored","damage_taken":0,"max_hp_gain":0,"max_hp_loss":0,"event_name":"Liars Game","floor":13,"gold_loss":0},{"cards_removed":["Strike_B"],"damage_healed":0,"gold_gain":0,"player_choice":"Card Removal","damage_taken":0,"max_hp_gain":0,"max_hp_loss":0,"event_name":"The Cleric","floor":14,"gold_loss":50},{"damage_healed":0,"gold_gain":0,"player_choice":"Ignored","damage_taken":0,"max_hp_gain":0,"max_hp_loss":0,"event_name":"WeMeetAgain","floor":20,"gold_loss":0}],"is_beta":false,"boss_relics":[{"not_picked":["Black Star","Nuclear Battery"],"picked":"Empty Cage"}],"items_purged_floors":[],"is_endless":false,"potions_floor_spawned":[1,22,24,25],"killed_by":"Cultist and Chosen","ascension_level":8}