{"gold_per_floor":[112,129,129,148,148,148,164,176,255,14,14,14,14,24,24,122,122,62,62,74,74,74,74],"floor_reached":23,"playtime":1149,"items_purged":["Strike_R"],"score":233,"play_id":"b966d715-e2eb-414a-8145-104d70f0da44","local_time":"20190217110707","is_ascension_mode":true,"campfire_choices":[{"data":"Uppercut","floor":6,"key":"SMITH"},{"floor":11,"key":"REST"},{"data":"Master of Strategy","floor":13,"key":"SMITH"},{"data":"Metallicize","floor":15,"key":"SMITH"}],"neow_cost":"NONE","seed_source_timestamp":391088157177249,"circlet_count":0,"master_deck":["Strike_R","Strike_R","Defend_R","Defend_R","Defend_R","Defend_R","Bash","Whirlwind","Uppercut+1","Master of Strategy+1","Metallicize+1","Barricade","Uppercut","Metallicize+1"],"relics":["Burning Blood","Self Forming Clay","Fusion Hammer"],"potions_floor_usage":[16,16,23],"damage_taken":[{"damage":13,"enemies":"Jaw Worm","floor":1,"turns":5},{"damage":7,"enemies":"Cultist","floor":2,"turns":6},{"damage":1,"enemies":"Small Slimes","floor":4,"turns":4},{"damage":16,"enemies":"Exordium Thugs","floor":7,"turns":4},{"damage":16,"enemies":"3 Louse","floor":8,"turns":4},{"damage":0,"enemies":"Gremlin Gang","floor":14,"turns":1},{"damage":51,"enemies":"The Guardian","floor":16,"turns":24},{"damage":13,"enemies":"2 Thieves","floor":18,"turns":4},{"damage":9,"enemies":"Spheric Guardian","floor":20,"turns":8},{"damage":74,"enemies":"Book of Stabbing","floor":23,"turns":9}],"seed_played":"5316230948893564510","potions_obtained":[{"floor":8,"key":"BloodPotion"},{"floor":14,"key":"GamblersBrew"},{"floor":16,"key":"Explosive Potion"},{"floor":20,"key":"AttackPotion"}],"is_trial":false,"path_per_floor":["M","M","?","M","?","R","M","M","T","$","R","$","R","M","R","B",null,"M","?","M","$","$","E"],"character_chosen":"IRONCLAD","items_purchased":["Master of Strategy"],"campfire_rested":1,"item_purchase_floors":[10],"current_hp_per_floor":[73,72,72,77,77,77,67,57,57,57,83,83,83,88,88,51,79,72,72,69,69,69,0],"gold":74,"neow_bonus":"TEN_PERCENT_HP_BONUS","is_prod":false,"is_daily":false,"chose_seed":false,"campfire_upgraded":3,"win_rate":0,"timestamp":1550423227,"path_taken":["M","M","?","?","?","R","M","M","T","$","R","?","R","M","R","BOSS","M","?","?","?","$","E"],"build_version":"2019-01-23","purchased_purges":1,"victory":false,"max_hp_per_floor":[88,88,88,88,88,88,88,88,88,88,88,88,88,88,88,88,88,88,88,88,88,88,88],"card_choices":[{"not_picked":["Clothesline","Twin Strike","Havoc"],"picked":"SKIP","floor":1},{"not_picked":["Clothesline","Rampage","Blood for Blood"],"picked":"SKIP","floor":2},{"not_picked":["Pommel Strike","Thunderclap"],"picked":"Whirlwind","floor":4},{"not_picked":["Pummel","Thunderclap","True Grit"],"picked":"SKIP","floor":7},{"not_picked":["Rupture","Cleave","Sentinel"],"picked":"SKIP","floor":8},{"not_picked":["True Grit","Heavy Blade"],"picked":"Metallicize","floor":14},{"not_picked":["Impervious","Juggernaut"],"picked":"Barricade","floor":16},{"not_picked":["Iron Wave+1","Second Wind"],"picked":"Uppercut","floor":18},{"not_picked":["Havoc","Iron Wave","Cleave+1"],"picked":"SKIP","floor":20}],"player_experience":1435449,"relics_obtained":[{"floor":9,"key":"Self Forming Clay"}],"event_choices":[{"cards_removed":["Strike_R"],"damage_healed":0,"gold_gain":0,"player_choice":"Offered Basic","damage_taken":0,"max_hp_gain":0,"max_hp_loss":0,"event_name":"Bonfire Elementals","floor":3,"gold_loss":0},{"damage_healed":0,"gold_gain":0,"cards_transformed":["Strike_R"],"player_choice":"Transformed","damage_taken":0,"max_hp_gain":0,"max_hp_loss":0,"event_name":"Transmorgrifier","floor":5,"gold_loss":0,"cards_obtained":["Uppercut"]},{"damage_healed":0,"gold_gain":0,"player_choice":"Copied","damage_taken":0,"max_hp_gain":0,"max_hp_loss":0,"event_name":"Duplicator","floor":19,"gold_loss":0,"cards_obtained":["Metallicize"]}],"is_beta":false,"boss_relics":[{"not_picked":["Astrolabe","Runic Dome"],"picked":"Fusion Hammer"}],"items_purged_floors":[10],"is_endless":false,"potions_floor_spawned":[8,14,16,20],"killed_by":"Book of Stabbing","ascension_level":6}