{"gold_per_floor":[218,143,159,174,74,74,74,86,111,125,135,135,135,150,150,150],"floor_reached":16,"playtime":18632,"items_purged":["Bash","Strike_R"],"score":132,"play_id":"6a588838-8a72-4496-bf14-89bb5bf53fa3","local_time":"20190317232511","is_ascension_mode":true,"campfire_choices":[{"data":"Entrench","floor":6,"key":"SMITH"},{"floor":12,"key":"REST"},{"floor":15,"key":"REST"}],"neow_cost":"NONE","seed_source_timestamp":87764368425225,"circlet_count":0,"master_deck":["Strike_R","Strike_R","Strike_R","Defend_R","Defend_R","Defend_R","Defend_R","Entrench+1","Corruption","Flame Barrier"],"relics":["Burning Blood","Bronze Scales","Golden Idol"],"potions_floor_usage":[16,16,16],"damage_taken":[{"damage":6,"enemies":"Cultist","floor":1,"turns":4},{"damage":4,"enemies":"Small Slimes","floor":3,"turns":4},{"damage":8,"enemies":"Jaw Worm","floor":4,"turns":7},{"damage":28,"enemies":"Exordium Wildlife","floor":8,"turns":14},{"damage":39,"enemies":"Large Slime","floor":10,"turns":13},{"damage":3,"enemies":"Blue Slaver","floor":11,"turns":5},{"damage":3,"enemies":"3 Louse","floor":14,"turns":5},{"damage":51,"enemies":"The Guardian","floor":16,"turns":17}],"seed_played":"-3621823866967826303","potions_obtained":[{"floor":1,"key":"AttackPotion"},{"floor":8,"key":"PowerPotion"},{"floor":11,"key":"Swift Potion"},{"floor":14,"key":"Energy Potion"}],"is_trial":false,"path_per_floor":["M","$","M","M","$","R","?","M","T","M","M","R","?","M","R","B"],"character_chosen":"IRONCLAD","items_purchased":[],"campfire_rested":2,"item_purchase_floors":[],"current_hp_per_floor":[72,72,74,72,72,72,72,50,50,17,20,44,24,27,51,0],"gold":150,"neow_bonus":"HUNDRED_GOLD","is_prod":false,"is_daily":false,"chose_seed":false,"campfire_upgraded":1,"win_rate":0,"timestamp":1552883111,"path_taken":["M","$","M","M","?","R","?","M","T","M","?","R","?","M","R","BOSS"],"build_version":"2019-01-23","purchased_purges":2,"victory":false,"max_hp_per_floor":[80,80,80,80,80,80,80,80,80,80,80,80,80,80,80,80],"card_choices":[{"not_picked":["Bloodletting","Searing Blow","Spot Weakness"],"picked":"SKIP","floor":1},{"not_picked":["Havoc","Uppercut","Sword Boomerang"],"picked":"SKIP","floor":3},{"not_picked":["Corruption","Rupture"],"picked":"Entrench","floor":4},{"not_picked":["Heavy Blade","Intimidate"],"picked":"Flame Barrier","floor":8},{"not_picked":["Thunderclap","Second Wind","Warcry"],"picked":"SKIP","floor":10},{"not_picked":["Fire Breathing","Clash","Clothesline"],"picked":"SKIP","floor":11},{"not_picked":["Intimidate","Anger","Warcry"],"picked":"SKIP","floor":14}],"player_experience":1669270,"relics_obtained":[{"floor":9,"key":"Bronze Scales"}],"event_choices":[{"damage_healed":0,"gold_gain":0,"cards_transformed":["Strike_R"],"player_choice":"Transformed","damage_taken":0,"max_hp_gain":0,"max_hp_loss":0,"event_name":"Transmorgrifier","floor":7,"gold_loss":0,"cards_obtained":["Corruption"]},{"damage_healed":0,"gold_gain":0,"player_choice":"Take Damage","damage_taken":20,"relics_obtained":["Golden Idol"],"max_hp_gain":0,"max_hp_loss":0,"event_name":"Golden Idol","floor":13,"gold_loss":0}],"is_beta":false,"boss_relics":[],"items_purged_floors":[2,5],"is_endless":false,"potions_floor_spawned":[1,8,11,14],"killed_by":"The Guardian","ascension_level":8}