{"gold_per_floor":[112,132,132,60,75,100,100,117,171,121,46,60,60,84,84,213,213,229,229,154,142,162,200,200,218,296,332,353,692,692,692,692,817,817,835,835,735,758,826,826],"floor_reached":40,"playtime":36803,"items_purged":["Defend_R","Pain"],"score":563,"play_id":"2242a1a2-e6ce-4b9b-872e-bfa562e2d73a","local_time":"20181129170427","is_ascension_mode":true,"campfire_choices":[{"floor":7,"key":"RECALL"},{"floor":15,"key":"REST"},{"data":"Shockwave","floor":24,"key":"SMITH"},{"data":"Shrug It Off","floor":32,"key":"SMITH"}],"neow_cost":"TEN_PERCENT_HP_LOSS","seed_source_timestamp":396305602866651,"circlet_count":0,"master_deck":["Defend_R+1","Defend_R+1","Bash","Battle Trance","Impervious","Impervious","Inflame+1","Clothesline","Bite","Bite","Bite","Bite","Bite","Shockwave+1","Uppercut+1","Shrug It Off+1","Immolate+1"],"relics":["Black Blood","Bird Faced Urn","Frozen Egg 2","Golden Idol","Snecko Eye","Happy Flower","Paper Frog","Dream Catcher","Old Coin","MutagenicStrength","WarpedTongs","Torii"],"potions_floor_usage":[6,6,12,23,23,27,33,33,40],"damage_taken":[{"damage":0,"enemies":"2 Louse","floor":1,"turns":5},{"damage":7,"enemies":"Jaw Worm","floor":2,"turns":3},{"damage":0,"enemies":"Small Slimes","floor":5,"turns":3},{"damage":6,"enemies":"3 Sentries","floor":6,"turns":10},{"damage":6,"enemies":"Red Slaver","floor":8,"turns":6},{"damage":15,"enemies":"Gremlin Gang","floor":12,"turns":14},{"damage":8,"enemies":"Large Slime","floor":14,"turns":11},{"damage":14,"enemies":"The Guardian","floor":16,"turns":18},{"damage":0,"enemies":"Spheric Guardian","floor":18,"turns":4},{"damage":19,"enemies":"2 Thieves","floor":21,"turns":4},{"damage":14,"enemies":"Snake Plant","floor":22,"turns":7},{"damage":42,"enemies":"Gremlin Leader","floor":23,"turns":12},{"damage":16,"enemies":"Cultist and Chosen","floor":25,"turns":5},{"damage":25,"enemies":"Slavers","floor":27,"turns":7},{"damage":8,"enemies":"Centurion and Healer","floor":28,"turns":4},{"damage":5,"enemies":"Gremlin Leader","floor":29,"turns":7},{"damage":73,"enemies":"Automaton","floor":33,"turns":9},{"damage":22,"enemies":"3 Darklings","floor":35,"turns":4},{"damage":0,"enemies":"3 Shapes","floor":38,"turns":3},{"damage":49,"enemies":"2 Orb Walkers","floor":39,"turns":6},{"damage":35,"enemies":"Nemesis","floor":40,"turns":5}],"seed_played":"-2711411195637008878","potions_obtained":[{"floor":2,"key":"Fire Potion"},{"floor":5,"key":"Fire Potion"},{"floor":6,"key":"AttackPotion"},{"floor":16,"key":"FearPotion"},{"floor":21,"key":"EssenceOfSteel"},{"floor":23,"key":"Explosive Potion"},{"floor":28,"key":"Block Potion"},{"floor":29,"key":"LiquidBronze"},{"floor":39,"key":"Energy Potion"}],"is_trial":false,"path_per_floor":["M","M","?","$","M","E","R","M","T","?","$","M","?","M","R","B",null,"M","?","?","M","M","E","R","M","T","E","M","E","?","?","R","B",null,"M","?","$","M","?","E"],"character_chosen":"IRONCLAD","items_purchased":["Impervious"],"campfire_rested":1,"item_purchase_floors":[4],"current_hp_per_floor":[72,71,57,57,63,63,63,63,63,63,63,54,36,34,55,49,72,72,50,50,45,46,46,46,46,46,37,50,50,50,50,50,21,50,38,38,38,50,20,0],"gold":826,"neow_bonus":"ONE_RARE_RELIC","is_prod":false,"is_daily":false,"chose_seed":false,"campfire_upgraded":2,"win_rate":0,"timestamp":1543532667,"path_taken":["M","M","?","$","M","E","R","M","T","?","?","M","?","M","R","BOSS","M","?","?","M","M","E","R","M","T","E","M","E","?","?","R","BOSS","M","?","$","?","?","E"],"build_version":"2018-11-15","purchased_purges":2,"victory":false,"max_hp_per_floor":[72,72,72,72,72,72,72,72,72,72,72,72,72,72,72,72,72,72,50,50,50,50,50,50,50,50,50,50,50,50,50,50,50,50,50,50,50,50,50,50],"card_choices":[{"not_picked":["Headbutt","Sword Boomerang"],"picked":"Battle Trance","floor":1},{"not_picked":["Headbutt","Warcry","Wild Strike"],"picked":"SKIP","floor":2},{"not_picked":["Anger","Havoc","Pommel Strike"],"picked":"SKIP","floor":5},{"not_picked":["Anger","Warcry","Seeing Red"],"picked":"SKIP","floor":6},{"not_picked":["Shrug It Off","Iron Wave"],"picked":"Impervious","floor":8},{"not_picked":["Thunderclap","Sword Boomerang","Headbutt"],"picked":"SKIP","floor":12},{"not_picked":["Thunderclap","Wild Strike"],"picked":"Inflame+1","floor":14},{"not_picked":["Power Through","True Grit+1"],"picked":"Clothesline","floor":18},{"not_picked":["Intimidate","Iron Wave","Warcry"],"picked":"SKIP","floor":21},{"not_picked":["Cleave+1","Twin Strike"],"picked":"Shockwave","floor":22},{"not_picked":["Headbutt","Warcry"],"picked":"Uppercut+1","floor":23},{"not_picked":["Wild Strike","Perfected Strike"],"picked":"Shrug It Off","floor":25},{"not_picked":["Iron Wave+1","Armaments","Wild Strike"],"picked":"SKIP","floor":27},{"not_picked":["Double Tap","True Grit","Pommel Strike"],"picked":"SKIP","floor":28},{"not_picked":["Headbutt","Heavy Blade+1","Feel No Pain+1"],"picked":"SKIP","floor":29},{"not_picked":["Feed","Offering"],"picked":"Immolate","floor":33},{"not_picked":["Second Wind+1","Havoc+1","Rampage+1"],"picked":"SKIP","floor":35},{"not_picked":["Sever Soul+1","Seeing Red+1","Body Slam+1"],"picked":"SKIP","floor":38}],"player_experience":542137,"relics_obtained":[{"floor":6,"key":"Frozen Egg 2"},{"floor":23,"key":"Happy Flower"},{"floor":26,"key":"Paper Frog"},{"floor":27,"key":"Dream Catcher"},{"floor":29,"key":"Old Coin"},{"floor":39,"key":"Torii"}],"event_choices":[{"damage_healed":0,"gold_gain":0,"player_choice":"Entered Light","damage_taken":14,"max_hp_gain":0,"max_hp_loss":0,"event_name":"Shining Light","floor":3,"gold_loss":0,"cards_upgraded":["Defend_R","Defend_R"]},{"cards_removed":["Strike_R"],"damage_healed":0,"gold_gain":0,"player_choice":"Card Removal","damage_taken":0,"max_hp_gain":0,"max_hp_loss":0,"event_name":"The Cleric","floor":10,"gold_loss":50},{"damage_healed":0,"gold_gain":0,"player_choice":"Take Damage","damage_taken":18,"relics_obtained":["Golden Idol"],"max_hp_gain":0,"max_hp_loss":0,"event_name":"Golden Idol","floor":13,"gold_loss":0},{"damage_healed":0,"gold_gain":0,"player_choice":"Became a vampire","damage_taken":0,"max_hp_gain":0,"max_hp_loss":22,"event_name":"Vampires","floor":19,"gold_loss":0,"cards_obtained":["Bite","Bite","Bite","Bite","Bite"]},{"cards_removed":["Defend_R"],"damage_healed":0,"gold_gain":0,"player_choice":"Gave Gold","damage_taken":0,"max_hp_gain":0,"max_hp_loss":0,"event_name":"Beggar","floor":20,"gold_loss":75},{"damage_healed":0,"gold_gain":0,"player_choice":"Inject Mutagens","damage_taken":0,"relics_obtained":["MutagenicStrength"],"max_hp_gain":0,"max_hp_loss":0,"event_name":"Drug Dealer","floor":30,"gold_loss":0},{"damage_healed":0,"gold_gain":0,"player_choice":"Rummage","damage_taken":0,"relics_obtained":["WarpedTongs"],"max_hp_gain":0,"max_hp_loss":0,"event_name":"Accursed Blacksmith","floor":31,"gold_loss":0,"cards_obtained":["Pain"]},{"damage_healed":0,"gold_gain":0,"player_choice":"Upgraded","damage_taken":0,"max_hp_gain":0,"max_hp_loss":0,"event_name":"Upgrade Shrine","floor":36,"gold_loss":0,"cards_upgraded":["Immolate"]},{"damage_healed":0,"gold_gain":0,"player_choice":"Fight","damage_taken":0,"max_hp_gain":0,"max_hp_loss":0,"event_name":"Mysterious Sphere","floor":39,"gold_loss":0}],"is_beta":false,"boss_relics":[{"not_picked":["Lizard Tail","Coffee Dripper"],"picked":"Snecko Eye"},{"not_picked":["Orrery","Velvet Choker"],"picked":"Black Blood"}],"items_purged_floors":[11,37],"is_endless":false,"potions_floor_spawned":[2,5,6,16,21,23,28,29,39],"killed_by":"Nemesis","ascension_level":3}