{"gold_per_floor":[119,136,61,61,71,103,103,103,157,168,186,206,206],"floor_reached":13,"playtime":505,"items_purged":["Bash"],"score":100,"play_id":"241bf79e-456c-4c01-a889-74ab31c8b24f","local_time":"20181126183205","is_ascension_mode":true,"campfire_choices":[{"floor":7,"key":"RECALL"}],"neow_cost":"NONE","seed_source_timestamp":179032496778953,"circlet_count":0,"master_deck":["Strike_R","Strike_R","Strike_R","Strike_R+1","Strike_R+1","Defend_R","Defend_R","Defend_R","Defend_R","Shrug It Off","Pain","Uppercut","Disarm"],"relics":["Burning Blood","NeowsBlessing","Whetstone","WarpedTongs"],"potions_floor_usage":[11,13,13],"damage_taken":[{"damage":0,"enemies":"Cultist","floor":1,"turns":1},{"damage":0,"enemies":"Jaw Worm","floor":2,"turns":1},{"damage":0,"enemies":"Small Slimes","floor":5,"turns":1},{"damage":42,"enemies":"3 Sentries","floor":6,"turns":14},{"damage":17,"enemies":"2 Fungi Beasts","floor":10,"turns":6},{"damage":5,"enemies":"Looter","floor":11,"turns":4},{"damage":13,"enemies":"3 Louse","floor":12,"turns":6},{"damage":32,"enemies":"Gremlin Nob","floor":13,"turns":4}],"seed_played":"-3133502225879086289","potions_obtained":[{"floor":1,"key":"SpeedPotion"},{"floor":5,"key":"GamblersBrew"},{"floor":10,"key":"GamblersBrew"},{"floor":12,"key":"Energy Potion"}],"is_trial":false,"path_per_floor":["M","M","$","$","M","E","R","?","T","M","M","M","E"],"character_chosen":"IRONCLAD","items_purchased":[],"campfire_rested":0,"item_purchase_floors":[],"current_hp_per_floor":[80,80,80,80,80,44,44,44,44,33,34,27,0],"gold":206,"neow_bonus":"THREE_ENEMY_KILL","is_prod":false,"is_daily":false,"chose_seed":false,"campfire_upgraded":0,"win_rate":0,"timestamp":1543278725,"path_taken":["M","M","?","$","M","E","R","?","T","?","M","M","E"],"build_version":"2018-11-15","purchased_purges":1,"victory":false,"max_hp_per_floor":[80,80,80,80,80,80,80,80,80,80,80,80,80],"card_choices":[{"not_picked":["Rage","Carnage"],"picked":"Shrug It Off","floor":1},{"not_picked":["Blood for Blood","True Grit","Burning Pact"],"picked":"SKIP","floor":2},{"not_picked":["Second Wind","Infernal Blade","Headbutt"],"picked":"SKIP","floor":5},{"not_picked":["Double Tap","Bloodletting","Headbutt"],"picked":"SKIP","floor":6},{"not_picked":["Pommel Strike","Headbutt","Evolve"],"picked":"SKIP","floor":10},{"not_picked":["Clash","Iron Wave"],"picked":"Uppercut","floor":11},{"not_picked":["Body Slam","Havoc"],"picked":"Disarm","floor":12}],"player_experience":494645,"relics_obtained":[{"floor":6,"key":"Whetstone"}],"event_choices":[{"damage_healed":0,"gold_gain":0,"player_choice":"Rummage","damage_taken":0,"relics_obtained":["WarpedTongs"],"max_hp_gain":0,"max_hp_loss":0,"event_name":"Accursed Blacksmith","floor":8,"gold_loss":0,"cards_obtained":["Pain"]}],"is_beta":false,"boss_relics":[],"items_purged_floors":[3],"is_endless":false,"potions_floor_spawned":[1,5,10,12],"killed_by":"Gremlin Nob","ascension_level":3}