{"gold_per_floor":[109,109,127,137,155,155,155,155,181,181,220,244,258,273,273,392,392,406,406,425,515,529,529,529,529,610,633,633,97,110,129,129,129],"floor_reached":33,"playtime":2635,"items_purged":["Normality"],"score":316,"play_id":"1024799b-75a2-494c-b65b-e0b686006828","local_time":"20190820194636","is_ascension_mode":true,"campfire_choices":[{"data":"Body Slam","floor":6,"key":"SMITH"},{"data":"Clothesline","floor":8,"key":"SMITH"},{"data":"Flex","floor":10,"key":"SMITH"},{"data":"Heavy Blade","floor":15,"key":"SMITH"},{"data":"Berserk","floor":23,"key":"SMITH"},{"floor":25,"key":"REST"},{"floor":32,"key":"REST"}],"neow_cost":"NONE","seed_source_timestamp":77654241987200,"circlet_count":0,"master_deck":["Strike_R+1","Strike_R","Strike_R","Strike_R","Strike_R+1","Defend_R","Defend_R","Defend_R","Defend_R","Bash+1","Clothesline+1","Body Slam+1","Iron Wave","Flex+1","Spot Weakness+1","Heavy Blade+1","Berserk+1","Twin Strike","Inflame","Necronomicurse","Disarm+1","Impervious","Sword Boomerang","Iron Wave+1"],"relics":["Burning Blood","Golden Idol","Bag of Preparation","Whetstone","Cursed Key","Necronomicon","Question Card","Turnip"],"potions_floor_usage":[16,22,28,31,33],"damage_taken":[{"damage":6,"enemies":"Cultist","floor":1,"turns":3},{"damage":9,"enemies":"2 Louse","floor":3,"turns":3},{"damage":0,"enemies":"Small Slimes","floor":4,"turns":3},{"damage":11,"enemies":"Red Slaver","floor":5,"turns":3},{"damage":35,"enemies":"3 Sentries","floor":11,"turns":9},{"damage":10,"enemies":"Large Slime","floor":12,"turns":3},{"damage":9,"enemies":"Exordium Wildlife","floor":13,"turns":5},{"damage":6,"enemies":"Looter","floor":14,"turns":3},{"damage":14,"enemies":"Hexaghost","floor":16,"turns":7},{"damage":9,"enemies":"Shell Parasite","floor":18,"turns":4},{"damage":14,"enemies":"2 Thieves","floor":20,"turns":3},{"damage":31,"enemies":"Shelled Parasite and Fungi","floor":22,"turns":4},{"damage":0,"enemies":"Chosen and Byrds","floor":27,"turns":3},{"damage":11,"enemies":"Sentry and Sphere","floor":28,"turns":3},{"damage":0,"enemies":"Snake Plant","floor":30,"turns":3},{"damage":21,"enemies":"Centurion and Healer","floor":31,"turns":4},{"damage":51,"enemies":"Automaton","floor":33,"turns":8}],"seed_played":"-4981617062964857472","potions_obtained":[{"floor":11,"key":"Swift Potion"},{"floor":12,"key":"Regen Potion"},{"floor":14,"key":"GamblersBrew"},{"floor":18,"key":"Poison Potion"},{"floor":27,"key":"SmokeBomb"}],"is_trial":false,"path_per_floor":["M","?","M","M","M","R","?","R","T","R","E","M","M","M","R","B",null,"M","?","M","?","M","R","?","R","T","M","M","$","M","M","R","B"],"character_chosen":"IRONCLAD","items_purchased":["Impervious","Turnip"],"campfire_rested":2,"item_purchase_floors":[29,29],"current_hp_per_floor":[88,88,85,88,83,83,61,61,61,61,32,28,25,25,25,32,74,71,71,63,47,22,22,6,32,32,38,33,33,39,24,50,0],"gold":129,"neow_bonus":"TEN_PERCENT_HP_BONUS","is_prod":false,"is_daily":false,"chose_seed":false,"campfire_upgraded":5,"win_rate":0,"timestamp":1566297996,"path_taken":["M","?","M","M","M","R","?","R","T","R","E","M","M","M","R","BOSS","M","?","?","?","?","R","?","R","T","M","M","$","M","M","R","BOSS"],"build_version":"2019-07-17","purchased_purges":1,"victory":false,"max_hp_per_floor":[88,88,88,88,88,88,88,88,88,88,88,88,88,88,88,88,88,88,88,88,88,88,88,88,88,88,88,88,88,88,88,88,88],"card_choices":[{"not_picked":["Flex","Battle Trance"],"picked":"Clothesline","floor":1},{"not_picked":["Rage","Warcry"],"picked":"Body Slam","floor":3},{"not_picked":["Infernal Blade","Searing Blow"],"picked":"Iron Wave","floor":4},{"not_picked":["Exhume","Fire Breathing"],"picked":"Flex","floor":5},{"not_picked":["Perfected Strike","Searing Blow","Carnage"],"picked":"SKIP","floor":11},{"not_picked":["Iron Wave","Anger","Thunderclap"],"picked":"SKIP","floor":12},{"not_picked":["Havoc","Metallicize"],"picked":"Spot Weakness","floor":13},{"not_picked":["Warcry","Fire Breathing"],"picked":"Heavy Blade","floor":14},{"not_picked":["Demon Form","Exhume"],"picked":"Berserk","floor":16},{"not_picked":["Fire Breathing","Perfected Strike"],"picked":"Twin Strike","floor":18},{"not_picked":["Twin Strike","Iron Wave"],"picked":"Inflame","floor":20},{"not_picked":["Thunderclap+1","Searing Blow","Havoc"],"picked":"SKIP","floor":22},{"not_picked":["Juggernaut","Rupture","Armaments"],"picked":"Disarm+1","floor":27},{"not_picked":["Combust","Thunderclap","Searing Blow"],"picked":"Sword Boomerang","floor":30},{"not_picked":["Anger","Rage","Warcry"],"picked":"Iron Wave+1","floor":31}],"player_experience":377345,"relics_obtained":[{"floor":9,"key":"Bag of Preparation"},{"floor":11,"key":"Whetstone"},{"floor":24,"key":"Necronomicon"},{"floor":26,"key":"Question Card"}],"event_choices":[{"damage_healed":0,"gold_gain":0,"player_choice":"Grow","damage_taken":0,"max_hp_gain":0,"max_hp_loss":0,"event_name":"Living Wall","floor":2,"gold_loss":0,"cards_upgraded":["Bash"]},{"damage_healed":0,"gold_gain":0,"player_choice":"Take Damage","damage_taken":22,"relics_obtained":["Golden Idol"],"max_hp_gain":0,"max_hp_loss":0,"event_name":"Golden Idol","floor":7,"gold_loss":0},{"damage_healed":0,"gold_gain":0,"player_choice":"Upgraded","damage_taken":0,"max_hp_gain":0,"max_hp_loss":0,"event_name":"Upgrade Shrine","floor":19,"gold_loss":0,"cards_upgraded":["Spot Weakness"]},{"damage_healed":0,"gold_gain":90,"player_choice":"GOLD ","damage_taken":16,"max_hp_gain":0,"max_hp_loss":0,"event_name":"Knowing Skull","floor":21,"potions_obtained":[],"gold_loss":0,"cards_obtained":[]},{"damage_healed":0,"gold_gain":0,"player_choice":"Obtained Book","damage_taken":16,"max_hp_gain":0,"max_hp_loss":0,"event_name":"Cursed Tome","floor":24,"gold_loss":0}],"is_beta":false,"boss_relics":[{"not_picked":["Coffee Dripper","Eternal Feather"],"picked":"Cursed Key"}],"items_purged_floors":[29],"is_endless":false,"potions_floor_spawned":[11,12,14,18,27],"killed_by":"Automaton","ascension_level":5}