{"gold_per_floor":[115,126,138,157,157,157,157,142,142,166,166,166,166,187,187,308,308,329,329,348,360,372,372,372,405,432,191,191,207,221,321,321,416,416,428,445,6,25,25,25,43,58,58,58,74,107,9,35,35,35],"floor_reached":50,"playtime":2773,"items_purged":["Strike_R","Injury"],"score":852,"play_id":"faadb2da-e838-4a1f-aa91-be0ab126e22e","local_time":"20190714164957","is_ascension_mode":true,"campfire_choices":[{"floor":6,"key":"REST"},{"floor":12,"key":"REST"},{"data":"Armaments","floor":15,"key":"SMITH"},{"data":"Juggernaut","floor":23,"key":"SMITH"},{"floor":32,"key":"REST"},{"floor":40,"key":"REST"},{"floor":44,"key":"REST"},{"floor":49,"key":"RECALL"}],"neow_cost":"TEN_PERCENT_HP_LOSS","seed_source_timestamp":229762816247740,"circlet_count":0,"master_deck":["AscendersBane","Strike_R","Strike_R","Strike_R","Defend_R+1","Defend_R","Defend_R","Defend_R","Bash","Juggernaut+1","Battle Trance","Whirlwind","Seeing Red","Armaments+1","Battle Trance+1","Impervious","Juggernaut","Metallicize+1","Flame Barrier","Shrug It Off","Metallicize","Apotheosis","Flame Barrier","Berserk","Regret","Ghostly Armor","Ghostly Armor+1"],"relics":["Burning Blood","Bloody Idol","Incense Burner","Singing Bowl","Cursed Key","Pocketwatch","Bottled Lightning","MawBank","Black Star","Bronze Scales","Chemical X","Bird Faced Urn","Regal Pillow","Dodecahedron","Blue Candle"],"potions_floor_usage":[16,16,16,21,33,33,33,45,46,46,48],"damage_taken":[{"damage":0,"enemies":"Cultist","floor":1,"turns":4},{"damage":4,"enemies":"Jaw Worm","floor":2,"turns":5},{"damage":16,"enemies":"2 Louse","floor":3,"turns":4},{"damage":14,"enemies":"Blue Slaver","floor":4,"turns":4},{"damage":19,"enemies":"Exordium Thugs","floor":8,"turns":4},{"damage":0,"enemies":"3 Louse","floor":10,"turns":2},{"damage":6,"enemies":"Red Slaver","floor":14,"turns":4},{"damage":15,"enemies":"Slime Boss","floor":16,"turns":11},{"damage":19,"enemies":"Spheric Guardian","floor":18,"turns":4},{"damage":0,"enemies":"2 Thieves","floor":20,"turns":5},{"damage":10,"enemies":"Snecko","floor":21,"turns":6},{"damage":24,"enemies":"Centurion and Healer","floor":22,"turns":5},{"damage":20,"enemies":"Book of Stabbing","floor":25,"turns":5},{"damage":32,"enemies":"3 Cultists","floor":29,"turns":5},{"damage":8,"enemies":"Snake Plant","floor":30,"turns":4},{"damage":0,"enemies":"Champ","floor":33,"turns":11},{"damage":0,"enemies":"Orb Walker","floor":35,"turns":6},{"damage":39,"enemies":"3 Shapes","floor":36,"turns":5},{"damage":13,"enemies":"Spire Growth","floor":38,"turns":5},{"damage":15,"enemies":"Writhing Mass","floor":41,"turns":6},{"damage":29,"enemies":"3 Darklings","floor":42,"turns":5},{"damage":0,"enemies":"4 Shapes","floor":45,"turns":3},{"damage":62,"enemies":"Reptomancer","floor":46,"turns":6},{"damage":27,"enemies":"Nemesis","floor":48,"turns":7},{"damage":61,"enemies":"Awakened One","floor":50,"turns":11}],"seed_played":"-6746500505338444670","potions_obtained":[{"floor":2,"key":"Dexterity Potion"},{"floor":3,"key":"Swift Potion"},{"floor":10,"key":"EssenceOfSteel"},{"floor":20,"key":"Block Potion"},{"floor":21,"key":"Strength Potion"},{"floor":22,"key":"Poison Potion"},{"floor":30,"key":"Ancient Potion"},{"floor":33,"key":"PowerPotion"},{"floor":35,"key":"Fire Potion"},{"floor":42,"key":"Block Potion"},{"floor":45,"key":"GamblersBrew"}],"is_trial":false,"path_per_floor":["M","M","M","M","?","R","?","M","T","M","?","R","T","M","R","B",null,"M","?","M","M","M","R","T","E","T","$","?","M","M","?","R","B",null,"M","M","$","M","?","R","M","M","T","R","M","E","$","E","R","B"],"character_chosen":"IRONCLAD","items_purchased":["Apotheosis","Bronze Scales","Chemical X","FairyPotion"],"campfire_rested":5,"item_purchase_floors":[27,37,37,47],"current_hp_per_floor":[72,72,62,54,36,57,57,44,44,50,36,57,57,59,59,50,68,55,55,71,72,61,61,61,52,57,62,62,41,46,51,74,78,78,80,54,54,54,54,79,77,61,61,87,88,37,37,31,31,0],"gold":35,"neow_bonus":"THREE_RARE_CARDS","is_prod":false,"is_daily":false,"chose_seed":false,"campfire_upgraded":2,"win_rate":0,"timestamp":1563140997,"path_taken":["M","?","M","M","?","R","?","?","T","M","?","R","?","M","R","BOSS","M","?","M","M","M","R","?","E","T","$","?","?","M","?","R","BOSS","M","?","$","M","?","R","M","M","T","R","M","E","$","E","R","BOSS"],"build_version":"2019-07-05","purchased_purges":2,"victory":false,"max_hp_per_floor":[72,72,72,72,72,72,72,72,72,72,72,72,72,74,74,74,74,74,74,74,74,76,76,76,76,76,76,76,76,78,78,78,78,78,80,82,82,84,84,84,86,88,88,88,88,88,88,90,90,90],"card_choices":[{"not_picked":["Limit Break","Dark Embrace"],"picked":"Juggernaut","floor":0},{"not_picked":["Perfected Strike","Feel No Pain"],"picked":"Battle Trance","floor":1},{"not_picked":["Iron Wave","True Grit"],"picked":"Whirlwind","floor":2},{"not_picked":["Sword Boomerang","Battle Trance"],"picked":"Seeing Red","floor":3},{"not_picked":["Anger","Sword Boomerang"],"picked":"Armaments","floor":4},{"not_picked":["Battle Trance","Evolve","Dual Wield"],"picked":"SKIP","floor":8},{"not_picked":["Havoc","True Grit"],"picked":"Impervious","floor":10},{"not_picked":["Shockwave","Cleave","Feel No Pain"],"picked":"Singing Bowl","floor":14},{"not_picked":["Berserk","Limit Break"],"picked":"Juggernaut","floor":16},{"not_picked":["Iron Wave","Clash"],"picked":"Metallicize+1","floor":18},{"not_picked":["Intimidate","Thunderclap"],"picked":"Flame Barrier","floor":20},{"not_picked":["True Grit","Second Wind+1"],"picked":"Shrug It Off","floor":21},{"not_picked":["Cleave+1","Flex","Combust"],"picked":"Singing Bowl","floor":22},{"not_picked":["Corruption+1","Havoc"],"picked":"Metallicize","floor":25},{"not_picked":["Anger","Wild Strike"],"picked":"Flame Barrier","floor":29},{"not_picked":["Iron Wave","Spot Weakness","Rage+1"],"picked":"Singing Bowl","floor":30},{"not_picked":["Brutality","Double Tap"],"picked":"Berserk","floor":33},{"not_picked":["Heavy Blade","Anger","Armaments+1"],"picked":"Singing Bowl","floor":35},{"not_picked":["Shockwave","Wild Strike","Cleave+1"],"picked":"Singing Bowl","floor":36},{"not_picked":["Fire Breathing","Spot Weakness+1","Armaments+1"],"picked":"Singing Bowl","floor":38},{"not_picked":["Rage+1","Reckless Charge","Disarm"],"picked":"Singing Bowl","floor":41},{"not_picked":["Havoc","Anger","Perfected Strike"],"picked":"Singing Bowl","floor":42},{"not_picked":["Intimidate+1","Sword Boomerang+1"],"picked":"Ghostly Armor","floor":45},{"not_picked":["Sentinel+1","Havoc"],"picked":"Ghostly Armor+1","floor":46},{"not_picked":["Intimidate","Reckless Charge+1","Dual Wield"],"picked":"Singing Bowl","floor":48}],"player_experience":2320518,"relics_obtained":[{"floor":9,"key":"Incense Burner"},{"floor":13,"key":"Singing Bowl"},{"floor":24,"key":"Pocketwatch"},{"floor":25,"key":"Bottled Lightning"},{"floor":26,"key":"MawBank"},{"floor":46,"key":"Bird Faced Urn"},{"floor":46,"key":"Regal Pillow"},{"floor":48,"key":"Dodecahedron"},{"floor":48,"key":"Blue Candle"}],"event_choices":[{"damage_healed":0,"gold_gain":0,"player_choice":"Take Damage","damage_taken":18,"relics_obtained":["Golden Idol"],"max_hp_gain":0,"max_hp_loss":0,"event_name":"Golden Idol","floor":5,"gold_loss":0},{"damage_healed":0,"gold_gain":0,"cards_transformed":["Strike_R"],"player_choice":"Transformed","damage_taken":0,"max_hp_gain":0,"max_hp_loss":0,"event_name":"Transmorgrifier","floor":7,"gold_loss":0,"cards_obtained":["Battle Trance"]},{"damage_healed":0,"gold_gain":0,"player_choice":"Entered Light","damage_taken":14,"max_hp_gain":0,"max_hp_loss":0,"event_name":"Shining Light","floor":11,"gold_loss":0,"cards_upgraded":["Battle Trance","Defend_R"]},{"damage_healed":0,"gold_gain":0,"player_choice":"Gave Idol","damage_taken":0,"relics_obtained":["Bloody Idol"],"max_hp_gain":0,"max_hp_loss":0,"event_name":"Forgotten Altar","floor":19,"relics_lost":["Golden Idol"],"gold_loss":0},{"cards_removed":["Injury"],"damage_healed":0,"gold_gain":0,"player_choice":"Purged","damage_taken":0,"max_hp_gain":0,"max_hp_loss":0,"event_name":"Purifier","floor":28,"gold_loss":0},{"damage_healed":0,"gold_gain":100,"player_choice":"Pray","damage_taken":0,"max_hp_gain":0,"max_hp_loss":0,"event_name":"Golden Shrine","floor":31,"gold_loss":0},{"damage_healed":0,"gold_gain":0,"player_choice":"Ignored","damage_taken":0,"max_hp_gain":0,"max_hp_loss":0,"event_name":"Tomb of Lord Red Mask","floor":39,"gold_loss":0}],"is_beta":false,"boss_relics":[{"not_picked":["Eternal Feather","Mark of Pain"],"picked":"Cursed Key"},{"not_picked":["Orrery","White Beast Statue"],"picked":"Black Star"}],"items_purged_floors":[27,37],"is_endless":false,"potions_floor_spawned":[2,3,10,20,21,22,30,33,35,42,45],"killed_by":"Awakened One","ascension_level":10}