{"gold_per_floor":[111,111,124,140,150,150,100,100,100,100,119,119,132,142,142,242,242,258,258,258,276,290,290,215,215,215,215,230,130,130,146,146,246,246,262,273,273,288,48,48,81,81,81,116,216,216,216,216],"floor_reached":48,"playtime":2568,"items_purged":["Writhe","Injury","Strike_B"],"score":720,"play_id":"47acbb80-1fc6-4575-9e31-fd43da75b824","local_time":"20190730171759","is_ascension_mode":true,"campfire_choices":[{"data":"BootSequence","floor":6,"key":"SMITH"},{"data":"Defend_B","floor":8,"key":"SMITH"},{"data":"Defend_B","floor":12,"key":"SMITH"},{"data":"Defragment","floor":15,"key":"SMITH"},{"floor":23,"key":"REST"},{"data":"Conserve Battery","floor":25,"key":"SMITH"},{"data":"Defend_B","floor":27,"key":"SMITH"},{"floor":30,"key":"REST"},{"data":"Defend_B","floor":32,"key":"SMITH"},{"floor":40,"key":"REST"},{"floor":47,"key":"REST"}],"neow_cost":"NONE","seed_source_timestamp":0,"circlet_count":0,"master_deck":["AscendersBane","Strike_B","Defend_B+1","Defend_B+1","Defend_B+1","Defend_B+1","Zap+1","Gash","FTL","BootSequence+1","Cold Snap","Defragment+1","Machine Learning","Streamline+1","Gash+1","Conserve Battery+1","Glacier+1","Machine Learning+1","Defragment+1","Defragment+1","FTL+1","Loop+1","Redo+1"],"special_seed":0,"relics":["Cracked Core","NeowsBlessing","Mercury Hourglass","Calling Bell","Centennial Puzzle","Molten Egg 2","Du-Vu Doll","Sundial","Frozen Egg 2","Empty Cage","Potion Belt","Ice Cream","Prayer Wheel","Blue Candle"],"potions_floor_usage":[16,16,16,33,33],"damage_taken":[{"damage":0,"enemies":"Small Slimes","floor":1,"turns":2},{"damage":0,"enemies":"Cultist","floor":3,"turns":1},{"damage":0,"enemies":"Jaw Worm","floor":4,"turns":1},{"damage":11,"enemies":"Looter","floor":5,"turns":3},{"damage":0,"enemies":"Blue Slaver","floor":11,"turns":4},{"damage":1,"enemies":"Red Slaver","floor":13,"turns":3},{"damage":0,"enemies":"Gremlin Gang","floor":14,"turns":3},{"damage":22,"enemies":"Hexaghost","floor":16,"turns":10},{"damage":0,"enemies":"Shell Parasite","floor":18,"turns":5},{"damage":18,"enemies":"3 Byrds","floor":21,"turns":4},{"damage":9,"enemies":"Snecko","floor":22,"turns":5},{"damage":22,"enemies":"Snake Plant","floor":28,"turns":4},{"damage":12,"enemies":"Sentry and Sphere","floor":31,"turns":4},{"damage":35,"enemies":"Collector","floor":33,"turns":10},{"damage":0,"enemies":"3 Shapes","floor":35,"turns":5},{"damage":23,"enemies":"3 Darklings","floor":36,"turns":6},{"damage":9,"enemies":"4 Shapes","floor":38,"turns":5},{"damage":46,"enemies":"Nemesis","floor":41,"turns":11},{"damage":61,"enemies":"Reptomancer","floor":44,"turns":10},{"damage":0,"enemies":"Mind Bloom Boss Battle","floor":45,"turns":5},{"damage":34,"enemies":"Jaw Worm Horde","floor":48,"turns":3}],"seed_played":"7000447526454439990","potions_obtained":[{"floor":3,"key":"Poison Potion"},{"floor":4,"key":"EssenceOfSteel"},{"floor":13,"key":"FearPotion"},{"floor":16,"key":"Weak Potion"},{"floor":18,"key":"SkillPotion"},{"floor":28,"key":"EssenceOfSteel"},{"floor":33,"key":"Poison Potion"},{"floor":36,"key":"Strength Potion"},{"floor":38,"key":"AttackPotion"}],"is_trial":false,"path_per_floor":["M","?","M","M","M","R","?","R","T","?","M","R","M","M","R","B",null,"M","?","?","M","M","R","$","R","T","R","M","$","R","M","R","B",null,"M","M","?","M","$","R","E","?","T","E","?","T","R","M"],"character_chosen":"DEFECT","items_purchased":["Defragment+1","FTL+1"],"campfire_rested":4,"item_purchase_floors":[39,39],"current_hp_per_floor":[68,68,68,68,57,57,57,57,57,62,62,62,61,61,61,39,70,70,70,70,52,43,67,67,67,67,67,45,45,69,57,57,22,66,66,43,43,34,34,58,12,70,70,9,9,9,30,0],"gold":216,"neow_bonus":"THREE_ENEMY_KILL","is_prod":false,"is_daily":false,"chose_seed":false,"campfire_upgraded":7,"win_rate":0,"timestamp":1564525079,"path_taken":["M","?","M","M","?","R","?","R","T","?","M","R","M","M","R","BOSS","M","?","?","?","M","R","$","R","T","R","M","$","R","M","R","BOSS","M","?","?","M","$","R","E","?","T","E","?","?","R","M"],"build_version":"2019-07-17","purchased_purges":3,"victory":false,"max_hp_per_floor":[75,75,75,75,75,75,75,75,75,80,80,80,80,80,80,80,80,80,80,80,80,80,80,80,80,80,80,80,80,80,80,80,80,80,80,80,80,80,80,80,80,70,70,70,70,70,70,70],"card_choices":[{"not_picked":["Turbo","White Noise"],"picked":"Gash","floor":1},{"not_picked":["Stack","Static Discharge","Beam Cell"],"picked":"SKIP","floor":3},{"not_picked":["Sunder","Leap"],"picked":"FTL","floor":4},{"not_picked":["Heatsinks","Double Energy"],"picked":"BootSequence","floor":5},{"not_picked":["Force Field","Turbo","Rebound"],"picked":"SKIP","floor":11},{"not_picked":["Blizzard","Coolheaded"],"picked":"Cold Snap","floor":13},{"not_picked":["Conserve Battery","Redo"],"picked":"Defragment","floor":14},{"not_picked":["Buffer","Meteor Strike"],"picked":"Machine Learning","floor":16},{"not_picked":["Tempest","Barrage+1"],"picked":"Streamline+1","floor":18},{"not_picked":["Barrage+1","Undo+1"],"picked":"Gash+1","floor":21},{"not_picked":["Streamline+1","Doom and Gloom+1"],"picked":"Conserve Battery","floor":22},{"not_picked":["Meteor Strike+1","Barrage+1"],"picked":"Glacier+1","floor":28},{"not_picked":["White Noise","Beam Cell+1","Self Repair+1"],"picked":"SKIP","floor":31},{"not_picked":["Rainbow","Multi-Cast"],"picked":"Machine Learning+1","floor":33},{"not_picked":["Redo","Streamline+1","Barrage+1"],"picked":"SKIP","floor":35},{"not_picked":["Fission","Rip and Tear+1"],"picked":"Defragment+1","floor":36},{"not_picked":["Lockon+1","White Noise","Go for the Eyes+1"],"picked":"SKIP","floor":38},{"not_picked":["Hologram","Double Energy"],"picked":"Loop+1","floor":41},{"not_picked":["Hello World+1","Rebound+1"],"picked":"Redo+1","floor":44}],"player_experience":2578143,"relics_obtained":[{"floor":9,"key":"Mercury Hourglass"},{"floor":17,"key":"Centennial Puzzle"},{"floor":17,"key":"Molten Egg 2"},{"floor":17,"key":"Du-Vu Doll"},{"floor":26,"key":"Frozen Egg 2"},{"floor":41,"key":"Potion Belt"},{"floor":44,"key":"Ice Cream"},{"floor":45,"key":"Prayer Wheel"},{"floor":46,"key":"Blue Candle"}],"event_choices":[{"damage_healed":0,"gold_gain":0,"player_choice":"Upgraded","damage_taken":0,"max_hp_gain":0,"max_hp_loss":0,"event_name":"Upgrade Shrine","floor":2,"gold_loss":0,"cards_upgraded":["Zap"]},{"cards_removed":["Dualcast"],"damage_healed":0,"gold_gain":0,"player_choice":"Card Removal","damage_taken":0,"max_hp_gain":0,"max_hp_loss":0,"event_name":"The Cleric","floor":7,"gold_loss":50},{"damage_healed":0,"gold_gain":0,"player_choice":"Donut","damage_taken":0,"max_hp_gain":5,"max_hp_loss":0,"event_name":"Big Fish","floor":10,"gold_loss":0},{"damage_healed":0,"gold_gain":0,"player_choice":"Ignored","damage_taken":0,"max_hp_gain":0,"max_hp_loss":0,"event_name":"Vampires","floor":19,"gold_loss":0},{"damage_healed":0,"gold_gain":0,"player_choice":"Gave Potion","damage_taken":0,"relics_obtained":["Sundial"],"max_hp_gain":0,"max_hp_loss":0,"event_name":"WeMeetAgain","floor":20,"gold_loss":0},{"cards_removed":["Strike_B"],"damage_healed":0,"gold_gain":0,"player_choice":"Removed Attack","damage_taken":0,"max_hp_gain":0,"max_hp_loss":0,"event_name":"Falling","floor":37,"gold_loss":0},{"damage_healed":70,"gold_gain":0,"player_choice":"Heal","damage_taken":0,"max_hp_gain":0,"max_hp_loss":10,"event_name":"The Moai Head","floor":42,"gold_loss":0},{"damage_healed":0,"gold_gain":0,"player_choice":"Fight","damage_taken":0,"max_hp_gain":0,"max_hp_loss":0,"event_name":"MindBloom","floor":45,"gold_loss":0}],"is_beta":false,"boss_relics":[{"not_picked":["Pandora\u0027s Box","Coffee Dripper"],"picked":"Calling Bell"},{"not_picked":["Snecko Eye","Astrolabe"],"picked":"Empty Cage"}],"items_purged_floors":[24,29,39],"is_endless":false,"potions_floor_spawned":[3,4,13,16,18,28,33,36,38],"killed_by":"Jaw Worm Horde","ascension_level":10}