{"gold_per_floor":[109,124,136,311,311,311,64,64,146,163,163,198,217,245,245,346,346,365,265,265,285,301,334,334,334,415,428,439,439,456,292,292,394,394,404,90,107,107,107,107,107,122,122,140,159,176,26,26,26,26],"floor_reached":51,"playtime":4167,"items_purged":["Doubt","Strike_B","Strike_B","Strike_B"],"score":704,"play_id":"bf3fed60-fa55-4d57-85f1-916b80046537","local_time":"20190831230017","is_ascension_mode":false,"campfire_choices":[{"data":"Coolheaded","floor":6.0,"key":"SMITH"},{"data":"Sunder","floor":8.0,"key":"SMITH"},{"data":"Dualcast","floor":11.0,"key":"SMITH"},{"data":"Zap","floor":15.0,"key":"SMITH"},{"data":"Static Discharge","floor":24.0,"key":"SMITH"},{"floor":32.0,"key":"REST"},{"data":"Scrape","floor":40,"key":"SMITH"},{"floor":49,"key":"REST"}],"neow_cost":"NONE","seed_source_timestamp":0,"circlet_count":0,"master_deck":["Defend_B","Defend_B","Defend_B","Defend_B","Zap+1","Dualcast+1","Coolheaded+1","Compile Driver","Leap","Conserve Battery+1","Recycle+1","Sunder+1","Coolheaded+1","BootSequence+1","Beam Cell","Gash","Reboot+1","Go for the Eyes","Rebound","Scrape+1","FTL","Redo+1","Fusion+1","Seek+1","Madness+1","Madness+1","Loop+1","Consume+1","Cold Snap+1","Reprogram+1","Master of Strategy+1"],"special_seed":0,"relics":["Cracked Core","Toxic Egg 2","Shuriken","Pen Nib","Bottled Lightning","Nuclear Battery","Pear","Gremlin Horn","Snecko Eye","Ice Cream","Omamori"],"potions_floor_usage":[50,50],"damage_taken":[{"damage":1.0,"enemies":"Cultist","floor":1.0,"turns":3.0},{"damage":4.0,"enemies":"Jaw Worm","floor":2.0,"turns":4.0},{"damage":0.0,"enemies":"Small Slimes","floor":3.0,"turns":3.0},{"damage":10.0,"enemies":"Looter","floor":10.0,"turns":2.0},{"damage":6.0,"enemies":"Gremlin Nob","floor":12.0,"turns":3.0},{"damage":0.0,"enemies":"2 Fungi Beasts","floor":13.0,"turns":3.0},{"damage":12.0,"enemies":"Lagavulin","floor":14.0,"turns":10.0},{"damage":18.0,"enemies":"Hexaghost","floor":16.0,"turns":8.0},{"damage":0.0,"enemies":"3 Byrds","floor":18.0,"turns":4.0},{"damage":0.0,"enemies":"Spheric Guardian","floor":21.0,"turns":3.0},{"damage":18.0,"enemies":"Snake Plant","floor":22.0,"turns":6.0},{"damage":0.0,"enemies":"Book of Stabbing","floor":23.0,"turns":3.0},{"damage":25.0,"enemies":"Snecko","floor":27.0,"turns":5.0},{"damage":8.0,"enemies":"Shelled Parasite and Fungi","floor":28.0,"turns":4.0},{"damage":0.0,"enemies":"3 Cultists","floor":30.0,"turns":2.0},{"damage":23.0,"enemies":"Champ","floor":33.0,"turns":8.0},{"damage":10,"enemies":"3 Shapes","floor":35,"turns":3},{"damage":4,"enemies":"Orb Walker","floor":37,"turns":3},{"damage":2,"enemies":"Transient","floor":42,"turns":5},{"damage":22,"enemies":"4 Shapes","floor":44,"turns":3},{"damage":3,"enemies":"Writhing Mass","floor":45,"turns":5},{"damage":23,"enemies":"Jaw Worm Horde","floor":46,"turns":5},{"damage":54,"enemies":"Awakened One","floor":50,"turns":23}],"seed_played":"5451254002498376531","potions_obtained":[{"floor":2.0,"key":"EssenceOfSteel"},{"floor":10.0,"key":"FairyPotion"},{"floor":12.0,"key":"SteroidPotion"},{"floor":21.0,"key":"Dexterity Potion"},{"floor":30.0,"key":"LiquidBronze"},{"floor":33.0,"key":"Weak Potion"},{"floor":37,"key":"Explosive Potion"}],"is_trial":false,"path_per_floor":["M","M","M","?","?","R","$","R","T","M","R","E","M","E","R","B",null,"M","$","?","M","M","E","R","?","T","M","M","?","M","$","R","B",null,"M","$","M","?","?","R","?","M","T","M","M","M","$","?","R","B",null],"character_chosen":"DEFECT","items_purchased":["Conserve Battery+1","Recycle+1","Sunder","Fusion+1","Ice Cream"],"campfire_rested":2,"item_purchase_floors":[7,7,7,31,36],"current_hp_per_floor":[81,77,77,77,77,77,77,77,77,67,67,61,61,49,49,31,82,82,82,82,82,64,74,74,74,74,49,41,71,71,71,92,69,92,82,82,78,66,66,66,66,64,64,42,39,16,16,16,43,4],"gold":26,"neow_bonus":"TEN_PERCENT_HP_BONUS","is_prod":false,"is_daily":false,"chose_seed":false,"campfire_upgraded":6,"win_rate":0,"timestamp":1567263617,"path_taken":["M","M","?","?","?","R","$","R","T","M","R","E","?","E","R","BOSS","M","$","?","M","M","E","R","?","T","M","M","?","M","?","R","BOSS","M","$","M","?","?","R","?","M","T","M","M","M","?","?","R","BOSS"],"build_version":"2019-07-17","purchased_purges":4,"victory":true,"max_hp_per_floor":[82,82,82,82,82,82,82,82,82,82,82,82,82,82,82,82,82,82,82,82,82,82,92,92,92,92,92,92,92,92,92,92,92,92,92,92,92,92,92,92,92,92,92,92,92,92,92,92,92,92],"card_choices":[{"not_picked":["Beam Cell","Barrage"],"picked":"Coolheaded","floor":1.0},{"not_picked":["Steam","Barrage"],"picked":"Compile Driver","floor":2.0},{"not_picked":["Steam Power","Chill"],"picked":"Leap","floor":3.0},{"not_picked":["Rip and Tear","Conserve Battery+1"],"picked":"Coolheaded+1","floor":10.0},{"not_picked":["Leap+1","Sweeping Beam"],"picked":"BootSequence+1","floor":12.0},{"not_picked":["Cold Snap","Self Repair"],"picked":"Beam Cell","floor":13.0},{"not_picked":["Compile Driver","Rebound"],"picked":"Gash","floor":14.0},{"not_picked":["Biased Cognition","Hyperbeam"],"picked":"Reboot+1","floor":16.0},{"not_picked":["Compile Driver+1","Redo+1"],"picked":"Go for the Eyes","floor":18.0},{"not_picked":["Conserve Battery+1","Go for the Eyes"],"picked":"Rebound","floor":21.0},{"not_picked":["Go for the Eyes","Double Energy+1","Fission+1"],"picked":"SKIP","floor":22.0},{"not_picked":["BootSequence+1","Reinforced Body+1"],"picked":"Static Discharge","floor":23.0},{"not_picked":["Conserve Battery+1","Streamline"],"picked":"Scrape","floor":27.0},{"not_picked":["Consume+1","Heatsinks"],"picked":"FTL","floor":28.0},{"not_picked":["Chaos+1","Conserve Battery+1"],"picked":"Redo+1","floor":30.0},{"not_picked":["Meteor Strike","Biased Cognition"],"picked":"Seek+1","floor":33.0},{"not_picked":["Beam Cell+1","Redo+1","Compile Driver"],"picked":"SKIP","floor":35},{"not_picked":["Rebound+1","Conserve Battery+1","Coolheaded+1"],"picked":"SKIP","floor":37},{"not_picked":["Doom and Gloom+1","Chaos+1"],"picked":"Loop+1","floor":42},{"not_picked":["Steam Power+1","Leap+1"],"picked":"Consume+1","floor":44},{"not_picked":["Coolheaded+1","Genetic Algorithm+1"],"picked":"Cold Snap+1","floor":45},{"not_picked":["Hologram+1","Buffer"],"picked":"Reprogram+1","floor":46},{"not_picked":["Madness+1","Dramatic Entrance"],"picked":"Master of Strategy+1","floor":48}],"player_experience":256502,"relics_obtained":[{"floor":9.0,"key":"Shuriken"},{"floor":12.0,"key":"Pen Nib"},{"floor":14.0,"key":"Bottled Lightning"},{"floor":23.0,"key":"Pear"},{"floor":26.0,"key":"Gremlin Horn"},{"floor":43,"key":"Omamori"}],"event_choices":[{"damage_healed":0.0,"max_hp_gain":0.0,"max_hp_loss":0.0,"gold_gain":175.0,"event_name":"Liars Game","player_choice":"AGREE","floor":4.0,"gold_loss":0.0,"damage_taken":0.0,"cards_obtained":["Doubt"]},{"damage_healed":0.0,"max_hp_gain":0.0,"max_hp_loss":0.0,"gold_gain":0.0,"event_name":"WeMeetAgain","player_choice":"Gave Potion","floor":5.0,"gold_loss":0.0,"damage_taken":0.0,"relics_obtained":["Toxic Egg 2"]},{"cards_removed":["Strike_B"],"damage_healed":0.0,"max_hp_gain":0.0,"max_hp_loss":0.0,"gold_gain":0.0,"event_name":"Back to Basics","player_choice":"Elegance","floor":20.0,"gold_loss":0.0,"damage_taken":0.0},{"damage_healed":0.0,"max_hp_gain":0.0,"max_hp_loss":0.0,"gold_gain":0.0,"event_name":"Vampires","player_choice":"Ignored","floor":25.0,"gold_loss":0.0,"damage_taken":0.0},{"damage_healed":30.0,"max_hp_gain":0.0,"max_hp_loss":0.0,"gold_gain":0.0,"event_name":"The Library","player_choice":"Heal","floor":29.0,"gold_loss":0.0,"damage_taken":0.0},{"damage_healed":0,"gold_gain":0,"player_choice":"Embrace Madness","damage_taken":12,"max_hp_gain":0,"max_hp_loss":0,"event_name":"Winding Halls","floor":38,"gold_loss":0,"cards_obtained":["Madness","Madness"]},{"cards_removed":["Static Discharge"],"damage_healed":0,"gold_gain":0,"player_choice":"Removed Power","damage_taken":0,"max_hp_gain":0,"max_hp_loss":0,"event_name":"Falling","floor":39,"gold_loss":0},{"damage_healed":0,"gold_gain":0,"player_choice":"Ignored","damage_taken":0,"max_hp_gain":0,"max_hp_loss":0,"event_name":"Tomb of Lord Red Mask","floor":41,"gold_loss":0},{"damage_healed":0,"gold_gain":0,"player_choice":"Memory 1","damage_taken":0,"max_hp_gain":0,"max_hp_loss":0,"event_name":"SensoryStone","floor":48,"gold_loss":0}],"is_beta":false,"boss_relics":[{"not_picked":["Busted Crown","Ectoplasm"],"picked":"Nuclear Battery"},{"not_picked":["Runic Dome","White Beast Statue"],"picked":"Snecko Eye"}],"items_purged_floors":[7,19,31,47],"is_endless":false,"potions_floor_spawned":[2,10,12,21,30,33,37,44,45],"ascension_level":0}