{"gold_per_floor":[118,118,129,144,144,144,198,198,198,229,246,276,276],"floor_reached":13,"playtime":209,"items_purged":[],"score":145,"play_id":"7d9c88c1-9a4b-4656-a1dc-9a6d91c4a60f","local_time":"20190817235627","is_ascension_mode":false,"campfire_choices":[{"data":"Flex","floor":6,"key":"SMITH"},{"data":"Flex","floor":8,"key":"SMITH"}],"neow_cost":"NONE","seed_source_timestamp":217233093288458,"circlet_count":0,"master_deck":["Anger+1","Battle Trance+1","Flex+1","Limit Break","Flex+1","Flex+1","Anger"],"relics":["Burning Blood","Seething Fire","Hammer of Thor","Anvil of the Gods","NeowsBlessing","Bronze Scales","Ginger","Art of War","Dream Catcher"],"potions_floor_usage":[],"damage_taken":[{"damage":0,"enemies":"Cultist","floor":1,"turns":1},{"damage":0,"enemies":"2 Louse","floor":2,"turns":1},{"damage":0,"enemies":"Jaw Worm","floor":3,"turns":1},{"damage":13,"enemies":"Red Slaver","floor":4,"turns":2},{"damage":0,"enemies":"Lagavulin","floor":10,"turns":2},{"damage":13,"enemies":"Gremlin Gang","floor":11,"turns":2},{"damage":0,"enemies":"Gremlin Nob","floor":12,"turns":1}],"seed_played":"-8863759455564404100","potions_obtained":[{"floor":1,"key":"GamblersBrew"},{"floor":10,"key":"Strength Potion"},{"floor":11,"key":"Ancient Potion"}],"is_trial":false,"path_per_floor":["M","M","M","M","$","R","T","R","T","E","M","E","$"],"character_chosen":"IRONCLAD","items_purchased":[],"campfire_rested":0,"item_purchase_floors":[],"current_hp_per_floor":[80,80,80,73,73,73,73,73,73,79,72,78,78],"gold":276,"neow_bonus":"THREE_ENEMY_KILL","is_prod":false,"is_daily":false,"chose_seed":false,"campfire_upgraded":2,"win_rate":0,"timestamp":1566100587,"path_taken":["M","M","M","M","$","R","?","R","T","E","M","E","$"],"build_version":"2019-07-17","purchased_purges":0,"victory":false,"max_hp_per_floor":[80,80,80,80,80,80,80,80,80,80,80,80,80],"card_choices":[{"not_picked":["Uppercut","Corruption","Cleave"],"picked":"SKIP","floor":1},{"not_picked":["Metallicize","Sword Boomerang"],"picked":"Flex","floor":2},{"not_picked":["Reckless Charge","Perfected Strike"],"picked":"Flex","floor":3},{"not_picked":["Body Slam","Barricade","Sword Boomerang"],"picked":"SKIP","floor":4},{"not_picked":["Thunderclap","Heavy Blade"],"picked":"Anger","floor":10},{"not_picked":["Flex","Disarm","Twin Strike"],"picked":"SKIP","floor":11},{"not_picked":["Wild Strike","Armaments","Spot Weakness"],"picked":"SKIP","floor":12}],"player_experience":123526,"relics_obtained":[{"floor":7,"key":"Bronze Scales"},{"floor":9,"key":"Ginger"},{"floor":10,"key":"Art of War"},{"floor":12,"key":"Dream Catcher"}],"event_choices":[],"is_beta":false,"boss_relics":[],"items_purged_floors":[],"is_endless":false,"potions_floor_spawned":[1,10,11],"ascension_level":0}