{"path_per_floor":["M","M","$","?","?","E","?","R","T","M","M","R","M","?","R","B",null,"M","?","?","M","M","R","M","R","T","M","M","E","M"],"character_chosen":"IRONCLAD","items_purchased":["Bag of Marbles"],"gold_per_floor":[210,223,77,77,77,109,59,59,84,94,114,114,134,134,134,229,229,240,240,165,179,191,191,209,209,285,300,318,349,362],"floor_reached":31,"campfire_rested":1,"playtime":1727,"current_hp_per_floor":[80,74,74,74,74,47,47,47,47,53,57,57,38,38,38,22,80,57,42,42,38,44,44,18,43,43,39,45,27,21],"items_purged":[],"gold":362,"play_id":"99ad8a00-7d7d-4a73-b955-9cf4bc33a2c7","is_prod":false,"is_daily":false,"is_ascension_mode":false,"campfire_upgraded":4,"path_taken":["M","M","$","?","?","E","?","R","T","M","?","R","M","?","R","BOSS","M","?","?","M","M","R","M","R","T","M","M","E","?","M"],"build_version":"2018-01-25-PROD3","purchased_purges":0,"victory":false,"master_deck":["Strike_R","Strike_R","Strike_R","Strike_R","Defend_R","Defend_R","Defend_R","Bash","Clash","Searing Blow+5","Pommel Strike","Armaments+1","Cleave","Armaments","Dual Wield","Shrug It Off+1","Cleave+1"],"max_hp_per_floor":[80,80,80,80,80,80,80,80,80,80,80,80,80,80,80,80,80,80,85,85,85,85,85,85,85,85,85,85,85,85],"relics":["Burning Blood","Bag of Marbles","Pantograph","Prayer Wheel","Question Card","Gremlin Horn","Bottled Lightning"],"card_choices":[{"not_picked":["Thunderclap","Cleave"],"picked":"Clash"},{"not_picked":["True Grit","Wild Strike"],"picked":"Searing Blow"},{"not_picked":["Heavy Blade","Combust"],"picked":"Pommel Strike"},{"not_picked":["Havoc","Shrug It Off"],"picked":"Armaments"},{"not_picked":["Wild Strike","Dark Embrace","Clothesline"],"picked":"Cleave"},{"not_picked":["Heavy Blade","Twin Strike","Sentinel"],"picked":"Armaments"},{"not_picked":["True Grit","Body Slam","Havoc"],"picked":"Dual Wield"},{"not_picked":["Rupture","Pummel","Rampage"],"picked":"Shrug It Off"},{"not_picked":["Warcry","Iron Wave","Perfected Strike"],"picked":"Cleave"}],"player_experience":75471,"potions_floor_usage":[],"damage_taken":[{"damage":6.0,"enemies":"Jaw Worm","floor":1.0,"turns":3.0},{"damage":12.0,"enemies":"Blue Slaver","floor":2.0,"turns":2.0},{"damage":33.0,"enemies":"3 Sentries","floor":6.0,"turns":7.0},{"damage":0.0,"enemies":"2 Louse","floor":10.0,"turns":1.0},{"damage":2.0,"enemies":"Large Slime","floor":11.0,"turns":4.0},{"damage":25.0,"enemies":"Exordium Wildlife","floor":13.0,"turns":5.0},{"damage":47.0,"enemies":"Slime Boss","floor":16.0,"turns":9.0},{"damage":29.0,"enemies":"3 Byrds","floor":18.0,"turns":5.0},{"damage":10.0,"enemies":"2 Thieves","floor":21.0,"turns":3.0},{"damage":0.0,"enemies":"Centurion and Healer","floor":22.0,"turns":5.0},{"damage":32.0,"enemies":"Chosen and Byrds","floor":24.0,"turns":4.0},{"damage":10.0,"enemies":"3 Cultists","floor":27.0,"turns":4.0},{"damage":0.0,"enemies":"Snecko","floor":28.0,"turns":3.0},{"damage":30.0,"enemies":"Gremlin Leader","floor":29.0,"turns":4.0},{"damage":18.0,"enemies":"Snake Plant","floor":30.0,"turns":4.0},{"damage":24,"enemies":"Centurion and Healer","floor":31,"turns":2}],"event_choices":[{"event_name":"Accursed Blacksmith","player_choice":"Forge","floor":4.0,"damage_taken":0.0},{"event_name":"Living Wall","player_choice":"Grow","floor":5.0,"damage_taken":0.0},{"event_name":"The Cleric","player_choice":"Card Removal","floor":7.0,"damage_taken":0.0},{"event_name":"Fountain of Cleansing","player_choice":"Removed Curse","floor":14.0,"damage_taken":0.0},{"event_name":"Forgotten Altar","player_choice":"Shed Blood","floor":19.0,"damage_taken":0.0},{"event_name":"Beggar","player_choice":"Gave Gold","floor":20.0,"damage_taken":0.0}],"boss_relics":[],"potions_floor_spawned":[2,13,21,22,27,28],"seed_played":"-8814234102327469978","killed_by":"Centurion and Healer","ascension_level":0,"is_trial":false}