{"gold_per_floor":[118,118,130,149,160,160,180,180,234,248,259,259,276,290,290,290],"floor_reached":16,"playtime":997,"items_purged":[],"score":118,"play_id":"094697dd-2497-4e4f-9eeb-c0d450908b4d","local_time":"20190120181505","is_ascension_mode":true,"campfire_choices":[{"floor":6,"key":"REST"},{"floor":8,"key":"REST"},{"data":"Shrug It Off","floor":12,"key":"SMITH"},{"floor":15,"key":"REST"}],"neow_cost":"NONE","seed_source_timestamp":913283160626205,"circlet_count":0,"master_deck":["Strike_R","Strike_R","Defend_R","Defend_R","Defend_R","Defend_R","Bash","Brutality+1","Rage+1","Flex+1","Shrug It Off","Shrug It Off+1","Immolate"],"relics":["Astrolabe","Orichalcum"],"potions_floor_usage":[16,16],"damage_taken":[{"damage":7,"enemies":"2 Louse","floor":1,"turns":4},{"damage":2,"enemies":"Cultist","floor":3,"turns":3},{"damage":9,"enemies":"Jaw Worm","floor":4,"turns":3},{"damage":23,"enemies":"3 Louse","floor":5,"turns":7},{"damage":10,"enemies":"Red Slaver","floor":7,"turns":8},{"damage":2,"enemies":"2 Fungi Beasts","floor":10,"turns":7},{"damage":17,"enemies":"Large Slime","floor":11,"turns":13},{"damage":3,"enemies":"Lots of Slimes","floor":13,"turns":8},{"damage":0,"enemies":"Gremlin Gang","floor":14,"turns":1},{"damage":104,"enemies":"The Guardian","floor":16,"turns":14}],"seed_played":"2505040857223302223","potions_obtained":[{"floor":2,"key":"SkillPotion"},{"floor":2,"key":"FairyPotion"},{"floor":2,"key":"SpeedPotion"},{"floor":3,"key":"Regen Potion"}],"is_trial":false,"path_per_floor":["M","?","M","M","M","R","M","R","T","M","M","R","M","M","R","B"],"character_chosen":"IRONCLAD","items_purchased":[],"campfire_rested":3,"item_purchase_floors":[],"current_hp_per_floor":[73,73,71,62,39,63,53,77,77,75,58,58,55,55,79,0],"gold":290,"neow_bonus":"BOSS_RELIC","is_prod":false,"is_daily":false,"chose_seed":false,"campfire_upgraded":1,"win_rate":0,"timestamp":1548029705,"path_taken":["M","?","M","M","M","R","M","R","T","M","?","R","M","?","R","BOSS"],"build_version":"2019-01-17v2","purchased_purges":0,"victory":false,"max_hp_per_floor":[80,80,80,80,80,80,80,80,80,80,80,80,80,80,80,80],"card_choices":[{"not_picked":["Twin Strike","Headbutt","Sever Soul"],"picked":"SKIP","floor":1},{"not_picked":["Wild Strike","Spot Weakness","Heavy Blade"],"picked":"SKIP","floor":3},{"not_picked":["Armaments","Iron Wave","Shockwave"],"picked":"SKIP","floor":4},{"not_picked":["Second Wind","Warcry"],"picked":"Shrug It Off","floor":5},{"not_picked":["Clash","Twin Strike"],"picked":"Shrug It Off","floor":7},{"not_picked":["Sword Boomerang","Sentinel","Intimidate"],"picked":"SKIP","floor":10},{"not_picked":["Clothesline","Thunderclap","Havoc"],"picked":"SKIP","floor":11},{"not_picked":["Havoc","Iron Wave"],"picked":"Immolate","floor":13},{"not_picked":["Clothesline","Iron Wave","Sever Soul"],"picked":"SKIP","floor":14}],"player_experience":1087817,"relics_obtained":[{"floor":9,"key":"Orichalcum"}],"event_choices":[{"damage_healed":0,"gold_gain":0,"player_choice":"Got Potions","damage_taken":0,"max_hp_gain":0,"max_hp_loss":0,"event_name":"Lab","floor":2,"gold_loss":0}],"is_beta":false,"boss_relics":[],"items_purged_floors":[],"is_endless":false,"potions_floor_spawned":[3,4,7,11],"killed_by":"The Guardian","ascension_level":4}