{"gold_per_floor":[117,136,136,86,104,104,29,29,80,93,93,93,93,111,111,111],"floor_reached":16,"playtime":707,"items_purged":["Strike_G"],"score":126,"play_id":"6c4d5112-e51c-4677-855b-e90bf3b9d042","local_time":"20190320205851","is_ascension_mode":true,"campfire_choices":[{"floor":6,"key":"REST"},{"data":"Backstab","floor":13,"key":"SMITH"},{"data":"Blur","floor":15,"key":"SMITH"}],"neow_cost":"NONE","seed_source_timestamp":356387306870611,"circlet_count":0,"master_deck":["Defend_G","Defend_G","Defend_G","Defend_G+1","Defend_G","Strike_G","Strike_G","Strike_G","Survivor+1","Neutralize","Purity","Backstab+1","Blur+1"],"relics":["Ring of the Snake","WarpedTongs"],"potions_floor_usage":[16],"damage_taken":[{"damage":0,"enemies":"Small Slimes","floor":1,"turns":6},{"damage":0,"enemies":"Jaw Worm","floor":2,"turns":8},{"damage":0,"enemies":"2 Louse","floor":5,"turns":2},{"damage":9,"enemies":"Lots of Slimes","floor":10,"turns":7},{"damage":0,"enemies":"Looter","floor":14,"turns":3},{"damage":62,"enemies":"Hexaghost","floor":16,"turns":18}],"seed_played":"7462685868977079182","potions_obtained":[{"floor":14,"key":"Poison Potion"}],"is_trial":false,"path_per_floor":["M","M","?","?","M","R","$","?","T","M","$","?","R","M","R","B"],"character_chosen":"THE_SILENT","items_purchased":[],"campfire_rested":1,"item_purchase_floors":[],"current_hp_per_floor":[63,63,49,49,49,70,70,70,70,61,61,61,61,61,61,0],"gold":111,"neow_bonus":"RANDOM_COLORLESS","is_prod":false,"is_daily":false,"chose_seed":false,"campfire_upgraded":2,"win_rate":0,"timestamp":1553133531,"path_taken":["M","M","?","?","M","R","?","?","T","?","$","?","R","M","R","BOSS"],"build_version":"2019-01-23","purchased_purges":1,"victory":false,"max_hp_per_floor":[70,70,70,70,70,70,70,70,70,70,70,70,70,70,70,70],"card_choices":[{"not_picked":["Slice","Deflect","Finisher"],"picked":"SKIP","floor":1},{"not_picked":["Quick Slash","Acrobatics"],"picked":"Backstab","floor":2},{"not_picked":["Quick Slash","Expertise","Backflip"],"picked":"SKIP","floor":5},{"not_picked":["Escape Plan","Deflect","Acrobatics"],"picked":"SKIP","floor":10},{"not_picked":["Concentrate","Dagger Spray"],"picked":"Blur","floor":14}],"player_experience":1694691,"relics_obtained":[],"event_choices":[{"damage_healed":0,"gold_gain":0,"player_choice":"Entered Light","damage_taken":14,"max_hp_gain":0,"max_hp_loss":0,"event_name":"Shining Light","floor":3,"gold_loss":0,"cards_upgraded":["Survivor","Defend_G"]},{"cards_removed":["Strike_G"],"damage_healed":0,"gold_gain":0,"player_choice":"Card Removal","damage_taken":0,"max_hp_gain":0,"max_hp_loss":0,"event_name":"The Cleric","floor":4,"gold_loss":50},{"damage_healed":0,"gold_gain":0,"player_choice":"Rummage","damage_taken":0,"relics_obtained":["WarpedTongs"],"max_hp_gain":0,"max_hp_loss":0,"event_name":"Accursed Blacksmith","floor":8,"gold_loss":0,"cards_obtained":["Pain"]},{"cards_removed":["Pain"],"damage_healed":0,"gold_gain":0,"player_choice":"Forget","damage_taken":0,"max_hp_gain":0,"max_hp_loss":0,"event_name":"Living Wall","floor":12,"gold_loss":0}],"is_beta":false,"boss_relics":[],"items_purged_floors":[7],"is_endless":false,"potions_floor_spawned":[14],"killed_by":"Hexaghost","ascension_level":8}