{"gold_per_floor":[110,121,141,159,84,159,178,178,202,202,219,219,4,17,17,114,164,137,137,156,156],"floor_reached":21,"playtime":878,"items_purged":["Dualcast","Strike_B"],"score":260,"play_id":"6a695e06-1aa1-4083-b1bc-6246c505edc3","local_time":"20190725200250","is_ascension_mode":true,"campfire_choices":[{"floor":8,"key":"REST"},{"floor":12,"key":"REST"},{"floor":15,"key":"REST"}],"neow_cost":"PERCENT_DAMAGE","seed_source_timestamp":1193660594814298,"circlet_count":0,"master_deck":["AscendersBane","Strike_B","Strike_B","Strike_B","Defend_B","Defend_B","Defend_B","Defend_B","Zap","Cold Snap+1","Electrodynamics","Self Repair","FTL","Loop","Echo Form"],"relics":["Cracked Core","Emotion Chip","PreservedInsect","Tiny House","Letter Opener"],"potions_floor_usage":[16,16],"damage_taken":[{"damage":1,"enemies":"Cultist","floor":1,"turns":4},{"damage":2,"enemies":"Small Slimes","floor":2,"turns":3},{"damage":5,"enemies":"Jaw Worm","floor":3,"turns":3},{"damage":8,"enemies":"2 Fungi Beasts","floor":4,"turns":3},{"damage":13,"enemies":"Large Slime","floor":7,"turns":4},{"damage":9,"enemies":"Blue Slaver","floor":11,"turns":3},{"damage":27,"enemies":"3 Louse","floor":14,"turns":3},{"damage":41,"enemies":"The Guardian","floor":16,"turns":14},{"damage":49,"enemies":"2 Thieves","floor":18,"turns":5},{"damage":5,"enemies":"Chosen","floor":20,"turns":6},{"damage":45,"enemies":"Sentry and Sphere","floor":21,"turns":7}],"seed_played":"-5653047597245493786","potions_obtained":[{"floor":2,"key":"Ancient Potion"},{"floor":4,"key":"SpeedPotion"},{"floor":7,"key":"EssenceOfSteel"},{"floor":11,"key":"Explosive Potion"},{"floor":17,"key":"FairyPotion"}],"is_trial":false,"path_per_floor":["M","M","M","M","$","?","M","R","T","?","M","R","$","M","R","B",null,"M","T","M","M"],"character_chosen":"DEFECT","items_purchased":["FTL","Loop"],"campfire_rested":3,"item_purchase_floors":[13,13],"current_hp_per_floor":[49,47,42,34,34,23,10,32,32,32,23,45,45,25,47,13,65,23,23,25,0],"gold":156,"neow_bonus":"ONE_RARE_RELIC","is_prod":false,"is_daily":false,"chose_seed":false,"campfire_upgraded":0,"win_rate":0,"timestamp":1564102970,"path_taken":["M","?","M","M","?","?","M","R","T","?","?","R","$","M","R","BOSS","M","?","M","M"],"build_version":"2019-07-17","purchased_purges":2,"victory":false,"max_hp_per_floor":[75,75,75,75,75,75,75,75,75,75,75,75,75,75,75,75,80,80,80,80,80],"card_choices":[{"not_picked":["Redo","Steam"],"picked":"Cold Snap","floor":1},{"not_picked":["Hologram","Doom and Gloom"],"picked":"Electrodynamics","floor":2},{"not_picked":["Sweeping Beam","Hologram","Beam Cell"],"picked":"SKIP","floor":3},{"not_picked":["Fusion","Lockon","Aggregate"],"picked":"SKIP","floor":4},{"not_picked":["Stack","Coolheaded","Rebound"],"picked":"SKIP","floor":7},{"not_picked":["Fission","Barrage"],"picked":"Self Repair","floor":11},{"not_picked":["Hologram","Turbo","Tempest"],"picked":"SKIP","floor":14},{"not_picked":["Creative AI","Machine Learning"],"picked":"Echo Form","floor":16},{"not_picked":["Steam","Gash+1","Turbo+1"],"picked":"SKIP","floor":18},{"not_picked":["Barrage+1","Leap","Darkness"],"picked":"SKIP","floor":20}],"player_experience":2501928,"relics_obtained":[{"floor":9,"key":"PreservedInsect"},{"floor":19,"key":"Letter Opener"}],"event_choices":[{"damage_healed":0,"gold_gain":75,"player_choice":"Gather Gold","damage_taken":11,"max_hp_gain":0,"max_hp_loss":0,"event_name":"World of Goop","floor":6,"gold_loss":0},{"damage_healed":0,"gold_gain":0,"player_choice":"Bought 0 Potions","damage_taken":0,"max_hp_gain":0,"max_hp_loss":0,"event_name":"The Woman in Blue","floor":10,"gold_loss":0}],"is_beta":false,"boss_relics":[{"not_picked":["Nuclear Battery","Runic Dome"],"picked":"Tiny House"}],"items_purged_floors":[5,13],"is_endless":false,"potions_floor_spawned":[2,4,7,11],"killed_by":"Sentry and Sphere","ascension_level":10}