{"gold_per_floor":[119,69,169,187,200,200,232,244,298,315,70,86,100,119,119,222,222,233,148,160,186,198,210,236,248,260,272,298,326,350,380,392,500,512,539,570,582,614,626,638,0,0,23,23,123,135,146,166,166,166,166,166,41,41],"floor_reached":54,"playtime":29882,"items_purged":["Hyperbeam","Writhe","Steam"],"score":915,"play_id":"54cb8b0d-798f-4b79-b853-62bcca4e1339","local_time":"20190317081241","is_ascension_mode":true,"campfire_choices":[{"data":"Zap","floor":6,"key":"SMITH"},{"floor":15,"key":"REST"},{"floor":23,"key":"REST"},{"floor":25,"key":"REST"},{"floor":32,"key":"RECALL"},{"floor":40,"key":"REST"},{"floor":42,"key":"REST"},{"floor":44,"key":"REST"},{"floor":49,"key":"REST"},{"floor":52,"key":"REST"}],"neow_cost":"NONE","seed_source_timestamp":21953025033315,"circlet_count":0,"master_deck":["Strike_B","Strike_B","Strike_B","Defend_B","Defend_B","Defend_B","Defend_B+1","Zap+1","Conserve Battery","Sunder","Cold Snap","Loop","Apotheosis","Core Surge","Chill","Cold Snap","Cold Snap","Electrodynamics","Zap","Self Repair+1","Conserve Battery","Defragment+1","Echo Form","Steam+1","Cold Snap","Defragment+1","Self Repair","Loop","Echo Form","Self Repair+1","Buffer","Panache","Cold Snap","Electrodynamics","Conserve Battery+1"],"relics":["Cracked Core","Symbiotic Virus","Dream Catcher","Fusion Hammer","MawBank","Dodecahedron","Inserter","Letter Opener","War Paint","Thread and Needle"],"potions_floor_usage":[7,7,16,33,33,33,36,45,46,50,50],"damage_taken":[{"damage":0,"enemies":"2 Louse","floor":1,"turns":2},{"damage":0,"enemies":"Small Slimes","floor":4,"turns":3},{"damage":0,"enemies":"Cultist","floor":5,"turns":3},{"damage":11,"enemies":"Lagavulin","floor":7,"turns":8},{"damage":3,"enemies":"Lots of Slimes","floor":8,"turns":3},{"damage":0,"enemies":"3 Louse","floor":10,"turns":1},{"damage":1,"enemies":"Looter","floor":12,"turns":3},{"damage":11,"enemies":"Exordium Thugs","floor":13,"turns":4},{"damage":4,"enemies":"2 Fungi Beasts","floor":14,"turns":3},{"damage":20,"enemies":"Slime Boss","floor":16,"turns":11},{"damage":5,"enemies":"Shell Parasite","floor":18,"turns":5},{"damage":5,"enemies":"3 Byrds","floor":21,"turns":3},{"damage":32,"enemies":"Shelled Parasite and Fungi","floor":24,"turns":5},{"damage":16,"enemies":"Chosen and Byrds","floor":28,"turns":6},{"damage":14,"enemies":"Centurion and Healer","floor":29,"turns":6},{"damage":0,"enemies":"3 Cultists","floor":30,"turns":3},{"damage":3,"enemies":"Snecko","floor":31,"turns":4},{"damage":44,"enemies":"Collector","floor":33,"turns":8},{"damage":24,"enemies":"3 Darklings","floor":35,"turns":8},{"damage":8,"enemies":"Orb Walker","floor":36,"turns":4},{"damage":22,"enemies":"Maw","floor":38,"turns":8},{"damage":30,"enemies":"Mind Bloom Boss Battle","floor":45,"turns":8},{"damage":50,"enemies":"Jaw Worm Horde","floor":46,"turns":6},{"damage":16,"enemies":"4 Shapes","floor":47,"turns":5},{"damage":39,"enemies":"3 Darklings","floor":48,"turns":5},{"damage":21,"enemies":"Time Eater","floor":50,"turns":11},{"damage":108,"enemies":"Shield and Spear","floor":54,"turns":6}],"seed_played":"7774047062592389500","potions_obtained":[{"floor":4,"key":"Weak Potion"},{"floor":5,"key":"PowerPotion"},{"floor":8,"key":"Fire Potion"},{"floor":14,"key":"Swift Potion"},{"floor":16,"key":"Strength Potion"},{"floor":18,"key":"LiquidBronze"},{"floor":29,"key":"Ancient Potion"},{"floor":33,"key":"Swift Potion"},{"floor":36,"key":"Energy Potion"},{"floor":46,"key":"GamblersBrew"},{"floor":48,"key":"FocusPotion"}],"is_trial":false,"path_per_floor":["M","?","?","M","M","R","E","M","T","M","$","M","M","M","R","B",null,"M","?","?","M","?","R","M","R","T","?","M","M","M","M","R","B",null,"M","M","?","M","?","R","$","R","T","R","?","M","M","M","R","B",null,"R","$","E"],"character_chosen":"DEFECT","items_purchased":["Apotheosis","Panache","Cold Snap","Letter Opener","EssenceOfSteel"],"campfire_rested":8,"item_purchase_floors":[11,41,41,41,41],"current_hp_per_floor":[68,68,68,68,68,68,57,54,54,54,54,53,42,38,60,40,66,61,61,61,56,56,75,53,75,75,75,69,75,75,75,75,48,68,64,66,66,64,64,75,75,75,75,75,75,59,53,31,53,52,69,75,75,0],"gold":41,"neow_bonus":"ONE_RANDOM_RARE_CARD","is_prod":false,"is_daily":false,"chose_seed":false,"campfire_upgraded":1,"win_rate":0,"timestamp":1552828361,"path_taken":["M","?","?","M","M","R","E","M","T","?","?","M","M","M","R","BOSS","M","?","?","?","?","R","M","R","T","?","M","M","M","M","R","BOSS","M","M","?","M","?","R","$","R","T","R","?","M","M","?","R","BOSS","R","$","E"],"build_version":"2019-01-23","purchased_purges":3,"victory":false,"max_hp_per_floor":[75,75,75,75,75,75,75,75,75,75,75,75,75,75,75,75,75,75,75,75,75,75,75,75,75,75,75,75,75,75,75,75,75,75,75,75,75,75,75,75,75,75,75,75,75,75,75,75,75,75,75,75,75,75],"card_choices":[{"not_picked":["Ball Lightning","Melter"],"picked":"Conserve Battery","floor":1},{"not_picked":["Stack","Scrape"],"picked":"Sunder","floor":4},{"not_picked":["Go for the Eyes","Barrage"],"picked":"Cold Snap","floor":5},{"not_picked":["Beam Cell","Double Energy"],"picked":"Loop","floor":7},{"not_picked":["Static Discharge","Sweeping Beam","Recycle"],"picked":"SKIP","floor":8},{"not_picked":["Turbo","Auto Shields","Streamline"],"picked":"SKIP","floor":10},{"not_picked":["Stack","Barrage"],"picked":"Core Surge","floor":12},{"not_picked":["Steam Power","Beam Cell"],"picked":"Chill","floor":13},{"not_picked":["Storm","Leap"],"picked":"Cold Snap","floor":14},{"not_picked":["Beam Cell","Compile Driver"],"picked":"Cold Snap","floor":15},{"not_picked":["Multi-Cast","Core Surge"],"picked":"Electrodynamics","floor":16},{"not_picked":["Go for the Eyes+1","Coolheaded","Steam"],"picked":"SKIP","floor":18},{"not_picked":["Scrape","Go for the Eyes"],"picked":"Self Repair+1","floor":21},{"not_picked":["Coolheaded","Ball Lightning"],"picked":"Conserve Battery","floor":23},{"not_picked":["White Noise","Double Energy+1"],"picked":"Defragment+1","floor":24},{"not_picked":["Stack+1","Heatsinks+1"],"picked":"Echo Form","floor":25},{"not_picked":["Tempest+1","Stack"],"picked":"Cold Snap","floor":28},{"not_picked":["Cold Snap+1","Genetic Algorithm"],"picked":"Defragment+1","floor":29},{"not_picked":["Auto Shields","Barrage"],"picked":"Self Repair","floor":30},{"not_picked":["Force Field+1","Tempest"],"picked":"Loop","floor":31},{"not_picked":["Multi-Cast","Reboot"],"picked":"Echo Form","floor":33},{"not_picked":["Ball Lightning+1","Gash","Barrage+1"],"picked":"SKIP","floor":35},{"not_picked":["Blizzard+1","Beam Cell+1"],"picked":"Self Repair+1","floor":36},{"not_picked":["Stack+1","Storm+1","Sweeping Beam"],"picked":"SKIP","floor":38},{"not_picked":["Coolheaded+1","Beam Cell+1"],"picked":"Buffer","floor":40},{"not_picked":["Barrage","Leap"],"picked":"Electrodynamics","floor":45},{"not_picked":["Coolheaded","Ball Lightning+1","Streamline"],"picked":"SKIP","floor":46},{"not_picked":["Scrape+1","Fusion","Stack+1"],"picked":"SKIP","floor":47},{"not_picked":["Rip and Tear","Sweeping Beam"],"picked":"Conserve Battery+1","floor":48}],"player_experience":1637691,"relics_obtained":[{"floor":7,"key":"Symbiotic Virus"},{"floor":9,"key":"Dream Catcher"},{"floor":43,"key":"War Paint"},{"floor":45,"key":"Thread and Needle"}],"event_choices":[{"cards_removed":["Dualcast"],"damage_healed":0,"gold_gain":0,"player_choice":"Card Removal","damage_taken":0,"max_hp_gain":0,"max_hp_loss":0,"event_name":"The Cleric","floor":2,"gold_loss":50},{"damage_healed":0,"gold_gain":100,"player_choice":"Pray","damage_taken":0,"max_hp_gain":0,"max_hp_loss":0,"event_name":"Golden Shrine","floor":3,"gold_loss":0},{"damage_healed":0,"gold_gain":0,"player_choice":"Obtained Relic","damage_taken":0,"relics_obtained":["MawBank"],"max_hp_gain":0,"max_hp_loss":0,"event_name":"Addict","floor":19,"gold_loss":85},{"damage_healed":0,"gold_gain":0,"player_choice":"2 cards matched","damage_taken":0,"max_hp_gain":0,"max_hp_loss":0,"event_name":"Match and Keep!","floor":20,"gold_loss":0,"cards_obtained":["Stack","Zap"]},{"damage_healed":0,"gold_gain":0,"player_choice":"Opened","damage_taken":0,"relics_obtained":["Dodecahedron"],"max_hp_gain":0,"max_hp_loss":0,"event_name":"The Mausoleum","floor":22,"gold_loss":0,"cards_obtained":["Writhe"]},{"damage_healed":0,"gold_gain":0,"cards_transformed":["Stack","Strike_B"],"player_choice":"Became Test Subject","damage_taken":0,"max_hp_gain":0,"max_hp_loss":0,"event_name":"Drug Dealer","floor":27,"gold_loss":0,"cards_obtained":["Steam","Steam"]},{"damage_healed":0,"gold_gain":0,"player_choice":"Memory 1","damage_taken":0,"max_hp_gain":0,"max_hp_loss":0,"event_name":"SensoryStone","floor":37,"gold_loss":0},{"damage_healed":0,"gold_gain":0,"player_choice":"Ignored","damage_taken":0,"max_hp_gain":0,"max_hp_loss":0,"event_name":"Tomb of Lord Red Mask","floor":39,"gold_loss":0},{"damage_healed":0,"gold_gain":0,"player_choice":"Fight","damage_taken":0,"max_hp_gain":0,"max_hp_loss":0,"event_name":"MindBloom","floor":45,"gold_loss":0}],"is_beta":false,"boss_relics":[{"not_picked":["Eternal Feather","Calling Bell"],"picked":"Fusion Hammer"},{"not_picked":["Astrolabe","Orrery"],"picked":"Inserter"}],"items_purged_floors":[11,41,53],"is_endless":false,"potions_floor_spawned":[4,5,8,14,16,18,24,29,33,36,46,48],"killed_by":"Shield and Spear","ascension_level":7}