{"gold_per_floor":[119,129,140,140,151,151,151,165,165,180,200,228,228,245,245,350,350,360,360,214,226,239,239],"floor_reached":23,"playtime":3569,"items_purged":["Strike_B"],"score":217,"play_id":"bf49e611-3d80-47d4-8d38-ae7dd860ecc9","local_time":"20190812095421","is_ascension_mode":true,"campfire_choices":[{"data":"Apotheosis","floor":6,"key":"SMITH"},{"data":"Zap","floor":13,"key":"SMITH"},{"floor":15,"key":"REST"}],"neow_cost":"TEN_PERCENT_HP_LOSS","seed_source_timestamp":622420984716800,"circlet_count":0,"master_deck":["Strike_B","Strike_B","Strike_B","Defend_B","Defend_B","Defend_B","Zap+1","Dualcast","Secret Weapon","Apotheosis+1","Go for the Eyes","Conserve Battery","Redo","Gash","Cold Snap","Beam Cell","Glacier","Chaos","Glacier","Echo Form","Sweeping Beam","Self Repair","Melter"],"relics":["Cracked Core","StoneCalendar","Gremlin Horn","Snecko Eye"],"potions_floor_usage":[3,8,16,16,18],"damage_taken":[{"damage":0,"enemies":"Cultist","floor":1,"turns":3},{"damage":1,"enemies":"2 Louse","floor":2,"turns":2},{"damage":0,"enemies":"Jaw Worm","floor":3,"turns":1},{"damage":1,"enemies":"Large Slime","floor":5,"turns":4},{"damage":5,"enemies":"Blue Slaver","floor":8,"turns":3},{"damage":10,"enemies":"Red Slaver","floor":10,"turns":3},{"damage":10,"enemies":"Large Slime","floor":11,"turns":5},{"damage":3,"enemies":"3 Sentries","floor":12,"turns":7},{"damage":1,"enemies":"Blue Slaver","floor":14,"turns":4},{"damage":8,"enemies":"Slime Boss","floor":16,"turns":6},{"damage":4,"enemies":"3 Byrds","floor":18,"turns":5},{"damage":20,"enemies":"2 Thieves","floor":21,"turns":5},{"damage":12,"enemies":"Centurion and Healer","floor":22,"turns":7},{"damage":46,"enemies":"Gremlin Leader","floor":23,"turns":6}],"seed_played":"1921432370262294734","potions_obtained":[{"floor":1,"key":"Fire Potion"},{"floor":7,"key":"EssenceOfSteel"},{"floor":7,"key":"AttackPotion"},{"floor":7,"key":"Explosive Potion"},{"floor":8,"key":"Fruit Juice"},{"floor":10,"key":"EssenceOfSteel"},{"floor":11,"key":"FocusPotion"},{"floor":18,"key":"Swift Potion"},{"floor":22,"key":"Swift Potion"}],"is_trial":false,"path_per_floor":["M","M","M","?","M","R","?","M","T","M","M","E","R","M","R","B",null,"M","?","$","M","M","E"],"character_chosen":"DEFECT","items_purchased":["Self Repair"],"campfire_rested":1,"item_purchase_floors":[20],"current_hp_per_floor":[68,67,67,60,59,59,59,59,59,49,39,36,36,35,56,48,73,69,56,56,46,44,0],"gold":239,"neow_bonus":"RANDOM_COLORLESS_2","is_prod":false,"is_daily":false,"chose_seed":false,"campfire_upgraded":2,"win_rate":0,"timestamp":1565571261,"path_taken":["M","M","M","?","M","R","?","?","T","?","M","E","R","M","R","BOSS","M","?","$","M","M","E"],"build_version":"2019-07-17","purchased_purges":1,"victory":false,"max_hp_per_floor":[68,68,68,68,68,68,68,73,73,73,73,73,73,73,73,73,73,73,78,78,78,78,78],"card_choices":[{"not_picked":["Conserve Battery","Compile Driver"],"picked":"Go for the Eyes","floor":1},{"not_picked":["Reprogram","Steam"],"picked":"Conserve Battery","floor":2},{"not_picked":["Force Field","Leap"],"picked":"Redo","floor":3},{"not_picked":["Compile Driver","Consume"],"picked":"Gash","floor":5},{"not_picked":["Scrape","Coolheaded"],"picked":"Cold Snap","floor":8},{"not_picked":["Leap","Machine Learning"],"picked":"Beam Cell","floor":10},{"not_picked":["Streamline","Reprogram"],"picked":"Glacier","floor":11},{"not_picked":["Consume","Turbo"],"picked":"Chaos","floor":12},{"not_picked":["Capacitor","Coolheaded"],"picked":"Glacier","floor":14},{"not_picked":["Fission","Machine Learning"],"picked":"Echo Form","floor":16},{"not_picked":["Turbo","Steam"],"picked":"Sweeping Beam","floor":18},{"not_picked":["Ball Lightning","Glacier"],"picked":"Melter","floor":21},{"not_picked":["Cold Snap","Rebound+1","Self Repair"],"picked":"SKIP","floor":22}],"player_experience":294387,"relics_obtained":[{"floor":9,"key":"StoneCalendar"},{"floor":12,"key":"Gremlin Horn"}],"event_choices":[{"cards_removed":["Defend_B"],"damage_healed":0,"gold_gain":0,"player_choice":"Card Removal","damage_taken":7,"max_hp_gain":0,"max_hp_loss":0,"event_name":"Golden Wing","floor":4,"gold_loss":0},{"damage_healed":0,"gold_gain":0,"player_choice":"Got Potions","damage_taken":0,"max_hp_gain":0,"max_hp_loss":0,"event_name":"Lab","floor":7,"gold_loss":0},{"damage_healed":0,"gold_gain":0,"player_choice":"Shed Blood","damage_taken":18,"max_hp_gain":5,"max_hp_loss":0,"event_name":"Forgotten Altar","floor":19,"gold_loss":0}],"is_beta":false,"boss_relics":[{"not_picked":["Sozu","Runic Pyramid"],"picked":"Snecko Eye"}],"items_purged_floors":[20],"is_endless":false,"potions_floor_spawned":[1,8,10,11,18,22],"killed_by":"Gremlin Leader","ascension_level":2}