{"gold_per_floor":[109,121,121,121,141,141,157,157,157,82,82,105,126,150,150,270,270,289,289,289,21,21,21,41,56,56,56,56,56,56,74,74,74],"floor_reached":33,"playtime":1567,"items_purged":["Dualcast","Strike_B"],"score":356,"play_id":"d1e2904d-a052-4846-afbe-d7900a7ec7d5","local_time":"20190726093345","is_ascension_mode":true,"campfire_choices":[{"floor":6,"key":"REST"},{"floor":8,"key":"REST"},{"floor":15,"key":"REST"},{"floor":23,"key":"RECALL"},{"floor":30,"key":"REST"},{"floor":32,"key":"REST"}],"neow_cost":"NONE","seed_source_timestamp":1241631655343900,"circlet_count":0,"master_deck":["AscendersBane","Strike_B+1","Defend_B","Defend_B+1","Defend_B","Defend_B+1","Zap+1","Core Surge","Cold Snap","Apotheosis+1","Conserve Battery+1","Hologram+1","Steam Power+1","Echo Form"],"relics":["Cracked Core","War Paint","Bloody Idol","Toxic Egg 2","Philosopher\u0027s Stone","Blue Candle","Symbiotic Virus"],"potions_floor_usage":[12,12,16],"damage_taken":[{"damage":12,"enemies":"2 Louse","floor":1,"turns":3},{"damage":8,"enemies":"Jaw Worm","floor":2,"turns":4},{"damage":0,"enemies":"Small Slimes","floor":5,"turns":3},{"damage":0,"enemies":"Gremlin Gang","floor":7,"turns":8},{"damage":1,"enemies":"Lots of Slimes","floor":12,"turns":5},{"damage":6,"enemies":"Exordium Wildlife","floor":13,"turns":3},{"damage":3,"enemies":"Looter","floor":14,"turns":4},{"damage":25,"enemies":"The Guardian","floor":16,"turns":14},{"damage":14,"enemies":"Spheric Guardian","floor":18,"turns":4},{"damage":23,"enemies":"2 Thieves","floor":24,"turns":5},{"damage":18,"enemies":"Centurion and Healer","floor":25,"turns":8},{"damage":4,"enemies":"Shelled Parasite and Fungi","floor":31,"turns":7},{"damage":73,"enemies":"Collector","floor":33,"turns":14}],"seed_played":"-3545778845203315507","potions_obtained":[{"floor":2,"key":"AttackPotion"},{"floor":7,"key":"Block Potion"},{"floor":14,"key":"GamblersBrew"},{"floor":24,"key":"GamblersBrew"}],"is_trial":false,"path_per_floor":["M","M","?","?","M","R","M","R","T","$","?","M","M","M","R","B",null,"M","?","?","$","?","R","M","M","T","?","?","?","R","M","R","B"],"character_chosen":"DEFECT","items_purchased":["Apotheosis+1"],"campfire_rested":5,"item_purchase_floors":[21],"current_hp_per_floor":[56,48,33,15,15,37,37,59,59,59,59,58,52,49,71,46,68,54,54,54,54,54,54,41,28,28,28,28,28,50,51,73,0],"gold":74,"neow_bonus":"RANDOM_COMMON_RELIC","is_prod":false,"is_daily":false,"chose_seed":false,"campfire_upgraded":0,"win_rate":0,"timestamp":1564151625,"path_taken":["M","M","?","?","M","R","M","R","T","$","?","?","?","?","R","BOSS","M","?","?","?","?","R","?","M","T","?","?","?","R","M","R","BOSS"],"build_version":"2019-07-17","purchased_purges":2,"victory":false,"max_hp_per_floor":[75,75,75,75,75,75,75,75,75,75,75,75,75,75,75,75,75,75,75,75,75,75,75,75,75,75,75,75,75,75,75,75,75],"card_choices":[{"not_picked":["Coolheaded","Chaos","Compile Driver"],"picked":"SKIP","floor":1},{"not_picked":["Go for the Eyes","Gash","Hologram"],"picked":"SKIP","floor":2},{"not_picked":["Ball Lightning","Sweeping Beam","Force Field"],"picked":"SKIP","floor":5},{"not_picked":["Coolheaded","Barrage","Biased Cognition"],"picked":"SKIP","floor":7},{"not_picked":["Coolheaded+1","Undo+1","Doom and Gloom"],"picked":"SKIP","floor":12},{"not_picked":["Go for the Eyes","Redo+1","Steam+1"],"picked":"SKIP","floor":13},{"not_picked":["Reprogram+1","Genetic Algorithm+1","Hologram+1"],"picked":"SKIP","floor":14},{"not_picked":["Biased Cognition","Buffer"],"picked":"Core Surge","floor":16},{"not_picked":["Leap+1","Turbo+1","Rebound"],"picked":"SKIP","floor":18},{"not_picked":["Fusion+1","Stack+1"],"picked":"Conserve Battery+1","floor":24},{"not_picked":["Fusion+1","Lockon","Static Discharge"],"picked":"SKIP","floor":25},{"not_picked":["Sweeping Beam","Rip and Tear+1"],"picked":"Echo Form","floor":31}],"player_experience":2503999,"relics_obtained":[{"floor":9,"key":"Toxic Egg 2"},{"floor":26,"key":"Blue Candle"}],"event_choices":[{"damage_healed":0,"gold_gain":0,"player_choice":"Entered Light","damage_taken":15,"max_hp_gain":0,"max_hp_loss":0,"event_name":"Shining Light","floor":3,"gold_loss":0,"cards_upgraded":["Strike_B","Strike_B"]},{"damage_healed":0,"gold_gain":0,"player_choice":"Take Damage","damage_taken":18,"relics_obtained":["Golden Idol"],"max_hp_gain":0,"max_hp_loss":0,"event_name":"Golden Idol","floor":4,"gold_loss":0},{"damage_healed":0,"gold_gain":0,"player_choice":"Upgraded","damage_taken":0,"max_hp_gain":0,"max_hp_loss":0,"event_name":"Upgrade Shrine","floor":11,"gold_loss":0,"cards_upgraded":["Zap"]},{"damage_healed":0,"gold_gain":0,"player_choice":"Read","damage_taken":0,"max_hp_gain":0,"max_hp_loss":0,"event_name":"The Library","floor":19,"gold_loss":0,"cards_obtained":["Cold Snap"]},{"damage_healed":0,"gold_gain":0,"player_choice":"Gave Idol","damage_taken":0,"relics_obtained":["Bloody Idol"],"max_hp_gain":0,"max_hp_loss":0,"event_name":"Forgotten Altar","floor":20,"relics_lost":["Golden Idol"],"gold_loss":0},{"damage_healed":0,"gold_gain":0,"player_choice":"Ignored","damage_taken":0,"max_hp_gain":0,"max_hp_loss":0,"event_name":"WeMeetAgain","floor":22,"gold_loss":0},{"damage_healed":0,"gold_gain":0,"player_choice":"Opened","damage_taken":0,"relics_obtained":["Symbiotic Virus"],"max_hp_gain":0,"max_hp_loss":0,"event_name":"The Mausoleum","floor":27,"gold_loss":0,"cards_obtained":["Writhe"]},{"damage_healed":0,"gold_gain":0,"cards_transformed":["Strike_B","Strike_B"],"player_choice":"Became Test Subject","damage_taken":0,"max_hp_gain":0,"max_hp_loss":0,"event_name":"Drug Dealer","floor":28,"gold_loss":0,"cards_obtained":["Hologram","Steam Power"]},{"cards_removed":["Writhe"],"damage_healed":0,"gold_gain":0,"player_choice":"Removed Curses","damage_taken":0,"max_hp_gain":0,"max_hp_loss":0,"event_name":"Fountain of Cleansing","floor":29,"gold_loss":0}],"is_beta":false,"boss_relics":[{"not_picked":["Calling Bell","Runic Pyramid"],"picked":"Philosopher\u0027s Stone"}],"items_purged_floors":[10,21],"is_endless":false,"potions_floor_spawned":[2,7,14,24],"killed_by":"Collector","ascension_level":10}