{"gold_per_floor":[209,134,134,144,161,161,161,189,237,237,250,285,285,299,299,395,395,413,442,459,469,469,469,488,488,540,559,459,459,537,555,555,659,659,669,684,703,718,212,212,230,230,255,267,267,72,92,102,102,102,102,102,63,96,96],"floor_reached":55,"playtime":3277,"items_purged":["Strike_R","Strike_R","Strike_R"],"score":762,"play_id":"e80ac811-5a85-47af-9e8b-665510ccf68c","local_time":"20181202011138","is_ascension_mode":true,"campfire_choices":[{"floor":6,"key":"RECALL"},{"data":"Shockwave","floor":10,"key":"SMITH"},{"floor":13,"key":"REST"},{"floor":15,"key":"REST"},{"floor":23,"key":"REST"},{"floor":25,"key":"REST"},{"floor":29,"key":"REST"},{"floor":32,"key":"REST"},{"floor":40,"key":"REST"},{"floor":42,"key":"REST"},{"floor":49,"key":"REST"},{"floor":52,"key":"REST"}],"neow_cost":"NONE","seed_source_timestamp":631751529125019,"circlet_count":0,"master_deck":["Strike_R+1","Strike_R","Defend_R+1","Defend_R+1","Defend_R","Defend_R","Carnage","Ghostly Armor+1","Shockwave+1","Inflame","Disarm+1","Necronomicurse","Disarm","Shrug It Off+1","Impervious","Inflame","Metallicize","Flame Barrier","Apotheosis","Shrug It Off+1","Shrug It Off+1","Metallicize","Metallicize+1"],"relics":["Burning Blood","Bag of Preparation","Shuriken","Fusion Hammer","Red Mask","Necronomicon","Centennial Puzzle","Meat on the Bone","Runic Pyramid","Blood Vial","Anchor","War Paint","Darkstone Periapt"],"potions_floor_usage":[8,12,16,16,33,33,33,33,33,33,50,50,50],"damage_taken":[{"damage":6,"enemies":"Cultist","floor":1,"turns":3},{"damage":0,"enemies":"Small Slimes","floor":4,"turns":2},{"damage":0,"enemies":"Jaw Worm","floor":5,"turns":3},{"damage":20,"enemies":"3 Sentries","floor":8,"turns":10},{"damage":34,"enemies":"Large Slime","floor":11,"turns":7},{"damage":25,"enemies":"Gremlin Nob","floor":12,"turns":4},{"damage":0,"enemies":"Blue Slaver","floor":14,"turns":4},{"damage":36,"enemies":"The Guardian","floor":16,"turns":9},{"damage":12,"enemies":"2 Thieves","floor":18,"turns":4},{"damage":43,"enemies":"Masked Bandits","floor":19,"turns":6},{"damage":5,"enemies":"Spheric Guardian","floor":20,"turns":5},{"damage":4,"enemies":"Centurion and Healer","floor":21,"turns":7},{"damage":12,"enemies":"Snake Plant","floor":24,"turns":5},{"damage":22,"enemies":"Shelled Parasite and Fungi","floor":27,"turns":6},{"damage":0,"enemies":"Cultist and Chosen","floor":31,"turns":5},{"damage":46,"enemies":"Champ","floor":33,"turns":13},{"damage":38,"enemies":"3 Shapes","floor":35,"turns":5},{"damage":21,"enemies":"Orb Walker","floor":36,"turns":4},{"damage":2,"enemies":"Maw","floor":37,"turns":8},{"damage":41,"enemies":"4 Shapes","floor":38,"turns":6},{"damage":27,"enemies":"3 Darklings","floor":41,"turns":6},{"damage":19,"enemies":"Sphere and 2 Shapes","floor":44,"turns":8},{"damage":0,"enemies":"Jaw Worm Horde","floor":47,"turns":8},{"damage":1,"enemies":"Writhing Mass","floor":48,"turns":6},{"damage":37,"enemies":"Time Eater","floor":50,"turns":13},{"damage":38,"enemies":"Shield and Spear","floor":54,"turns":13},{"damage":69,"enemies":"The Heart","floor":55,"turns":5}],"seed_played":"1547078921232238419","potions_obtained":[{"floor":4,"key":"AttackPotion"},{"floor":8,"key":"EssenceOfSteel"},{"floor":12,"key":"FearPotion"},{"floor":14,"key":"Energy Potion"},{"floor":19,"key":"Weak Potion"},{"floor":20,"key":"EssenceOfSteel"},{"floor":27,"key":"Fire Potion"},{"floor":31,"key":"EntropicBrew"},{"floor":35,"key":"GamblersBrew"},{"floor":36,"key":"SteroidPotion"},{"floor":41,"key":"Explosive Potion"}],"is_trial":false,"path_per_floor":["M","$","?","M","M","R","?","E","T","R","M","E","R","M","R","B",null,"M","?","M","M","?","R","M","R","T","M","$","R","T","M","R","B",null,"M","M","M","M","$","R","M","R","T","M","?","$","M","M","R","B",null,"R","$","E","B"],"character_chosen":"IRONCLAD","items_purchased":["Inflame","Blood Vial","Anchor","Apotheosis","Metallicize"],"campfire_rested":10,"item_purchase_floors":[39,39,39,46,53],"current_hp_per_floor":[80,80,64,70,76,76,76,62,62,62,34,15,39,45,69,39,80,74,37,38,40,24,48,42,66,66,50,50,74,74,80,80,52,80,48,45,49,26,26,50,43,67,67,56,56,56,64,71,80,49,80,80,80,48,0],"gold":96,"neow_bonus":"HUNDRED_GOLD","is_prod":false,"is_daily":false,"chose_seed":false,"campfire_upgraded":1,"win_rate":0,"timestamp":1543734698,"path_taken":["M","$","?","M","M","R","?","E","T","R","?","E","R","M","R","BOSS","M","?","M","M","?","R","M","R","T","M","$","R","?","?","R","BOSS","M","M","M","M","$","R","M","R","T","M","?","$","M","M","R","BOSS","R","$","E","BOSS"],"build_version":"2018-11-15","purchased_purges":3,"victory":false,"max_hp_per_floor":[80,80,80,80,80,80,80,80,80,80,80,80,80,80,80,80,80,80,80,80,80,80,80,80,80,80,80,80,80,80,80,80,80,80,80,80,80,80,80,80,80,80,80,80,80,80,80,80,80,80,80,80,80,80,80],"card_choices":[{"not_picked":["Thunderclap","Warcry"],"picked":"Carnage","floor":1},{"not_picked":["Infernal Blade","Flex","Thunderclap"],"picked":"SKIP","floor":4},{"not_picked":["Headbutt","Carnage"],"picked":"Ghostly Armor","floor":5},{"not_picked":["Dual Wield","Armaments"],"picked":"Shockwave","floor":8},{"not_picked":["Dark Embrace","Evolve","Dual Wield"],"picked":"SKIP","floor":11},{"not_picked":["Reckless Charge","Sentinel"],"picked":"Inflame","floor":12},{"not_picked":["Headbutt","True Grit","Corruption"],"picked":"SKIP","floor":14},{"not_picked":["Spot Weakness","Reckless Charge","Infernal Blade"],"picked":"SKIP","floor":18},{"not_picked":["Cleave","Pommel Strike+1"],"picked":"Disarm+1","floor":19},{"not_picked":["True Grit","Intimidate","Clash"],"picked":"SKIP","floor":20},{"not_picked":["Thunderclap+1","Armaments","Flex"],"picked":"SKIP","floor":21},{"not_picked":["Shrug It Off","Wild Strike"],"picked":"Disarm","floor":24},{"not_picked":["Perfected Strike","Blood for Blood+1"],"picked":"Shrug It Off","floor":27},{"not_picked":["Heavy Blade+1","Sever Soul+1","Corruption+1"],"picked":"SKIP","floor":31},{"not_picked":["Juggernaut","Offering"],"picked":"Impervious","floor":33},{"not_picked":["Burning Pact+1","Feel No Pain","Combust+1"],"picked":"SKIP","floor":35},{"not_picked":["Wild Strike","Entrench","Sever Soul"],"picked":"SKIP","floor":36},{"not_picked":["Hemokinesis","Flex","Wild Strike"],"picked":"SKIP","floor":37},{"not_picked":["Dual Wield","Second Wind+1","Anger"],"picked":"SKIP","floor":38},{"not_picked":["True Grit","Flex+1"],"picked":"Metallicize","floor":41},{"not_picked":["Havoc+1","Sever Soul+1"],"picked":"Flame Barrier","floor":44},{"not_picked":["Armaments+1","Body Slam+1"],"picked":"Shrug It Off+1","floor":47},{"not_picked":["Headbutt","Iron Wave"],"picked":"Shrug It Off+1","floor":48},{"not_picked":["True Grit+1","Searing Blow+1"],"picked":"Metallicize+1","floor":54}],"player_experience":613429,"relics_obtained":[{"floor":8,"key":"Bag of Preparation"},{"floor":12,"key":"Shuriken"},{"floor":19,"key":"Red Mask"},{"floor":22,"key":"Necronomicon"},{"floor":26,"key":"Centennial Puzzle"},{"floor":30,"key":"Meat on the Bone"},{"floor":43,"key":"War Paint"},{"floor":54,"key":"Darkstone Periapt"}],"event_choices":[{"damage_healed":0,"gold_gain":0,"player_choice":"Entered Light","damage_taken":16,"max_hp_gain":0,"max_hp_loss":0,"event_name":"Shining Light","floor":3,"gold_loss":0,"cards_upgraded":["Strike_R","Defend_R"]},{"damage_healed":0,"gold_gain":0,"player_choice":"Forge","damage_taken":0,"max_hp_gain":0,"max_hp_loss":0,"event_name":"Accursed Blacksmith","floor":7,"gold_loss":0,"cards_upgraded":["Ghostly Armor"]},{"damage_healed":0,"gold_gain":0,"player_choice":"Fought Bandits","damage_taken":0,"max_hp_gain":0,"max_hp_loss":0,"event_name":"Masked Bandits","floor":19,"gold_loss":0},{"damage_healed":0,"gold_gain":0,"player_choice":"Obtained Book","damage_taken":16,"max_hp_gain":0,"max_hp_loss":0,"event_name":"Cursed Tome","floor":22,"gold_loss":0},{"cards_removed":["Bash"],"damage_healed":0,"gold_gain":0,"player_choice":"Removed Attack","damage_taken":0,"max_hp_gain":0,"max_hp_loss":0,"event_name":"Falling","floor":45,"gold_loss":0}],"is_beta":false,"boss_relics":[{"not_picked":["White Beast Statue","Pandora\u0027s Box"],"picked":"Fusion Hammer"},{"not_picked":["Mark of Pain","Philosopher\u0027s Stone"],"picked":"Runic Pyramid"}],"items_purged_floors":[2,28,39],"is_endless":false,"potions_floor_spawned":[4,8,12,14,19,20,27,31,35,36,41,48],"killed_by":"The Heart","ascension_level":3}