{"gold_per_floor":[218,22,22,32,49,49,49,49,97,97,162,147,162,181,181,278,278,289,289,289,277,287,287,28,60,60,71,82,92,105,120,120,222,222,237,237],"floor_reached":36,"playtime":2456,"items_purged":["Strike_R","Writhe"],"score":500,"play_id":"8695b69d-d4cf-4089-b7d6-ba536fe4c4f4","local_time":"20190206201937","is_ascension_mode":true,"campfire_choices":[{"data":"Finesse","floor":6,"key":"SMITH"},{"data":"Metallicize","floor":8,"key":"SMITH"},{"data":"Metallicize","floor":10,"key":"SMITH"},{"floor":15,"key":"REST"},{"data":"Juggernaut","floor":23,"key":"SMITH"},{"floor":32,"key":"REST"}],"neow_cost":"NONE","seed_source_timestamp":2388231546112167,"circlet_count":0,"master_deck":["Strike_R","Defend_R","Defend_R","Defend_R","Defend_R","Bash","Metallicize+1","Finesse+1","Metallicize+1","Juggernaut+1","Reaper","Seeing Red","Feed","Writhe","Ghostly Armor","Iron Wave","Juggernaut","Berserk+1","Burning Pact+1","Dropkick+1"],"relics":["Burning Blood","Red Skull","Pen Nib","Cursed Key","Singing Bowl","Bronze Scales","Bottled Flame","Astrolabe"],"potions_floor_usage":[16,25,25,25,33,33,36],"damage_taken":[{"damage":13,"enemies":"Small Slimes","floor":1,"turns":4},{"damage":4,"enemies":"2 Louse","floor":4,"turns":4},{"damage":17,"enemies":"Jaw Worm","floor":5,"turns":5},{"damage":24,"enemies":"Gremlin Nob","floor":11,"turns":6},{"damage":4,"enemies":"Exordium Thugs","floor":12,"turns":6},{"damage":10,"enemies":"Lots of Slimes","floor":13,"turns":5},{"damage":23,"enemies":"Gremlin Gang","floor":14,"turns":5},{"damage":24,"enemies":"Hexaghost","floor":16,"turns":11},{"damage":32,"enemies":"3 Byrds","floor":18,"turns":5},{"damage":21,"enemies":"2 Thieves","floor":21,"turns":4},{"damage":8,"enemies":"Centurion and Healer","floor":22,"turns":10},{"damage":65,"enemies":"Gremlin Leader","floor":25,"turns":7},{"damage":34,"enemies":"Cultist and Chosen","floor":27,"turns":6},{"damage":35,"enemies":"Snake Plant","floor":28,"turns":3},{"damage":5,"enemies":"Snecko","floor":29,"turns":4},{"damage":25,"enemies":"Centurion and Healer","floor":30,"turns":7},{"damage":13,"enemies":"Chosen and Byrds","floor":31,"turns":4},{"damage":56,"enemies":"Automaton","floor":33,"turns":15},{"damage":34,"enemies":"3 Shapes","floor":35,"turns":4},{"damage":93,"enemies":"2 Orb Walkers","floor":36,"turns":4}],"seed_played":"1101262244433647811","potions_obtained":[{"floor":13,"key":"Swift Potion"},{"floor":14,"key":"EssenceOfSteel"},{"floor":16,"key":"AttackPotion"},{"floor":22,"key":"PowerPotion"},{"floor":28,"key":"PowerPotion"},{"floor":30,"key":"GamblersBrew"},{"floor":31,"key":"FairyPotion"},{"floor":35,"key":"Block Potion"}],"is_trial":false,"path_per_floor":["M","$","?","M","M","R","?","R","T","R","?","M","M","M","R","B",null,"M","?","T","M","M","R","$","E","T","M","M","M","M","M","R","B",null,"M","?"],"character_chosen":"IRONCLAD","items_purchased":["Metallicize","Finesse","Feed"],"campfire_rested":2,"item_purchase_floors":[2,2,24],"current_hp_per_floor":[73,73,73,75,64,64,69,69,69,69,51,53,49,32,57,39,74,54,82,82,69,83,83,83,53,53,38,18,29,26,29,60,17,82,56,0],"gold":237,"neow_bonus":"HUNDRED_GOLD","is_prod":false,"is_daily":false,"chose_seed":false,"campfire_upgraded":4,"win_rate":0,"timestamp":1549505977,"path_taken":["M","$","?","M","M","R","?","R","T","R","?","M","M","M","R","BOSS","M","?","?","?","M","R","?","E","T","M","?","M","M","M","R","BOSS","M","?"],"build_version":"2019-01-23","purchased_purges":2,"victory":false,"max_hp_per_floor":[80,80,80,80,80,80,85,85,85,85,85,85,85,85,85,85,85,85,85,85,87,87,87,87,92,92,97,99,102,104,104,104,104,104,106,106],"card_choices":[{"not_picked":["Havoc","Power Through","Entrench"],"picked":"SKIP","floor":1},{"not_picked":["Cleave","Power Through","Heavy Blade"],"picked":"SKIP","floor":4},{"not_picked":["Disarm","True Grit"],"picked":"Metallicize","floor":5},{"not_picked":["Headbutt","Twin Strike"],"picked":"Juggernaut","floor":12},{"not_picked":["Thunderclap","Sword Boomerang","Evolve"],"picked":"SKIP","floor":13},{"not_picked":["Spot Weakness","Second Wind","Pommel Strike"],"picked":"SKIP","floor":14},{"not_picked":["Bludgeon","Fiend Fire"],"picked":"Reaper","floor":16},{"not_picked":["Havoc","Twin Strike","Power Through"],"picked":"SKIP","floor":18},{"not_picked":["True Grit","Second Wind","Cleave"],"picked":"Singing Bowl","floor":21},{"not_picked":["Corruption","True Grit"],"picked":"Seeing Red","floor":22},{"not_picked":["Havoc","Anger","Combust+1"],"picked":"Singing Bowl","floor":25},{"not_picked":["Rage+1","True Grit","Pummel"],"picked":"Singing Bowl","floor":27},{"not_picked":["Warcry","Sever Soul","Corruption"],"picked":"Singing Bowl","floor":28},{"not_picked":["Thunderclap","Perfected Strike"],"picked":"Ghostly Armor","floor":29},{"not_picked":["Warcry+1","Cleave","Heavy Blade+1"],"picked":"Singing Bowl","floor":30},{"not_picked":["Anger","Headbutt+1"],"picked":"Iron Wave","floor":31},{"not_picked":["Immolate","Limit Break"],"picked":"Juggernaut","floor":33},{"not_picked":["Heavy Blade","Wild Strike","Clash+1"],"picked":"Singing Bowl","floor":35}],"player_experience":1254850,"relics_obtained":[{"floor":9,"key":"Red Skull"},{"floor":11,"key":"Pen Nib"},{"floor":20,"key":"Singing Bowl"},{"floor":25,"key":"Bronze Scales"},{"floor":26,"key":"Bottled Flame"}],"event_choices":[{"damage_healed":0,"gold_gain":0,"player_choice":"Leave","damage_taken":0,"max_hp_gain":0,"max_hp_loss":0,"event_name":"The Cleric","floor":3,"gold_loss":0},{"damage_healed":0,"gold_gain":0,"player_choice":"Donut","damage_taken":0,"max_hp_gain":5,"max_hp_loss":0,"event_name":"Big Fish","floor":7,"gold_loss":0},{"damage_healed":0,"gold_gain":30,"player_choice":"Searched \u00272\u0027 times","damage_taken":0,"max_hp_gain":0,"max_hp_loss":0,"event_name":"Dead Adventurer","floor":11,"gold_loss":0},{"damage_healed":28,"gold_gain":0,"player_choice":"Heal","damage_taken":0,"max_hp_gain":0,"max_hp_loss":0,"event_name":"The Library","floor":19,"gold_loss":0},{"damage_healed":0,"gold_gain":0,"player_choice":"Fight","damage_taken":0,"max_hp_gain":0,"max_hp_loss":0,"event_name":"Mysterious Sphere","floor":36,"gold_loss":0}],"is_beta":false,"boss_relics":[{"not_picked":["White Beast Statue","Velvet Choker"],"picked":"Cursed Key"},{"not_picked":["Coffee Dripper","Runic Cube"],"picked":"Astrolabe"}],"items_purged_floors":[2,24],"is_endless":false,"potions_floor_spawned":[13,14,16,22,28,30,31,35],"killed_by":"2 Orb Walkers","ascension_level":5}