{"gold_per_floor":[119,119,44,44,44,78,91,91,91,104,117,131,131,155,155,278,278,292,207,225,250,266,266,289,289],"floor_reached":25,"playtime":880,"items_purged":["Dualcast"],"score":345,"play_id":"bf3735d5-644b-4879-8f53-d44009c57702","local_time":"20190730092413","is_ascension_mode":true,"campfire_choices":[{"data":"Zap","floor":8,"key":"SMITH"},{"floor":15,"key":"REST"},{"floor":23,"key":"REST"}],"neow_cost":"NONE","seed_source_timestamp":1587348171445699,"circlet_count":0,"master_deck":["AscendersBane","Strike_B","Strike_B","Strike_B","Defend_B","Defend_B+1","Defend_B","Defend_B+1","Zap+1","Cold Snap","Doom and Gloom","Doom and Gloom","Buffer","Redo+1","Parasite","Buffer"],"relics":["Cracked Core","NeowsBlessing","Vajra","Happy Flower","War Paint","Golden Idol","Cursed Key","Blue Candle","Lantern"],"potions_floor_usage":[16,16],"damage_taken":[{"damage":0,"enemies":"Cultist","floor":1,"turns":1},{"damage":0,"enemies":"3 Sentries","floor":6,"turns":1},{"damage":0,"enemies":"2 Louse","floor":7,"turns":1},{"damage":0,"enemies":"Small Slimes","floor":10,"turns":3},{"damage":10,"enemies":"Exordium Thugs","floor":11,"turns":5},{"damage":0,"enemies":"Blue Slaver","floor":12,"turns":3},{"damage":0,"enemies":"2 Fungi Beasts","floor":14,"turns":3},{"damage":24,"enemies":"Slime Boss","floor":16,"turns":7},{"damage":2,"enemies":"Chosen","floor":18,"turns":4},{"damage":15,"enemies":"2 Thieves","floor":20,"turns":3},{"damage":36,"enemies":"Cultist and Chosen","floor":22,"turns":5},{"damage":32,"enemies":"Snecko","floor":24,"turns":8},{"damage":14,"enemies":"Snake Plant","floor":25,"turns":1}],"seed_played":"-2044152615036673579","potions_obtained":[{"floor":7,"key":"Energy Potion"},{"floor":10,"key":"LiquidBronze"},{"floor":12,"key":"EssenceOfSteel"},{"floor":16,"key":"LiquidBronze"},{"floor":24,"key":"FocusPotion"}],"is_trial":false,"path_per_floor":["M","T","$","?","?","E","M","R","T","M","M","M","?","M","R","B",null,"M","?","M","T","M","R","M","M"],"character_chosen":"DEFECT","items_purchased":[],"campfire_rested":2,"item_purchase_floors":[],"current_hp_per_floor":[68,68,68,73,73,73,73,73,73,73,63,63,43,43,67,43,71,69,69,54,54,18,42,10,0],"gold":289,"neow_bonus":"THREE_ENEMY_KILL","is_prod":false,"is_daily":false,"chose_seed":false,"campfire_upgraded":1,"win_rate":0,"timestamp":1564496653,"path_taken":["M","?","$","?","?","E","M","R","T","M","M","?","?","M","R","BOSS","M","?","M","?","M","R","M","M"],"build_version":"2019-07-17","purchased_purges":1,"victory":false,"max_hp_per_floor":[75,75,75,80,80,80,80,80,80,80,80,80,80,80,80,80,80,80,80,80,80,80,80,80,80],"card_choices":[{"not_picked":["Steam","Go for the Eyes"],"picked":"Cold Snap","floor":1},{"not_picked":["Chaos","Skim","Conserve Battery"],"picked":"SKIP","floor":6},{"not_picked":["Sweeping Beam","Rebound","Recycle"],"picked":"SKIP","floor":7},{"not_picked":["Force Field","Leap","Go for the Eyes"],"picked":"SKIP","floor":10},{"not_picked":["Gash","Steam"],"picked":"Doom and Gloom","floor":11},{"not_picked":["Rip and Tear","Reprogram","Coolheaded"],"picked":"SKIP","floor":12},{"not_picked":["Sweeping Beam","Go for the Eyes"],"picked":"Doom and Gloom","floor":14},{"not_picked":["Creative AI","Hyperbeam"],"picked":"Buffer","floor":16},{"not_picked":["Consume+1","Chaos"],"picked":"Redo+1","floor":18},{"not_picked":["Stack","Chaos+1","Steam"],"picked":"SKIP","floor":20},{"not_picked":["Storm","Redo"],"picked":"Buffer","floor":22},{"not_picked":["Double Energy","Lockon+1","Rebound+1"],"picked":"SKIP","floor":24}],"player_experience":2570181,"relics_obtained":[{"floor":2,"key":"Vajra"},{"floor":6,"key":"Happy Flower"},{"floor":9,"key":"War Paint"},{"floor":21,"key":"Lantern"}],"event_choices":[{"damage_healed":0,"gold_gain":0,"player_choice":"Donut","damage_taken":0,"max_hp_gain":5,"max_hp_loss":0,"event_name":"Big Fish","floor":4,"gold_loss":0},{"cards_removed":["Strike_B"],"damage_healed":0,"gold_gain":0,"player_choice":"Purged","damage_taken":0,"max_hp_gain":0,"max_hp_loss":0,"event_name":"Purifier","floor":5,"gold_loss":0},{"damage_healed":0,"gold_gain":0,"player_choice":"Take Damage","damage_taken":20,"relics_obtained":["Golden Idol"],"max_hp_gain":0,"max_hp_loss":0,"event_name":"Golden Idol","floor":13,"gold_loss":0},{"damage_healed":0,"gold_gain":0,"player_choice":"Obtained Relic","damage_taken":0,"relics_obtained":["Blue Candle"],"max_hp_gain":0,"max_hp_loss":0,"event_name":"Addict","floor":19,"gold_loss":85}],"is_beta":false,"boss_relics":[{"not_picked":["Calling Bell","Ectoplasm"],"picked":"Cursed Key"}],"items_purged_floors":[3],"is_endless":false,"potions_floor_spawned":[7,10,12,16,24],"killed_by":"Snake Plant","ascension_level":10}