{"gold_per_floor":[109,109,34,48,61,61,75,75,75,75,150,150,161,171,171,267,317,328,148,148,162,77,77,29,29,29,29],"floor_reached":27,"playtime":4664,"items_purged":["Strike_R","Strike_R"],"score":291,"play_id":"abccaeed-86bc-49f7-9ce4-fb0a49bfba72","local_time":"20190706111050","is_ascension_mode":true,"campfire_choices":[{"data":"Armaments","floor":6,"key":"SMITH"},{"data":"Battle Trance","floor":8,"key":"SMITH"},{"data":"Inflame","floor":15,"key":"SMITH"},{"floor":23,"key":"REST"},{"floor":25,"key":"REST"}],"neow_cost":"NONE","seed_source_timestamp":889728217120073,"circlet_count":0,"master_deck":["Strike_R","Strike_R+1","Strike_R+1","Defend_R","Defend_R","Defend_R+1","Defend_R","Bash","Armaments+1","Battle Trance+1","Inflame+1","Barricade","Reaper","Whirlwind","Shrug It Off"],"relics":["Burning Blood","NeowsBlessing","Ginger","Tiny House","Thread and Needle","WingedGreaves"],"potions_floor_usage":[16,16,16,27,27],"damage_taken":[{"damage":0,"enemies":"Small Slimes","floor":1,"turns":1},{"damage":0,"enemies":"2 Louse","floor":4,"turns":1},{"damage":0,"enemies":"Cultist","floor":5,"turns":1},{"damage":0,"enemies":"Looter","floor":7,"turns":4},{"damage":0,"enemies":"Blue Slaver","floor":13,"turns":6},{"damage":4,"enemies":"Red Slaver","floor":14,"turns":6},{"damage":10,"enemies":"The Guardian","floor":16,"turns":14},{"damage":41,"enemies":"Chosen","floor":18,"turns":10},{"damage":13,"enemies":"Shell Parasite","floor":21,"turns":27},{"damage":89,"enemies":"Slavers","floor":27,"turns":5}],"seed_played":"-4339727900695671128","potions_obtained":[{"floor":5,"key":"Dexterity Potion"},{"floor":13,"key":"Strength Potion"},{"floor":14,"key":"PowerPotion"},{"floor":16,"key":"Energy Potion"},{"floor":17,"key":"Poison Potion"}],"is_trial":false,"path_per_floor":["M","?","$","M","M","R","M","R","T","?","?","?","M","M","R","B",null,"M","$","?","M","?","R","$","R","T","E"],"character_chosen":"IRONCLAD","items_purchased":["Reaper","Shrug It Off"],"campfire_rested":2,"item_purchase_floors":[19,24],"current_hp_per_floor":[78,78,78,80,80,80,80,80,80,64,53,53,59,61,61,57,79,44,44,28,21,21,48,48,75,75,0],"gold":29,"neow_bonus":"THREE_ENEMY_KILL","is_prod":false,"is_daily":false,"chose_seed":false,"campfire_upgraded":3,"win_rate":0,"timestamp":1562429450,"path_taken":["M","?","$","M","M","R","M","R","T","?","?","?","M","M","R","BOSS","M","$","?","M","?","R","$","R","T","E"],"build_version":"2019-07-05","purchased_purges":2,"victory":false,"max_hp_per_floor":[80,80,80,80,80,80,80,80,80,80,80,80,80,80,80,80,85,85,85,90,90,90,90,90,90,90,90],"card_choices":[{"not_picked":["Sword Boomerang","Clothesline"],"picked":"Armaments","floor":1},{"not_picked":["Fiend Fire","Sword Boomerang"],"picked":"Battle Trance","floor":4},{"not_picked":["Twin Strike","Headbutt","Intimidate"],"picked":"SKIP","floor":5},{"not_picked":["Rupture","Wild Strike","Reckless Charge"],"picked":"SKIP","floor":7},{"not_picked":["Iron Wave","Pommel Strike"],"picked":"Inflame","floor":13},{"not_picked":["Perfected Strike","Headbutt","Rage"],"picked":"SKIP","floor":14},{"not_picked":["Feed","Reaper"],"picked":"Barricade","floor":16},{"not_picked":["Pommel Strike","Havoc","Dual Wield"],"picked":"SKIP","floor":18},{"not_picked":["Flex","Anger+1"],"picked":"Whirlwind","floor":21}],"player_experience":2115124,"relics_obtained":[{"floor":9,"key":"Ginger"},{"floor":26,"key":"WingedGreaves"}],"event_choices":[{"damage_healed":0,"gold_gain":0,"player_choice":"Ignored","damage_taken":0,"max_hp_gain":0,"max_hp_loss":0,"event_name":"Liars Game","floor":2,"gold_loss":0},{"damage_healed":0,"gold_gain":0,"player_choice":"Entered Light","damage_taken":16,"max_hp_gain":0,"max_hp_loss":0,"event_name":"Shining Light","floor":10,"gold_loss":0,"cards_upgraded":["Strike_R","Defend_R"]},{"damage_healed":0,"gold_gain":75,"player_choice":"Gather Gold","damage_taken":11,"max_hp_gain":0,"max_hp_loss":0,"event_name":"World of Goop","floor":11,"gold_loss":0},{"damage_healed":0,"gold_gain":0,"player_choice":"0 cards matched","damage_taken":0,"max_hp_gain":0,"max_hp_loss":0,"event_name":"Match and Keep!","floor":12,"gold_loss":0,"cards_obtained":[]},{"damage_healed":0,"gold_gain":0,"player_choice":"Shed Blood","damage_taken":21,"max_hp_gain":5,"max_hp_loss":0,"event_name":"Forgotten Altar","floor":20,"gold_loss":0},{"damage_healed":0,"gold_gain":0,"player_choice":"Obtained Relic","damage_taken":0,"relics_obtained":["Thread and Needle"],"max_hp_gain":0,"max_hp_loss":0,"event_name":"Addict","floor":22,"gold_loss":85}],"is_beta":false,"boss_relics":[{"not_picked":["Calling Bell","Runic Dome"],"picked":"Tiny House"}],"items_purged_floors":[3,19],"is_endless":false,"potions_floor_spawned":[5,13,14,16],"killed_by":"Slavers","ascension_level":9}