{"gold_per_floor":[109,109,109,109,124,124,168,93,165,165,200,200,100,133,133,252,252,277,298,298,298,298,298,318,318,344,344,377,252,293,317,317,436,436,452,452,472,322,322],"floor_reached":39,"playtime":3570,"items_purged":["Strike_R","Strike_R","Strike_R","Defend_R"],"score":479,"play_id":"d08b6b46-4eff-4f95-a9ae-758482b2019b","local_time":"20181110224036","is_ascension_mode":true,"campfire_choices":[{"floor":6,"key":"REST"},{"floor":10,"key":"REST"},{"floor":15,"key":"REST"},{"floor":23,"key":"REST"},{"floor":25,"key":"REST"},{"data":"RitualDagger","floor":27,"key":"SMITH"},{"data":"Shockwave","floor":32,"key":"SMITH"}],"neow_cost":"NONE","seed_source_timestamp":2759212772942354,"circlet_count":0,"master_deck":["Strike_R+1","Defend_R+1","Defend_R","Defend_R","Bash","Whirlwind","Shockwave+1","Shrug It Off+1","RitualDagger+1","Demon Form"],"relics":["Black Blood","Golden Idol","Pocketwatch","Bottled Lightning","Bronze Scales","PreservedInsect","Enchiridion","Bag of Marbles","Pen Nib","Vajra","Busted Crown"],"potions_floor_usage":[16,16,16,28,33,33,33],"damage_taken":[{"damage":6,"enemies":"Jaw Worm","floor":1,"turns":5},{"damage":0,"enemies":"2 Louse","floor":5,"turns":2},{"damage":36,"enemies":"3 Sentries","floor":7,"turns":8},{"damage":10,"enemies":"Gremlin Nob","floor":11,"turns":4},{"damage":36,"enemies":"3 Sentries","floor":14,"turns":4},{"damage":39,"enemies":"Slime Boss","floor":16,"turns":7},{"damage":0,"enemies":"Shell Parasite","floor":18,"turns":13},{"damage":50,"enemies":"Spheric Guardian","floor":19,"turns":5},{"damage":14,"enemies":"Colosseum Slavers","floor":22,"turns":5},{"damage":4,"enemies":"Shelled Parasite and Fungi","floor":24,"turns":7},{"damage":4,"enemies":"Gremlin Leader","floor":28,"turns":5},{"damage":5,"enemies":"Book of Stabbing","floor":30,"turns":4},{"damage":26,"enemies":"Sentry and Sphere","floor":31,"turns":17},{"damage":67,"enemies":"Collector","floor":33,"turns":10},{"damage":19,"enemies":"3 Darklings","floor":35,"turns":3},{"damage":30,"enemies":"3 Shapes","floor":37,"turns":2},{"damage":70,"enemies":"2 Orb Walkers","floor":39,"turns":4}],"seed_played":"2641123031849924319","potions_obtained":[{"floor":1,"key":"EssenceOfSteel"},{"floor":5,"key":"SneckoOil"},{"floor":11,"key":"PowerPotion"},{"floor":16,"key":"Fire Potion"},{"floor":18,"key":"SpeedPotion"},{"floor":28,"key":"Swift Potion"},{"floor":30,"key":"FearPotion"}],"is_trial":false,"path_per_floor":["M","?","?","?","M","R","E","$","T","R","E","?","$","E","R","B",null,"M","M","?","?","?","R","M","R","T","R","E","$","E","M","R","B",null,"M","?","M","$","?"],"character_chosen":"IRONCLAD","items_purchased":[],"campfire_rested":5,"item_purchase_floors":[],"current_hp_per_floor":[88,70,48,53,59,86,56,56,56,83,79,79,79,49,76,43,93,93,53,47,31,27,54,60,87,87,87,93,93,93,77,77,20,93,84,84,64,64,0],"gold":322,"neow_bonus":"TEN_PERCENT_HP_BONUS","is_prod":false,"is_daily":false,"chose_seed":false,"campfire_upgraded":2,"win_rate":0,"timestamp":1541911236,"path_taken":["M","?","?","?","?","R","E","$","T","R","E","?","?","E","R","BOSS","M","?","?","?","?","R","M","R","T","R","E","?","E","M","R","BOSS","M","?","M","?","?"],"build_version":"2018-11-08","purchased_purges":4,"victory":false,"max_hp_per_floor":[88,88,88,93,93,93,93,93,93,93,93,93,93,93,93,93,93,93,93,93,93,93,93,93,93,93,93,93,93,93,93,93,93,93,93,93,93,93,93],"card_choices":[{"not_picked":["Hemokinesis","Rampage"],"picked":"Whirlwind","floor":1},{"not_picked":["Rupture","Shrug It Off"],"picked":"Shockwave","floor":5},{"not_picked":["Dropkick","Second Wind","Rupture"],"picked":"SKIP","floor":7},{"not_picked":["Burning Pact","Searing Blow","Armaments"],"picked":"SKIP","floor":11},{"not_picked":["Warcry","Clash","Anger"],"picked":"SKIP","floor":14},{"not_picked":["Thunderclap","Combust","Clash"],"picked":"SKIP","floor":18},{"not_picked":["Pommel Strike","Armaments"],"picked":"Shrug It Off+1","floor":19},{"not_picked":["Flex+1","Wild Strike","Feel No Pain"],"picked":"SKIP","floor":24},{"not_picked":["Reckless Charge","Armaments","Rupture"],"picked":"SKIP","floor":28},{"not_picked":["Thunderclap","Warcry","Wild Strike"],"picked":"SKIP","floor":30},{"not_picked":["Cleave","Anger","Perfected Strike"],"picked":"SKIP","floor":31},{"not_picked":["Juggernaut","Impervious"],"picked":"Demon Form","floor":33},{"not_picked":["Dropkick"],"picked":"SKIP","floor":35},{"not_picked":["Cleave+1"],"picked":"SKIP","floor":37}],"player_experience":92176,"relics_obtained":[{"floor":7,"key":"Pocketwatch"},{"floor":9,"key":"Bottled Lightning"},{"floor":11,"key":"Bronze Scales"},{"floor":14,"key":"PreservedInsect"},{"floor":21,"key":"Enchiridion"},{"floor":26,"key":"Bag of Marbles"},{"floor":28,"key":"Pen Nib"},{"floor":30,"key":"Vajra"}],"event_choices":[{"damage_healed":0,"gold_gain":0,"player_choice":"Entered Light","damage_taken":18,"max_hp_gain":0,"max_hp_loss":0,"event_name":"Shining Light","floor":2,"gold_loss":0,"cards_upgraded":["Defend_R","Strike_R"]},{"damage_healed":0,"gold_gain":0,"player_choice":"Take Damage","damage_taken":22,"relics_obtained":["Golden Idol"],"max_hp_gain":0,"max_hp_loss":0,"event_name":"Golden Idol","floor":3,"gold_loss":0},{"damage_healed":0,"gold_gain":0,"player_choice":"Donut","damage_taken":0,"max_hp_gain":5,"max_hp_loss":0,"event_name":"Big Fish","floor":4,"gold_loss":0},{"cards_removed":["Strike_R"],"damage_healed":0,"gold_gain":0,"player_choice":"Forget","damage_taken":0,"max_hp_gain":0,"max_hp_loss":0,"event_name":"Living Wall","floor":12,"gold_loss":0},{"damage_healed":0,"gold_gain":0,"player_choice":"Joined the Cult","damage_taken":6,"max_hp_gain":0,"max_hp_loss":0,"event_name":"Nest","floor":20,"gold_loss":0,"cards_obtained":["RitualDagger"]},{"damage_healed":0,"gold_gain":0,"player_choice":"Obtained Book","damage_taken":16,"max_hp_gain":0,"max_hp_loss":0,"event_name":"Cursed Tome","floor":21,"gold_loss":0},{"damage_healed":0,"gold_gain":0,"player_choice":"Fight","damage_taken":0,"max_hp_gain":0,"max_hp_loss":0,"event_name":"Colosseum","floor":22,"gold_loss":0},{"damage_healed":0,"gold_gain":0,"player_choice":"Fled From Nobs","damage_taken":0,"max_hp_gain":0,"max_hp_loss":0,"event_name":"Colosseum","floor":22,"gold_loss":0},{"damage_healed":0,"gold_gain":0,"player_choice":"0 cards matched","damage_taken":0,"max_hp_gain":0,"max_hp_loss":0,"event_name":"Match and Keep!","floor":36,"gold_loss":0,"cards_obtained":[]},{"damage_healed":0,"gold_gain":0,"player_choice":"Fight","damage_taken":0,"max_hp_gain":0,"max_hp_loss":0,"event_name":"Mysterious Sphere","floor":39,"gold_loss":0}],"is_beta":false,"boss_relics":[{"not_picked":["White Beast Statue","Cursed Key"],"picked":"Black Blood"},{"not_picked":["Philosopher\u0027s Stone","Runic Cube"],"picked":"Busted Crown"}],"items_purged_floors":[8,13,29,38],"is_endless":false,"potions_floor_spawned":[1,5,11,16,18,28,30],"killed_by":"2 Orb Walkers","ascension_level":1}