{"gold_per_floor":[115,127,127,127,202,202,237,256,256,256,256,271,286,310,310,431,431,456,555,33,64,64,64,64,98,152,152,170,214,214],"floor_reached":30,"playtime":1519,"items_purged":["Strike_B"],"score":384,"play_id":"708a43b0-7dc7-4447-9236-ebd1af353768","local_time":"20190309185428","is_ascension_mode":true,"campfire_choices":[{"floor":6,"key":"REST"},{"floor":15,"key":"REST"},{"floor":23,"key":"REST"},{"floor":27,"key":"REST"}],"neow_cost":"PERCENT_DAMAGE","seed_source_timestamp":135848539143275,"circlet_count":0,"master_deck":["Strike_B+1","Defend_B","Defend_B","Defend_B","Defend_B","Zap","Conserve Battery","Cold Snap","Capacitor","Core Surge","Melter+1","Consume","Capacitor+1"],"relics":["Cracked Core","Pocketwatch","Golden Idol","Shovel","Incense Burner","Singing Bowl","Lizard Tail","Mercury Hourglass","Runic Capacitor","Red Mask","Smiling Mask","Whetstone","Oddly Smooth Stone"],"potions_floor_usage":[7,16,16,16,29],"damage_taken":[{"damage":0,"enemies":"Jaw Worm","floor":1,"turns":6},{"damage":0,"enemies":"Small Slimes","floor":2,"turns":4},{"damage":15,"enemies":"Lagavulin","floor":7,"turns":8},{"damage":7,"enemies":"2 Louse","floor":8,"turns":3},{"damage":0,"enemies":"2 Fungi Beasts","floor":12,"turns":5},{"damage":0,"enemies":"Large Slime","floor":13,"turns":5},{"damage":0,"enemies":"Looter","floor":14,"turns":4},{"damage":37,"enemies":"Slime Boss","floor":16,"turns":13},{"damage":6,"enemies":"Spheric Guardian","floor":18,"turns":6},{"damage":60,"enemies":"Masked Bandits","floor":21,"turns":7},{"damage":49,"enemies":"Slavers","floor":25,"turns":7},{"damage":15,"enemies":"3 Byrds","floor":28,"turns":5},{"damage":30,"enemies":"Gremlin Leader","floor":29,"turns":8},{"damage":14,"enemies":"Snake Plant","floor":30,"turns":2}],"seed_played":"7348286281084279713","potions_obtained":[{"floor":2,"key":"SteroidPotion"},{"floor":8,"key":"Dexterity Potion"},{"floor":13,"key":"LiquidBronze"},{"floor":14,"key":"EssenceOfSteel"},{"floor":21,"key":"FocusPotion"},{"floor":25,"key":"GamblersBrew"}],"is_trial":false,"path_per_floor":["M","M","?","?","?","R","E","M","T","?","?","M","M","M","R","B",null,"M","?","$","?","?","R","?","E","T","R","M","E","M"],"character_chosen":"DEFECT","items_purchased":["Mercury Hourglass","Runic Capacitor"],"campfire_rested":4,"item_purchase_floors":[20,20],"current_hp_per_floor":[50,50,43,25,14,36,21,14,14,7,12,14,16,18,43,6,66,62,62,62,4,4,31,31,29,29,56,43,13,0],"gold":214,"neow_bonus":"ONE_RARE_RELIC","is_prod":false,"is_daily":false,"chose_seed":false,"campfire_upgraded":0,"win_rate":0,"timestamp":1552179268,"path_taken":["M","M","?","?","?","R","E","M","T","?","?","M","?","M","R","BOSS","M","?","$","?","?","R","?","E","T","R","M","E","?"],"build_version":"2019-01-23","purchased_purges":1,"victory":false,"max_hp_per_floor":[75,75,75,75,75,75,75,75,75,75,80,82,84,86,86,86,86,88,88,88,90,90,90,90,92,92,92,94,94,94],"card_choices":[{"not_picked":["Stack","Turbo"],"picked":"Conserve Battery","floor":1},{"not_picked":["Gash","Ball Lightning"],"picked":"Cold Snap","floor":2},{"not_picked":["Barrage","Rip and Tear"],"picked":"Capacitor","floor":7},{"not_picked":["Hologram","Steam","Multi-Cast"],"picked":"SKIP","floor":8},{"not_picked":["Redo","Go for the Eyes","Blizzard"],"picked":"Singing Bowl","floor":12},{"not_picked":["Go for the Eyes","Ball Lightning","Doom and Gloom"],"picked":"Singing Bowl","floor":13},{"not_picked":["Hologram","Coolheaded","Fusion"],"picked":"Singing Bowl","floor":14},{"not_picked":["Reboot","Machine Learning"],"picked":"Core Surge","floor":16},{"not_picked":["Leap+1","Steam Power+1","Redo"],"picked":"Singing Bowl","floor":18},{"not_picked":["Ball Lightning","Gash+1","Darkness"],"picked":"Singing Bowl","floor":21},{"not_picked":["Sweeping Beam+1","Coolheaded","Leap"],"picked":"Singing Bowl","floor":25},{"not_picked":["Hello World","Storm","Consume"],"picked":"Singing Bowl","floor":28},{"not_picked":["Cold Snap","Melter"],"picked":"Capacitor+1","floor":29}],"player_experience":1607539,"relics_obtained":[{"floor":7,"key":"Shovel"},{"floor":9,"key":"Incense Burner"},{"floor":21,"key":"Red Mask"},{"floor":25,"key":"Smiling Mask"},{"floor":26,"key":"Whetstone"},{"floor":29,"key":"Oddly Smooth Stone"}],"event_choices":[{"cards_removed":["Dualcast"],"damage_healed":0,"gold_gain":0,"player_choice":"Card Removal","damage_taken":7,"max_hp_gain":0,"max_hp_loss":0,"event_name":"Golden Wing","floor":3,"gold_loss":0},{"damage_healed":0,"gold_gain":0,"player_choice":"Take Damage","damage_taken":18,"relics_obtained":["Golden Idol"],"max_hp_gain":0,"max_hp_loss":0,"event_name":"Golden Idol","floor":4,"gold_loss":0},{"damage_healed":0,"gold_gain":75,"player_choice":"Gather Gold","damage_taken":11,"max_hp_gain":0,"max_hp_loss":0,"event_name":"World of Goop","floor":5,"gold_loss":0},{"damage_healed":0,"gold_gain":0,"player_choice":"Success","damage_taken":7,"relics_obtained":["Singing Bowl"],"max_hp_gain":0,"max_hp_loss":0,"event_name":"Scrap Ooze","floor":10,"gold_loss":0},{"damage_healed":0,"gold_gain":0,"player_choice":"Donut","damage_taken":0,"max_hp_gain":5,"max_hp_loss":0,"event_name":"Big Fish","floor":11,"gold_loss":0},{"damage_healed":0,"gold_gain":99,"player_choice":"Stole From Cult","damage_taken":0,"max_hp_gain":0,"max_hp_loss":0,"event_name":"Nest","floor":19,"gold_loss":0},{"damage_healed":0,"gold_gain":0,"player_choice":"Fought Bandits","damage_taken":0,"max_hp_gain":0,"max_hp_loss":0,"event_name":"Masked Bandits","floor":21,"gold_loss":0},{"damage_healed":0,"gold_gain":0,"player_choice":"Ignored","damage_taken":0,"max_hp_gain":0,"max_hp_loss":0,"event_name":"Beggar","floor":22,"gold_loss":0},{"damage_healed":0,"gold_gain":0,"cards_transformed":["Strike_B","Strike_B"],"player_choice":"Became Test Subject","damage_taken":0,"max_hp_gain":0,"max_hp_loss":0,"event_name":"Drug Dealer","floor":24,"gold_loss":0,"cards_obtained":["Melter","Consume"]}],"is_beta":false,"boss_relics":[{"not_picked":["FrozenCore","Nuclear Battery"],"picked":"Lizard Tail"}],"items_purged_floors":[20],"is_endless":false,"potions_floor_spawned":[2,8,13,14,21,25],"killed_by":"Snake Plant","ascension_level":7}