{"gold_per_floor":[113,128,128,139,64,64,14,29,29,39,39,4,14,32,32,134,134,151,166,166,176,191,191,209,209,209,229,47,47,62,62,62,162,162,174,174,4,4,20,20],"floor_reached":40,"playtime":18626,"items_purged":["Rupture","Parasite","Bash"],"score":688,"play_id":"0323d337-4b26-4dee-940f-ea38969f23ce","local_time":"20190614210151","is_ascension_mode":true,"campfire_choices":[{"floor":6,"key":"REST"},{"floor":15,"key":"REST"},{"data":"Armaments","floor":23,"key":"SMITH"},{"floor":25,"key":"REST"},{"floor":32,"key":"REST"}],"neow_cost":"NONE","seed_source_timestamp":0,"circlet_count":0,"master_deck":["Pommel Strike","Berserk+1","Seeing Red","Seeing Red","Shrug It Off","Shrug It Off+1","Armaments+1","Shrug It Off","Ghostly Armor","Body Slam","Impervious","Finesse","Shrug It Off+1","Reaper","Entrench","Barricade","Metallicize","Shrug It Off","Shame","Ghostly Armor+1"],"special_seed":0,"relics":["Pandora\u0027s Box","Sundial","Cursed Key","Question Card","Empty Cage","Paper Frog"],"potions_floor_usage":[16,16,33,33,33],"damage_taken":[{"damage":1.0,"enemies":"Cultist","floor":1.0,"turns":3.0},{"damage":18,"enemies":"Small Slimes","floor":2,"turns":4},{"damage":12,"enemies":"Jaw Worm","floor":4,"turns":3},{"damage":4,"enemies":"Gremlin Gang","floor":8,"turns":7},{"damage":6,"enemies":"2 Fungi Beasts","floor":10,"turns":4},{"damage":11,"enemies":"3 Louse","floor":13,"turns":3},{"damage":8,"enemies":"Exordium Thugs","floor":14,"turns":7},{"damage":0,"enemies":"Hexaghost","floor":16,"turns":8},{"damage":0,"enemies":"2 Thieves","floor":18,"turns":3},{"damage":0,"enemies":"3 Byrds","floor":19,"turns":6},{"damage":11,"enemies":"3 Cultists","floor":21,"turns":5},{"damage":0,"enemies":"Centurion and Healer","floor":22,"turns":6},{"damage":36,"enemies":"Cultist and Chosen","floor":24,"turns":6},{"damage":5,"enemies":"Snecko","floor":27,"turns":6},{"damage":26,"enemies":"Chosen and Byrds","floor":30,"turns":10},{"damage":14,"enemies":"Champ","floor":33,"turns":11},{"damage":6,"enemies":"Orb Walker","floor":35,"turns":5},{"damage":21,"enemies":"3 Shapes","floor":39,"turns":5},{"damage":75,"enemies":"Reptomancer","floor":40,"turns":2}],"seed_played":"-8291979024690954196","potions_obtained":[{"floor":4,"key":"Weak Potion"},{"floor":10,"key":"LiquidBronze"},{"floor":16,"key":"SteroidPotion"},{"floor":21,"key":"Poison Potion"},{"floor":22,"key":"LiquidBronze"},{"floor":24,"key":"Energy Potion"},{"floor":27,"key":"Swift Potion"}],"is_trial":false,"path_per_floor":["M","M","?","M","$","R","$","M","T","M","?","?","M","M","R","B",null,"M","M","?","M","M","R","M","R","T","M","$","T","M","$","R","B",null,"M","?","$","T","M","E"],"character_chosen":"IRONCLAD","items_purchased":["Shrug It Off","Entrench","Shrug It Off"],"campfire_rested":4,"item_purchase_floors":[7,28,37],"current_hp_per_floor":[71,53,37,25,25,49,49,45,45,39,39,59,48,40,64,64,76,76,76,76,65,65,65,29,53,53,48,48,48,32,32,55,46,69,77,77,77,77,56,0],"gold":20,"neow_bonus":"BOSS_RELIC","is_prod":false,"is_daily":false,"chose_seed":false,"campfire_upgraded":1,"win_rate":0,"timestamp":1560564111,"path_taken":["M","?","?","M","$","R","?","M","T","?","?","?","M","M","R","BOSS","M","M","?","?","M","R","M","R","T","M","$","?","M","$","R","BOSS","M","?","?","?","?","E"],"build_version":"2019-01-23","purchased_purges":3,"victory":false,"max_hp_per_floor":[80,80,80,80,80,80,80,80,80,80,80,80,80,80,80,80,80,80,80,80,80,80,80,80,80,80,80,77,77,77,77,77,77,77,77,77,77,77,77,77],"card_choices":[{"not_picked":["Heavy Blade","Armaments","Headbutt"],"picked":"SKIP","floor":1.0},{"not_picked":["Heavy Blade","Evolve"],"picked":"Shrug It Off","floor":2},{"not_picked":["Heavy Blade","Rampage"],"picked":"Armaments","floor":4},{"not_picked":["Corruption","Flex","Shockwave"],"picked":"SKIP","floor":8},{"not_picked":["Carnage","Wild Strike","Entrench"],"picked":"SKIP","floor":10},{"not_picked":["Clothesline","Intimidate"],"picked":"Ghostly Armor","floor":13},{"not_picked":["Cleave","Flex"],"picked":"Body Slam","floor":14},{"not_picked":["Berserk","Double Tap"],"picked":"Impervious","floor":16},{"not_picked":["Shockwave","Havoc","Sever Soul"],"picked":"SKIP","floor":18},{"not_picked":["Headbutt","True Grit","Pummel"],"picked":"SKIP","floor":19},{"not_picked":["Second Wind","Rage"],"picked":"Shrug It Off+1","floor":21},{"not_picked":["Perfected Strike+1","Anger","Pummel+1"],"picked":"SKIP","floor":22},{"not_picked":["Disarm+1","Wild Strike","Anger+1"],"picked":"SKIP","floor":24},{"not_picked":["Sword Boomerang","Shrug It Off+1","Spot Weakness"],"picked":"Reaper","floor":27},{"not_picked":["Clash","Pommel Strike","Thunderclap","Sword Boomerang+1"],"picked":"SKIP","floor":30},{"not_picked":["Offering","Fiend Fire","Double Tap"],"picked":"Barricade","floor":33},{"not_picked":["Rampage","Twin Strike","Blood for Blood+1"],"picked":"Metallicize","floor":35},{"not_picked":["Havoc","Sword Boomerang","Pummel"],"picked":"Ghostly Armor+1","floor":39}],"player_experience":2039168,"relics_obtained":[{"floor":9,"key":"Sundial"},{"floor":26,"key":"Question Card"},{"floor":38,"key":"Paper Frog"}],"event_choices":[{"damage_healed":0,"gold_gain":0,"player_choice":"Entered Light","damage_taken":16,"max_hp_gain":0,"max_hp_loss":0,"event_name":"Shining Light","floor":3,"gold_loss":0,"cards_upgraded":["Shrug It Off","Berserk"]},{"cards_removed":["Warcry"],"damage_healed":0,"gold_gain":0,"player_choice":"Forget","damage_taken":0,"max_hp_gain":0,"max_hp_loss":0,"event_name":"Living Wall","floor":11,"gold_loss":0},{"damage_healed":20,"gold_gain":0,"player_choice":"Healed","damage_taken":0,"max_hp_gain":0,"max_hp_loss":0,"event_name":"The Cleric","floor":12,"gold_loss":35},{"damage_healed":0,"gold_gain":0,"player_choice":"1 cards matched","damage_taken":0,"max_hp_gain":0,"max_hp_loss":0,"event_name":"Match and Keep!","floor":20,"gold_loss":0,"cards_obtained":["Finesse"]},{"cards_removed":["Double Tap"],"damage_healed":0,"gold_gain":0,"player_choice":"Removed Skill","damage_taken":0,"max_hp_gain":0,"max_hp_loss":0,"event_name":"Falling","floor":36,"gold_loss":0}],"is_beta":false,"boss_relics":[{"not_picked":["Calling Bell","Black Star"],"picked":"Cursed Key"},{"not_picked":["Coffee Dripper","Runic Dome"],"picked":"Empty Cage"}],"items_purged_floors":[5,28,37],"is_endless":false,"potions_floor_spawned":[4,10,16,21,22,24,27],"killed_by":"Reptomancer","ascension_level":9}