{"gold_per_floor":[118,118,43,143,159,159,184,217,242,242,263,263,276,302,302,302],"floor_reached":16,"playtime":470,"items_purged":["Strike_R"],"score":145,"play_id":"4aebcf2a-562e-4464-acb8-fe4840887ffc","local_time":"20190629131757","is_ascension_mode":true,"campfire_choices":[{"data":"Bash","floor":6,"key":"SMITH"},{"floor":10,"key":"REST"},{"floor":12,"key":"REST"},{"floor":15,"key":"REST"}],"neow_cost":"NONE","seed_source_timestamp":296760007453719,"circlet_count":0,"master_deck":["Strike_R","Strike_R","Strike_R","Strike_R","Defend_R","Defend_R","Defend_R","Defend_R","Bash+1","Shrug It Off"],"relics":["Burning Blood","NeowsBlessing","Golden Idol","Bronze Scales","Omamori"],"potions_floor_usage":[16,16,16],"damage_taken":[{"damage":0,"enemies":"Jaw Worm","floor":1,"turns":1},{"damage":0,"enemies":"Cultist","floor":5,"turns":1},{"damage":0,"enemies":"Small Slimes","floor":7,"turns":1},{"damage":48,"enemies":"Gremlin Nob","floor":8,"turns":5},{"damage":15,"enemies":"Looter","floor":11,"turns":4},{"damage":32,"enemies":"Exordium Wildlife","floor":13,"turns":8},{"damage":73,"enemies":"Slime Boss","floor":16,"turns":11}],"seed_played":"4770663570721983948","potions_obtained":[{"floor":5,"key":"SpeedPotion"},{"floor":7,"key":"Swift Potion"},{"floor":13,"key":"Fire Potion"}],"is_trial":false,"path_per_floor":["M","?","$","?","M","R","M","E","T","R","M","R","M","T","R","B"],"character_chosen":"IRONCLAD","items_purchased":[],"campfire_rested":3,"item_purchase_floors":[],"current_hp_per_floor":[78,58,58,58,64,64,70,28,28,52,43,67,41,41,65,0],"gold":302,"neow_bonus":"THREE_ENEMY_KILL","is_prod":false,"is_daily":false,"chose_seed":false,"campfire_upgraded":1,"win_rate":0,"timestamp":1561832277,"path_taken":["M","?","$","?","M","R","M","E","T","R","M","R","?","?","R","BOSS"],"build_version":"2019-01-23","purchased_purges":1,"victory":false,"max_hp_per_floor":[80,80,80,80,80,80,80,80,80,80,80,80,80,80,80,80],"card_choices":[{"not_picked":["Iron Wave","Anger","Rupture"],"picked":"SKIP","floor":1},{"not_picked":["Warcry","Clothesline","Feel No Pain"],"picked":"SKIP","floor":5},{"not_picked":["Heavy Blade","Sentinel","Wild Strike"],"picked":"SKIP","floor":7},{"not_picked":["Pummel","Disarm","Spot Weakness"],"picked":"SKIP","floor":8},{"not_picked":["Clothesline","Cleave"],"picked":"Shrug It Off","floor":11},{"not_picked":["Disarm","Twin Strike","Reckless Charge"],"picked":"SKIP","floor":13}],"player_experience":2069032,"relics_obtained":[{"floor":8,"key":"Bronze Scales"},{"floor":14,"key":"Omamori"}],"event_choices":[{"damage_healed":0,"gold_gain":0,"player_choice":"Take Damage","damage_taken":20,"relics_obtained":["Golden Idol"],"max_hp_gain":0,"max_hp_loss":0,"event_name":"Golden Idol","floor":2,"gold_loss":0},{"damage_healed":0,"gold_gain":100,"player_choice":"Pray","damage_taken":0,"max_hp_gain":0,"max_hp_loss":0,"event_name":"Golden Shrine","floor":4,"gold_loss":0}],"is_beta":false,"boss_relics":[],"items_purged_floors":[3],"is_endless":false,"potions_floor_spawned":[5,7,13],"killed_by":"Slime Boss","ascension_level":9}