{"gold_per_floor":[113,113,38,113,126,126,126,137,219,63,81,81,96,114,114,219,219,236,236,254,254,268,268,288,288,314,314,328,342,352,451,451,451],"floor_reached":33,"playtime":3130,"items_purged":["Strike_B"],"score":337,"play_id":"b8b2d488-453d-47bd-bfda-93d3a60c6b88","local_time":"20190609131835","is_ascension_mode":true,"campfire_choices":[{"floor":6,"key":"REST"},{"floor":12,"key":"REST"},{"data":"Zap","floor":15,"key":"SMITH"},{"floor":23,"key":"REST"},{"data":"Sunder","floor":25,"key":"SMITH"},{"data":"Reinforced Body","floor":27,"key":"SMITH"},{"floor":32,"key":"REST"}],"neow_cost":"PERCENT_DAMAGE","seed_source_timestamp":2035215995695694,"circlet_count":0,"master_deck":["Strike_B","Strike_B","Defend_B","Defend_B","Defend_B","Defend_B","Zap+1","Sunder+1","Reinforced Body+1","Glacier","FTL","Buffer","Conserve Battery","Pain","Conserve Battery+1","Self Repair"],"relics":["Cracked Core","Symbiotic Virus","DataDisk","Busted Crown","Enchiridion","WarpedTongs","Strawberry"],"potions_floor_usage":[16,16,16,33,33,33],"damage_taken":[{"damage":2,"enemies":"Jaw Worm","floor":1,"turns":4},{"damage":0,"enemies":"Small Slimes","floor":5,"turns":3},{"damage":5,"enemies":"Cultist","floor":8,"turns":4},{"damage":0,"enemies":"Large Slime","floor":11,"turns":5},{"damage":0,"enemies":"2 Fungi Beasts","floor":13,"turns":2},{"damage":1,"enemies":"Red Slaver","floor":14,"turns":2},{"damage":23,"enemies":"Slime Boss","floor":16,"turns":6},{"damage":0,"enemies":"Chosen","floor":18,"turns":7},{"damage":6,"enemies":"3 Byrds","floor":20,"turns":4},{"damage":7,"enemies":"Cultist and Chosen","floor":22,"turns":6},{"damage":2,"enemies":"Shelled Parasite and Fungi","floor":24,"turns":6},{"damage":30,"enemies":"3 Cultists","floor":28,"turns":9},{"damage":4,"enemies":"Sentry and Sphere","floor":29,"turns":4},{"damage":5,"enemies":"Snake Plant","floor":30,"turns":5},{"damage":58,"enemies":"Champ","floor":33,"turns":15}],"seed_played":"5899593783570657259","potions_obtained":[{"floor":5,"key":"FocusPotion"},{"floor":8,"key":"SkillPotion"},{"floor":11,"key":"SkillPotion"},{"floor":16,"key":"Weak Potion"},{"floor":22,"key":"Explosive Potion"},{"floor":28,"key":"FocusPotion"}],"is_trial":false,"path_per_floor":["M","?","$","?","M","R","?","M","T","$","M","R","M","M","R","B",null,"M","?","M","?","M","R","M","R","T","R","M","M","M","?","R","B"],"character_chosen":"DEFECT","items_purchased":["DataDisk"],"campfire_rested":4,"item_purchase_floors":[10],"current_hp_per_floor":[48,48,48,37,37,59,59,54,54,54,54,75,75,74,74,51,69,69,53,47,47,40,62,60,60,67,67,37,33,28,28,52,0],"gold":451,"neow_bonus":"TRANSFORM_TWO_CARDS","is_prod":false,"is_daily":false,"chose_seed":false,"campfire_upgraded":3,"win_rate":0,"timestamp":1560104315,"path_taken":["M","?","$","?","M","R","?","M","T","$","?","R","M","M","R","BOSS","M","?","M","?","M","R","M","R","T","R","M","M","?","?","R","BOSS"],"build_version":"2019-01-23","purchased_purges":1,"victory":false,"max_hp_per_floor":[75,75,75,75,75,75,75,75,75,75,75,75,75,75,75,75,75,75,75,75,75,75,75,75,75,82,82,82,82,82,82,82,82],"card_choices":[{"not_picked":["Ball Lightning","Stack"],"picked":"Reinforced Body","floor":1},{"not_picked":["Hologram","Blizzard","Redo"],"picked":"SKIP","floor":5},{"not_picked":["Genetic Algorithm","Hello World"],"picked":"Glacier","floor":8},{"not_picked":["Stack","Genetic Algorithm","Blizzard"],"picked":"SKIP","floor":11},{"not_picked":["Rip and Tear","Consume"],"picked":"FTL","floor":13},{"not_picked":["Auto Shields","Sweeping Beam","Gash"],"picked":"SKIP","floor":14},{"not_picked":["Fission","Multi-Cast"],"picked":"Buffer","floor":16},{"not_picked":[],"picked":"Conserve Battery","floor":18},{"not_picked":["Beam Cell+1"],"picked":"SKIP","floor":20},{"not_picked":["Blizzard"],"picked":"SKIP","floor":22},{"not_picked":[],"picked":"Conserve Battery+1","floor":24},{"not_picked":["Compile Driver+1"],"picked":"SKIP","floor":28},{"not_picked":["Genetic Algorithm"],"picked":"SKIP","floor":29},{"not_picked":[],"picked":"Self Repair","floor":30}],"player_experience":2003169,"relics_obtained":[{"floor":9,"key":"Symbiotic Virus"},{"floor":19,"key":"Enchiridion"},{"floor":26,"key":"Strawberry"}],"event_choices":[{"cards_removed":["Biased Cognition"],"damage_healed":0,"gold_gain":0,"player_choice":"Forget","damage_taken":0,"max_hp_gain":0,"max_hp_loss":0,"event_name":"Living Wall","floor":2,"gold_loss":0},{"damage_healed":0,"gold_gain":75,"player_choice":"Gather Gold","damage_taken":11,"max_hp_gain":0,"max_hp_loss":0,"event_name":"World of Goop","floor":4,"gold_loss":0},{"damage_healed":0,"gold_gain":0,"player_choice":"Ignored","damage_taken":0,"max_hp_gain":0,"max_hp_loss":0,"event_name":"Liars Game","floor":7,"gold_loss":0},{"damage_healed":0,"gold_gain":0,"player_choice":"Obtained Book","damage_taken":16,"max_hp_gain":0,"max_hp_loss":0,"event_name":"Cursed Tome","floor":19,"gold_loss":0},{"damage_healed":0,"gold_gain":0,"player_choice":"Rummage","damage_taken":0,"relics_obtained":["WarpedTongs"],"max_hp_gain":0,"max_hp_loss":0,"event_name":"Accursed Blacksmith","floor":21,"gold_loss":0,"cards_obtained":["Pain"]},{"damage_healed":0,"gold_gain":99,"player_choice":"Stole From Cult","damage_taken":0,"max_hp_gain":0,"max_hp_loss":0,"event_name":"Nest","floor":31,"gold_loss":0}],"is_beta":false,"boss_relics":[{"not_picked":["Runic Pyramid","Astrolabe"],"picked":"Busted Crown"}],"items_purged_floors":[3],"is_endless":false,"potions_floor_spawned":[5,8,11,16,22,28],"killed_by":"Champ","ascension_level":8}