{"gold_per_floor":[117,194,243,256,256,266,296,296,296,87,87,87,148,169,169,270,270,270,270,270,270,270,270,270,270,270,270,270,270,270,270,270,270],"floor_reached":33,"playtime":2356,"items_purged":[],"score":243,"play_id":"8ec51bd9-97d2-4681-9869-58a36d7da2b8","local_time":"20190805212814","is_ascension_mode":false,"campfire_choices":[{"data":"Backstab","floor":8,"key":"SMITH"},{"floor":15,"key":"REST"},{"floor":23,"key":"REST"},{"floor":30,"key":"REST"},{"floor":32,"key":"REST"}],"neow_cost":"NONE","seed_source_timestamp":131855771629531,"circlet_count":0,"master_deck":["Strike_G","Strike_G","Strike_G","Strike_G","Defend_G","Defend_G","Defend_G","Defend_G","Survivor","Neutralize","Underhanded Strike","Quick Slash+1","Backstab+1","Deflect","Blade Dance","Blade Dance+1","Well Laid Plans","Backstab","Adrenaline+1","Flying Knee","Endless Agony","Deadly Poison+1","Deflect+1","Blade Dance+1","Terror+1","Footwork","Writhe","Outmaneuver+1","Deadly Poison+1","Underhanded Strike","Escape Plan+1","Blur+1"],"relics":["Ring of the Snake","Oddly Smooth Stone","Nunchaku","Matryoshka","Membership Card","Dream Catcher","Toxic Egg 2","Odd Mushroom","Ectoplasm","Red Mask","Ninja Scroll","Lantern","Darkstone Periapt"],"potions_floor_usage":[16,16,27,33,33,33],"damage_taken":[{"damage":0,"enemies":"Small Slimes","floor":1,"turns":5},{"damage":4,"enemies":"Jaw Worm","floor":4,"turns":5},{"damage":0,"enemies":"2 Louse","floor":6,"turns":2},{"damage":14,"enemies":"Gremlin Nob","floor":7,"turns":4},{"damage":12,"enemies":"3 Sentries","floor":13,"turns":9},{"damage":1,"enemies":"The Mushroom Lair","floor":14,"turns":4},{"damage":30,"enemies":"Slime Boss","floor":16,"turns":13},{"damage":0,"enemies":"Spheric Guardian","floor":18,"turns":1},{"damage":0,"enemies":"3 Byrds","floor":19,"turns":4},{"damage":32,"enemies":"Snake Plant","floor":21,"turns":5},{"damage":5,"enemies":"Masked Bandits","floor":24,"turns":3},{"damage":34,"enemies":"Cultist and Chosen","floor":27,"turns":7},{"damage":0,"enemies":"Chosen and Byrds","floor":29,"turns":4},{"damage":20,"enemies":"Snecko","floor":31,"turns":4},{"damage":61,"enemies":"Collector","floor":33,"turns":6}],"seed_played":"3862560290043890648","potions_obtained":[{"floor":1,"key":"Strength Potion"},{"floor":13,"key":"Fire Potion"},{"floor":16,"key":"SkillPotion"},{"floor":19,"key":"EssenceOfSteel"},{"floor":24,"key":"Swift Potion"},{"floor":29,"key":"GamblersBrew"}],"is_trial":false,"path_per_floor":["M","?","T","M","?","M","E","R","T","$","?","?","?","?","R","B",null,"M","M","?","M","?","R","?","?","T","M","?","M","R","M","R","B"],"character_chosen":"THE_SILENT","items_purchased":["Membership Card","Blade Dance"],"campfire_rested":4,"item_purchase_floors":[10,10],"current_hp_per_floor":[77,77,77,73,73,73,59,59,59,59,52,52,40,39,62,32,77,77,77,77,45,45,68,63,63,63,29,29,29,52,32,55,0],"gold":270,"neow_bonus":"TEN_PERCENT_HP_BONUS","is_prod":false,"is_daily":false,"chose_seed":false,"campfire_upgraded":1,"win_rate":0.0,"timestamp":1565036894,"path_taken":["M","?","?","M","?","?","E","R","T","$","?","?","?","?","R","BOSS","M","M","?","M","?","R","?","?","T","?","?","M","R","M","R","BOSS"],"build_version":"2019-07-17","purchased_purges":0,"victory":false,"max_hp_per_floor":[77,77,77,77,77,77,77,77,77,77,77,77,77,77,77,77,77,77,77,77,77,77,77,77,77,77,77,77,77,77,77,77,77],"card_choices":[{"not_picked":["Noxious Fumes","Footwork"],"picked":"Underhanded Strike","floor":1},{"not_picked":["Deflect","Dagger Throw"],"picked":"Quick Slash","floor":4},{"not_picked":["Dagger Spray","All Out Attack"],"picked":"Backstab","floor":6},{"not_picked":["Poisoned Stab","Finisher"],"picked":"Deflect","floor":7},{"not_picked":["Flying Knee","Dagger Spray"],"picked":"Blade Dance","floor":13},{"not_picked":["Acrobatics+1","Masterful Stab"],"picked":"Well Laid Plans","floor":14},{"not_picked":["Slice","Leg Sweep+1"],"picked":"Backstab","floor":15},{"not_picked":["Phantasmal Killer+1","Wraith Form v2"],"picked":"Adrenaline+1","floor":16},{"not_picked":["Caltrops","Dagger Throw"],"picked":"Flying Knee","floor":18},{"not_picked":["Acrobatics+1","Well Laid Plans"],"picked":"Endless Agony","floor":19},{"not_picked":["Well Laid Plans","Masterful Stab"],"picked":"Deadly Poison+1","floor":21},{"not_picked":["Slice","Dash"],"picked":"Terror+1","floor":23},{"not_picked":["Dodge and Roll+1","Underhanded Strike"],"picked":"Footwork","floor":24},{"not_picked":["Unload","Acrobatics+1"],"picked":"Outmaneuver+1","floor":27},{"not_picked":["Poisoned Stab","Crippling Poison+1"],"picked":"Deadly Poison+1","floor":29},{"not_picked":["All Out Attack","Reflex+1"],"picked":"Underhanded Strike","floor":30},{"not_picked":["Riddle With Holes+1","Crippling Poison+1"],"picked":"Escape Plan+1","floor":31},{"not_picked":["Quick Slash","Outmaneuver+1"],"picked":"Blur+1","floor":32}],"player_experience":8921,"relics_obtained":[{"floor":3,"key":"Oddly Smooth Stone"},{"floor":7,"key":"Nunchaku"},{"floor":9,"key":"Matryoshka"},{"floor":13,"key":"Toxic Egg 2"},{"floor":14,"key":"Odd Mushroom"},{"floor":24,"key":"Red Mask"},{"floor":26,"key":"Lantern"},{"floor":26,"key":"Darkstone Periapt"}],"event_choices":[{"damage_healed":0,"gold_gain":77,"player_choice":"Gained Gold","damage_taken":0,"max_hp_gain":0,"max_hp_loss":0,"event_name":"Golden Wing","floor":2,"gold_loss":0},{"damage_healed":0,"gold_gain":0,"player_choice":"Grow","damage_taken":0,"max_hp_gain":0,"max_hp_loss":0,"event_name":"Living Wall","floor":5,"gold_loss":0,"cards_upgraded":["Quick Slash"]},{"damage_healed":0,"gold_gain":0,"player_choice":"Success","damage_taken":7,"relics_obtained":["Dream Catcher"],"max_hp_gain":0,"max_hp_loss":0,"event_name":"Scrap Ooze","floor":11,"gold_loss":0},{"damage_healed":0,"gold_gain":0,"player_choice":"Ignored","damage_taken":0,"max_hp_gain":0,"max_hp_loss":0,"event_name":"Liars Game","floor":12,"gold_loss":0},{"damage_healed":0,"gold_gain":30,"player_choice":"Searched \u00272\u0027 times","damage_taken":0,"max_hp_gain":0,"max_hp_loss":0,"event_name":"Dead Adventurer","floor":13,"gold_loss":0},{"damage_healed":0,"gold_gain":0,"player_choice":"Fought Mushrooms","damage_taken":0,"max_hp_gain":0,"max_hp_loss":0,"event_name":"Mushrooms","floor":14,"gold_loss":0},{"damage_healed":0,"gold_gain":0,"player_choice":"Ignored","damage_taken":0,"max_hp_gain":0,"max_hp_loss":0,"event_name":"Ghosts","floor":20,"gold_loss":0},{"damage_healed":0,"gold_gain":0,"cards_transformed":["Defend_G","Strike_G"],"player_choice":"Became Test Subject","damage_taken":0,"max_hp_gain":0,"max_hp_loss":0,"event_name":"Drug Dealer","floor":22,"gold_loss":0,"cards_obtained":["Deflect","Blade Dance"]},{"damage_healed":0,"gold_gain":0,"player_choice":"Fought Bandits","damage_taken":0,"max_hp_gain":0,"max_hp_loss":0,"event_name":"Masked Bandits","floor":24,"gold_loss":0},{"damage_healed":0,"gold_gain":0,"player_choice":"Opened","damage_taken":0,"relics_obtained":["Ninja Scroll"],"max_hp_gain":0,"max_hp_loss":0,"event_name":"The Mausoleum","floor":25,"gold_loss":0,"cards_obtained":["Writhe"]},{"damage_healed":0,"gold_gain":99,"player_choice":"Stole From Cult","damage_taken":0,"max_hp_gain":0,"max_hp_loss":0,"event_name":"Nest","floor":28,"gold_loss":0}],"is_beta":false,"boss_relics":[{"not_picked":["HoveringKite","Runic Pyramid"],"picked":"Ectoplasm"}],"items_purged_floors":[],"is_endless":false,"potions_floor_spawned":[1,13,16,19,24,29],"killed_by":"Collector","ascension_level":0}