{"gold_per_floor":[117,117,136,147,112,112,140,140,140,173,189,189],"floor_reached":12,"playtime":436,"items_purged":[],"score":166,"play_id":"66c580ad-5ef3-4ecd-95c3-17b191b07a67","local_time":"20190813214954","is_ascension_mode":true,"campfire_choices":[{"data":"Zap","floor":6,"key":"SMITH"}],"neow_cost":"NONE","seed_source_timestamp":940754841019000,"circlet_count":0,"master_deck":["AscendersBane","Strike_B","Strike_B","Strike_B","Strike_B","Defend_B","Defend_B","Defend_B","Defend_B","Zap+1","Dualcast","Loop","Pain","Conserve Battery","Core Surge+1","Glacier"],"relics":["Cracked Core","WarpedTongs","Molten Egg 2","Pear","Bag of Preparation"],"potions_floor_usage":[],"damage_taken":[{"damage":8,"enemies":"2 Louse","floor":1,"turns":4},{"damage":8,"enemies":"Cultist","floor":3,"turns":4},{"damage":3,"enemies":"Small Slimes","floor":4,"turns":3},{"damage":30,"enemies":"3 Sentries","floor":7,"turns":8},{"damage":36,"enemies":"Lagavulin","floor":10,"turns":6},{"damage":17,"enemies":"Exordium Thugs","floor":11,"turns":4},{"damage":30,"enemies":"Gremlin Nob","floor":12,"turns":3}],"seed_played":"476960333633402783","potions_obtained":[{"floor":1,"key":"FairyPotion"},{"floor":7,"key":"Dexterity Potion"}],"is_trial":false,"path_per_floor":["M","?","M","M","?","R","E","?","T","E","M","E"],"character_chosen":"DEFECT","items_purchased":[],"campfire_rested":0,"item_purchase_floors":[],"current_hp_per_floor":[67,67,59,56,76,76,46,46,56,20,3,0],"gold":189,"neow_bonus":"TEN_PERCENT_HP_BONUS","is_prod":false,"is_daily":false,"chose_seed":false,"campfire_upgraded":1,"win_rate":0,"timestamp":1565750994,"path_taken":["M","?","M","?","?","R","E","?","T","E","M","E"],"build_version":"2019-07-17","purchased_purges":0,"victory":false,"max_hp_per_floor":[82,82,82,82,82,82,82,82,92,92,92,92],"card_choices":[{"not_picked":["Barrage","Hello World"],"picked":"Loop","floor":1},{"not_picked":["Barrage","Redo"],"picked":"Conserve Battery","floor":3},{"not_picked":["Hologram","Doom and Gloom","Amplify"],"picked":"SKIP","floor":4},{"not_picked":["Stack","Hologram"],"picked":"Core Surge","floor":7},{"not_picked":["Sunder+1","Blizzard+1"],"picked":"Glacier","floor":10},{"not_picked":["Skim","Redo","Blizzard+1"],"picked":"SKIP","floor":11}],"player_experience":2822443,"relics_obtained":[{"floor":7,"key":"Molten Egg 2"},{"floor":9,"key":"Pear"},{"floor":10,"key":"Bag of Preparation"}],"event_choices":[{"damage_healed":0,"gold_gain":0,"player_choice":"Rummage","damage_taken":0,"relics_obtained":["WarpedTongs"],"max_hp_gain":0,"max_hp_loss":0,"event_name":"Accursed Blacksmith","floor":2,"gold_loss":0,"cards_obtained":["Pain"]},{"damage_healed":20,"gold_gain":0,"player_choice":"Healed","damage_taken":0,"max_hp_gain":0,"max_hp_loss":0,"event_name":"The Cleric","floor":5,"gold_loss":35},{"damage_healed":0,"gold_gain":0,"player_choice":"Ignored","damage_taken":0,"max_hp_gain":0,"max_hp_loss":0,"event_name":"Liars Game","floor":8,"gold_loss":0}],"is_beta":false,"boss_relics":[],"items_purged_floors":[],"is_endless":false,"potions_floor_spawned":[1,7,10],"killed_by":"Gremlin Nob","ascension_level":12}