{"gold_per_floor":[113,128,128,142,142,142,217,237,313,343,343,343,343,30,30,133,133,147,167,177,177,177,177,177],"floor_reached":24,"playtime":1355,"items_purged":["Strike_R"],"score":310,"play_id":"162a2cf9-ceba-4707-b1af-98b910500dfe","local_time":"20190830094221","is_ascension_mode":true,"campfire_choices":[{"data":"Sever Soul","floor":6,"key":"SMITH"},{"data":"Armaments","floor":11,"key":"SMITH"},{"floor":15,"key":"REST"},{"floor":23,"key":"REST"}],"neow_cost":"NONE","seed_source_timestamp":67661083215199,"circlet_count":0,"master_deck":["AscendersBane","Defend_R","Defend_R","Defend_R+1","Defend_R","Bash+1","Shrug It Off","Sever Soul+1","Second Wind","Armaments+1","Barricade","Clothesline","Dark Embrace","Carnage+1","Cleave+1","Brutality+1","Body Slam","Immolate","Havoc","Exhume"],"relics":["Burning Blood","Kunai","Juzu Bracelet","Tiny Chest","Astrolabe"],"potions_floor_usage":[10,10,24],"damage_taken":[{"damage":5,"enemies":"2 Louse","floor":1,"turns":3},{"damage":17,"enemies":"Jaw Worm","floor":2,"turns":7},{"damage":3,"enemies":"Cultist","floor":4,"turns":4},{"damage":17,"enemies":"Gremlin Gang","floor":8,"turns":6},{"damage":34,"enemies":"Lagavulin","floor":10,"turns":5},{"damage":39,"enemies":"Hexaghost","floor":16,"turns":16},{"damage":7,"enemies":"Chosen","floor":18,"turns":5},{"damage":16,"enemies":"Shell Parasite","floor":19,"turns":6},{"damage":34,"enemies":"Snake Plant","floor":20,"turns":8},{"damage":58,"enemies":"Gremlin Leader","floor":24,"turns":5}],"seed_played":"4864954039322074575","potions_obtained":[{"floor":0,"key":"BloodPotion"},{"floor":0,"key":"SteroidPotion"},{"floor":18,"key":"LiquidBronze"}],"is_trial":false,"path_per_floor":["M","M","?","M","?","R","?","M","T","E","R","?","?","$","R","B",null,"M","M","M","?","?","R","E"],"character_chosen":"IRONCLAD","items_purchased":["Barricade","Tiny Chest","Clothesline"],"campfire_rested":2,"item_purchase_floors":[14,14,14],"current_hp_per_floor":[73,62,62,65,65,65,54,43,43,35,35,19,16,16,40,7,62,61,51,23,23,23,47,0],"gold":177,"neow_bonus":"THREE_SMALL_POTIONS","is_prod":false,"is_daily":false,"chose_seed":false,"campfire_upgraded":2,"win_rate":0,"timestamp":1567125741,"path_taken":["M","M","?","M","?","R","?","M","T","E","R","?","?","$","R","BOSS","M","M","M","?","?","R","E"],"build_version":"2019-07-17","purchased_purges":1,"victory":false,"max_hp_per_floor":[80,80,80,80,80,80,80,80,80,80,80,80,80,80,80,80,80,80,80,80,80,80,80,80],"card_choices":[{"not_picked":["Infernal Blade","Twin Strike"],"picked":"Shrug It Off","floor":1},{"not_picked":["Reckless Charge","Dual Wield"],"picked":"Sever Soul","floor":2},{"not_picked":["Body Slam","Flame Barrier"],"picked":"Anger","floor":4},{"not_picked":["Flex","Perfected Strike"],"picked":"Second Wind","floor":8},{"not_picked":["Clothesline","Shrug It Off"],"picked":"Armaments","floor":10},{"not_picked":["Brutality","Demon Form"],"picked":"Dark Embrace","floor":16},{"not_picked":["Wild Strike","Anger"],"picked":"Body Slam","floor":18},{"not_picked":["Wild Strike","Iron Wave","Cleave"],"picked":"SKIP","floor":19},{"not_picked":["Flex","Body Slam"],"picked":"Immolate","floor":20}],"player_experience":493766,"relics_obtained":[{"floor":9,"key":"Kunai"},{"floor":10,"key":"Juzu Bracelet"}],"event_choices":[{"damage_healed":0,"gold_gain":0,"player_choice":"Leave","damage_taken":0,"max_hp_gain":0,"max_hp_loss":0,"event_name":"The Cleric","floor":3,"gold_loss":0},{"damage_healed":0,"gold_gain":0,"player_choice":"Grow","damage_taken":0,"max_hp_gain":0,"max_hp_loss":0,"event_name":"Living Wall","floor":5,"gold_loss":0,"cards_upgraded":["Bash"]},{"damage_healed":0,"gold_gain":75,"player_choice":"Gather Gold","damage_taken":11,"max_hp_gain":0,"max_hp_loss":0,"event_name":"World of Goop","floor":7,"gold_loss":0},{"damage_healed":0,"gold_gain":0,"player_choice":"Entered Light","damage_taken":16,"max_hp_gain":0,"max_hp_loss":0,"event_name":"Shining Light","floor":12,"gold_loss":0,"cards_upgraded":["Strike_R","Defend_R"]},{"damage_healed":0,"gold_gain":0,"player_choice":"Fled","damage_taken":3,"max_hp_gain":0,"max_hp_loss":0,"event_name":"Scrap Ooze","floor":13,"gold_loss":0},{"damage_healed":0,"gold_gain":0,"player_choice":"Ignored","damage_taken":0,"max_hp_gain":0,"max_hp_loss":0,"event_name":"Vampires","floor":21,"gold_loss":0},{"damage_healed":0,"gold_gain":0,"cards_transformed":["Strike_R","Anger"],"player_choice":"Became Test Subject","damage_taken":0,"max_hp_gain":0,"max_hp_loss":0,"event_name":"Drug Dealer","floor":22,"gold_loss":0,"cards_obtained":["Havoc","Exhume"]}],"is_beta":false,"boss_relics":[{"not_picked":["Black Star","Runic Pyramid"],"picked":"Astrolabe"}],"items_purged_floors":[14],"is_endless":false,"potions_floor_spawned":[1,4,18],"killed_by":"Gremlin Leader","ascension_level":12}