{"gold_per_floor":[111,111,129,29,104,131,131,149,172,172,198,65,84,99,99,202,202,218,233,233,252,303,303,303,317,317,47,62,62,72,83,83,185,235,245,44,61,77,77,77,77,77,77,77,177,189,189],"floor_reached":47,"playtime":2837,"items_purged":["Strike_B","Strike_B","Pain"],"score":692,"play_id":"97ed3580-00a3-46ce-b620-b1d7ea35925d","local_time":"20190721213454","is_ascension_mode":true,"campfire_choices":[{"data":"Zap","floor":7.0,"key":"SMITH"},{"data":"Conserve Battery","floor":10.0,"key":"SMITH"},{"floor":15.0,"key":"REST"},{"floor":23.0,"key":"REST"},{"floor":32,"key":"REST"},{"floor":40,"key":"REST"},{"floor":42,"key":"REST"},{"floor":44,"key":"RECALL"}],"neow_cost":"NONE","seed_source_timestamp":0,"circlet_count":0,"master_deck":["AscendersBane","Strike_B","Strike_B","Defend_B","Defend_B","Defend_B","Defend_B","Zap+1","FTL","Self Repair","Conserve Battery+1","Core Surge","Sunder","FTL","Echo Form","Conserve Battery+1","Glacier","Cold Snap+1","Defragment","Chill+1","Madness","Madness","Loop+1"],"special_seed":0,"relics":["Cracked Core","NeowsBlessing","Strawberry","Vajra","Letter Opener","Philosopher\u0027s Stone","Juzu Bracelet","WarpedTongs","Bottled Flame","Lantern","Symbiotic Virus","Tiny House","Medical Kit","Spirit Poop","Peace Pipe"],"potions_floor_usage":[33,33,33,46,47],"damage_taken":[{"damage":0.0,"enemies":"Cultist","floor":1.0,"turns":1.0},{"damage":0.0,"enemies":"Small Slimes","floor":3.0,"turns":1.0},{"damage":0.0,"enemies":"Gremlin Nob","floor":6.0,"turns":1.0},{"damage":14.0,"enemies":"2 Louse","floor":8.0,"turns":3.0},{"damage":25.0,"enemies":"3 Sentries","floor":11.0,"turns":8.0},{"damage":8.0,"enemies":"Exordium Thugs","floor":13.0,"turns":4.0},{"damage":0.0,"enemies":"3 Louse","floor":14.0,"turns":2.0},{"damage":12.0,"enemies":"The Guardian","floor":16.0,"turns":11.0},{"damage":2.0,"enemies":"Spheric Guardian","floor":18.0,"turns":3.0},{"damage":21.0,"enemies":"Shell Parasite","floor":19.0,"turns":6.0},{"damage":36.0,"enemies":"Snake Plant","floor":21.0,"turns":5.0},{"damage":28.0,"enemies":"Snecko","floor":25.0,"turns":6.0},{"damage":11.0,"enemies":"3 Cultists","floor":28.0,"turns":5.0},{"damage":22.0,"enemies":"Snake Plant","floor":30.0,"turns":3.0},{"damage":14,"enemies":"Cultist and Chosen","floor":31,"turns":5},{"damage":44,"enemies":"Automaton","floor":33,"turns":11},{"damage":36,"enemies":"3 Darklings","floor":35,"turns":6},{"damage":4,"enemies":"Orb Walker","floor":37,"turns":4},{"damage":41,"enemies":"Maw","floor":38,"turns":9},{"damage":40,"enemies":"Mind Bloom Boss Battle","floor":45,"turns":9},{"damage":13,"enemies":"4 Shapes","floor":46,"turns":8},{"damage":33,"enemies":"Reptomancer","floor":47,"turns":2}],"seed_played":"-7065448971234466649","potions_obtained":[{"floor":3.0,"key":"FearPotion"},{"floor":6.0,"key":"Fire Potion"},{"floor":13.0,"key":"GamblersBrew"},{"floor":16.0,"key":"SpeedPotion"},{"floor":28.0,"key":"Fire Potion"},{"floor":30,"key":"Dexterity Potion"},{"floor":34,"key":"Ancient Potion"},{"floor":35,"key":"Fire Potion"},{"floor":45,"key":"FearPotion"}],"is_trial":false,"path_per_floor":["M","?","M","$","?","E","R","M","T","R","E","$","M","M","R","B",null,"M","M","?","M","T","R","?","M","T","$","M","?","M","M","R","B",null,"M","$","M","M","?","R","?","R","T","R","?","M","E"],"character_chosen":"DEFECT","items_purchased":["Conserve Battery","Sunder","Lantern","Medical Kit"],"campfire_rested":5,"item_purchase_floors":[4,12,27,36],"current_hp_per_floor":[68,68,68,68,61,68,68,61,61,61,43,43,42,49,73,68,79,82,68,68,39,39,63,63,42,42,42,38,38,26,26,50,20,72,56,56,52,31,20,46,46,72,72,72,39,33,0],"gold":189,"neow_bonus":"THREE_ENEMY_KILL","is_prod":false,"is_daily":false,"chose_seed":false,"campfire_upgraded":2,"win_rate":0,"timestamp":1563762894,"path_taken":["M","?","M","$","?","E","R","?","T","R","E","$","M","M","R","BOSS","M","M","?","M","?","R","?","M","T","$","M","?","M","M","R","BOSS","M","$","M","M","?","R","?","R","T","R","?","M","E"],"build_version":"2019-07-17","purchased_purges":3,"victory":false,"max_hp_per_floor":[75,75,75,75,75,82,82,82,82,82,82,82,82,82,82,82,82,82,82,82,82,82,82,82,82,82,82,82,82,82,82,82,82,87,87,87,87,87,87,87,87,87,87,87,87,87,87],"card_choices":[{"not_picked":["Barrage","Go for the Eyes"],"picked":"FTL","floor":1.0},{"not_picked":["Rip and Tear","Hologram"],"picked":"Self Repair","floor":3.0},{"not_picked":["Reinforced Body","Stack","Hologram"],"picked":"SKIP","floor":6.0},{"not_picked":["Redo","Stack","Barrage"],"picked":"SKIP","floor":8.0},{"not_picked":["Stack","Rebound"],"picked":"Core Surge","floor":11.0},{"not_picked":["Beam Cell","Streamline","Barrage"],"picked":"SKIP","floor":13.0},{"not_picked":["Beam Cell","Go for the Eyes","Stack"],"picked":"SKIP","floor":14.0},{"not_picked":["Stack+1","Gash","Rebound"],"picked":"SKIP","floor":18.0},{"not_picked":["Tempest","Steam+1","Chaos"],"picked":"SKIP","floor":19.0},{"not_picked":["Aggregate","Rebound"],"picked":"Echo Form","floor":21.0},{"not_picked":["Coolheaded+1","Hologram"],"picked":"Conserve Battery","floor":25.0},{"not_picked":["Stack","Cold Snap"],"picked":"Glacier","floor":28.0},{"not_picked":["Force Field+1","Streamline+1"],"picked":"Cold Snap+1","floor":30},{"not_picked":["Biased Cognition","Cold Snap"],"picked":"Defragment","floor":31},{"not_picked":["Rebound","Beam Cell+1"],"picked":"Chill+1","floor":35},{"not_picked":["Rebound","Ball Lightning+1","Streamline"],"picked":"SKIP","floor":37},{"not_picked":["Recycle","Streamline+1","Scrape"],"picked":"SKIP","floor":38},{"not_picked":["Force Field+1","Undo"],"picked":"Loop+1","floor":45},{"not_picked":["Scrape","Leap","Stack+1"],"picked":"SKIP","floor":46}],"player_experience":2397096,"relics_obtained":[{"floor":6.0,"key":"Strawberry"},{"floor":9.0,"key":"Vajra"},{"floor":11.0,"key":"Letter Opener"},{"floor":22.0,"key":"Juzu Bracelet"},{"floor":26.0,"key":"Bottled Flame"},{"floor":45,"key":"Peace Pipe"}],"event_choices":[{"cards_removed":["Dualcast"],"damage_healed":0.0,"max_hp_gain":0.0,"max_hp_loss":0.0,"gold_gain":0.0,"event_name":"Living Wall","player_choice":"Forget","floor":2.0,"gold_loss":0.0,"damage_taken":0.0},{"damage_healed":0.0,"max_hp_gain":0.0,"max_hp_loss":0.0,"gold_gain":75.0,"event_name":"FaceTrader","player_choice":"Touch","floor":5.0,"gold_loss":0.0,"damage_taken":7.0},{"damage_healed":0.0,"max_hp_gain":0.0,"max_hp_loss":0.0,"gold_gain":0.0,"event_name":"The Library","player_choice":"Read","floor":20.0,"gold_loss":0.0,"damage_taken":0.0,"cards_obtained":["FTL"]},{"damage_healed":0.0,"max_hp_gain":0.0,"max_hp_loss":0.0,"gold_gain":0.0,"event_name":"Accursed Blacksmith","player_choice":"Rummage","floor":24.0,"gold_loss":0.0,"damage_taken":0.0,"relics_obtained":["WarpedTongs"],"cards_obtained":["Pain"]},{"damage_healed":0.0,"max_hp_gain":0.0,"max_hp_loss":0.0,"gold_gain":0.0,"event_name":"The Mausoleum","player_choice":"Opened","floor":29.0,"gold_loss":0.0,"damage_taken":0.0,"relics_obtained":["Symbiotic Virus"],"cards_obtained":["Writhe"]},{"damage_healed":0,"gold_gain":0,"player_choice":"Embrace Madness","damage_taken":11,"max_hp_gain":0,"max_hp_loss":0,"event_name":"Winding Halls","floor":39,"gold_loss":0,"cards_obtained":["Madness","Madness"]},{"cards_removed":["Writhe"],"damage_healed":0,"gold_gain":0,"player_choice":"Offered Curse","damage_taken":0,"relics_obtained":["Spirit Poop"],"max_hp_gain":0,"max_hp_loss":0,"event_name":"Bonfire Elementals","floor":41,"gold_loss":0},{"damage_healed":0,"gold_gain":0,"player_choice":"Fight","damage_taken":0,"max_hp_gain":0,"max_hp_loss":0,"event_name":"MindBloom","floor":45,"gold_loss":0}],"is_beta":false,"boss_relics":[{"not_picked":["Orrery","Snecko Eye"],"picked":"Philosopher\u0027s Stone"},{"not_picked":["Eternal Feather","Calling Bell"],"picked":"Tiny House"}],"items_purged_floors":[4,12,27],"is_endless":false,"potions_floor_spawned":[3,6,13,16,28,30,31,35,45],"killed_by":"Reptomancer","ascension_level":10}