{"gold_per_floor":[362,148,223,239,239,271,271,303,328,328,99,115,130,130,130,235,235,245,245,262,273,273],"floor_reached":22,"playtime":1093,"items_purged":["Regret","Dualcast"],"score":262,"play_id":"0ddf3d8e-c922-43ce-ae4f-3b3817e34994","local_time":"20190310212003","is_ascension_mode":true,"campfire_choices":[{"floor":7.0,"key":"REST"},{"floor":10.0,"key":"REST"},{"floor":15.0,"key":"REST"}],"neow_cost":"CURSE","seed_source_timestamp":0,"circlet_count":0,"master_deck":["Strike_B","Strike_B","Strike_B","Strike_B","Defend_B","Defend_B","Defend_B","Defend_B","Zap","Reinforced Body","Core Surge","Defragment","Glacier","Cold Snap","Zap","Creative AI","BootSequence","Writhe","Glacier+1"],"special_seed":0,"relics":["Cracked Core","Lantern","Bag of Marbles","Pen Nib","Sozu","Matryoshka"],"potions_floor_usage":[],"damage_taken":[{"damage":3.0,"enemies":"Cultist","floor":1.0,"turns":4.0},{"damage":0.0,"enemies":"2 Louse","floor":4.0,"turns":3.0},{"damage":30.0,"enemies":"Lagavulin","floor":6.0,"turns":7.0},{"damage":38.0,"enemies":"Gremlin Nob","floor":8.0,"turns":5.0},{"damage":0.0,"enemies":"Small Slimes","floor":12.0,"turns":3.0},{"damage":0.0,"enemies":"Red Slaver","floor":13.0,"turns":3.0},{"damage":43.0,"enemies":"Hexaghost","floor":16.0,"turns":15.0},{"damage":7.0,"enemies":"Chosen","floor":18.0,"turns":5.0},{"damage":22.0,"enemies":"Shell Parasite","floor":20.0,"turns":5.0},{"damage":23,"enemies":"Snake Plant","floor":21,"turns":6}],"seed_played":"-1763134663060462914","potions_obtained":[{"floor":4.0,"key":"Swift Potion"},{"floor":5.0,"key":"Strength Potion"},{"floor":5.0,"key":"EssenceOfSteel"},{"floor":13.0,"key":"EssenceOfSteel"},{"floor":16.0,"key":"SneckoOil"}],"is_trial":false,"path_per_floor":["M","$","?","M","?","E","R","E","T","R","$","M","M","?","R","B",null,"M","?","M","M","?"],"character_chosen":"DEFECT","items_purchased":["Reinforced Body","Core Surge","Glacier","Cold Snap"],"campfire_rested":3,"item_purchase_floors":[2,2,11,11],"current_hp_per_floor":[65,65,54,54,54,24,46,8,8,30,30,30,30,30,52,9,59,52,52,30,7,0],"gold":273,"neow_bonus":"TWO_FIFTY_GOLD","is_prod":false,"is_daily":false,"chose_seed":false,"campfire_upgraded":0,"win_rate":0,"timestamp":1552270803,"path_taken":["M","$","?","M","?","E","R","E","T","R","$","M","?","?","R","BOSS","M","?","M","M","?"],"build_version":"2019-01-23","purchased_purges":2,"victory":false,"max_hp_per_floor":[75,75,75,75,75,75,75,75,75,75,75,75,75,75,75,75,75,75,75,75,75,75],"card_choices":[{"not_picked":["Compile Driver","Conserve Battery","Scrape"],"picked":"SKIP","floor":1.0},{"not_picked":["Reprogram","Compile Driver","Gash"],"picked":"SKIP","floor":4.0},{"not_picked":["Compile Driver","Barrage","Rebound"],"picked":"SKIP","floor":6.0},{"not_picked":["Go for the Eyes","Scrape"],"picked":"Defragment","floor":8.0},{"not_picked":["Storm","Coolheaded","Recycle"],"picked":"SKIP","floor":12.0},{"not_picked":["Chaos","Leap","Conserve Battery"],"picked":"SKIP","floor":13.0},{"not_picked":["Multi-Cast","Thunder Strike"],"picked":"Creative AI","floor":16.0},{"not_picked":["Hologram","Cold Snap"],"picked":"BootSequence","floor":18.0},{"not_picked":["Cold Snap","Reprogram"],"picked":"Glacier+1","floor":20.0},{"not_picked":["Turbo","Hologram","Barrage"],"picked":"SKIP","floor":21}],"player_experience":1636598,"relics_obtained":[{"floor":6.0,"key":"Lantern"},{"floor":8.0,"key":"Bag of Marbles"},{"floor":9.0,"key":"Pen Nib"}],"event_choices":[{"damage_healed":0.0,"max_hp_gain":0.0,"max_hp_loss":0.0,"gold_gain":75.0,"event_name":"World of Goop","player_choice":"Gather Gold","floor":3.0,"gold_loss":0.0,"damage_taken":11.0},{"damage_healed":0.0,"max_hp_gain":0.0,"max_hp_loss":0.0,"gold_gain":0.0,"event_name":"Lab","player_choice":"Got Potions","floor":5.0,"gold_loss":0.0,"damage_taken":0.0},{"damage_healed":0.0,"max_hp_gain":0.0,"max_hp_loss":0.0,"gold_gain":0.0,"event_name":"Match and Keep!","player_choice":"1 cards matched","floor":14.0,"gold_loss":0.0,"damage_taken":0.0,"cards_obtained":["Zap"]},{"damage_healed":0.0,"max_hp_gain":0.0,"max_hp_loss":0.0,"gold_gain":0.0,"event_name":"The Mausoleum","player_choice":"Opened","floor":19.0,"gold_loss":0.0,"damage_taken":0.0,"relics_obtained":["Matryoshka"],"cards_obtained":["Writhe"]}],"is_beta":false,"boss_relics":[{"not_picked":["Orrery","Coffee Dripper"],"picked":"Sozu"}],"items_purged_floors":[2,11],"is_endless":false,"potions_floor_spawned":[4,12,13,16,18,20],"ascension_level":7}