{"gold_per_floor":[109,109,34,34,50,50,64,94,94,127,127,27,37,37,37,136,136,152,27,27,44,44,79,79,79,79,112,127,143,143,160,160,259,259,276,291,291,311,161,161,194,194],"floor_reached":42,"playtime":3098,"items_purged":["Strike_R","Strike_R","Defend_R","Parasite"],"score":526,"play_id":"be55ab22-609f-4ca1-a6da-93d8b17590f8","local_time":"20181107210100","is_ascension_mode":true,"campfire_choices":[{"data":"Blood for Blood","floor":6,"key":"SMITH"},{"floor":11,"key":"REST"},{"floor":15,"key":"REST"},{"data":"Flame Barrier","floor":24,"key":"SMITH"},{"data":"Reaper","floor":32,"key":"SMITH"},{"data":"Shockwave","floor":40,"key":"SMITH"}],"neow_cost":"NONE","seed_source_timestamp":2494507214672948,"circlet_count":0,"master_deck":["Defend_R","Defend_R","Blood for Blood+1","Flame Barrier+1","Reaper+1","Heavy Blade","Barricade","Shockwave+1","Heavy Blade","Entrench","Heavy Blade","Fiend Fire","Hemokinesis","Shockwave+1"],"relics":["Snecko Eye","Gremlin Horn","Ornamental Fan","Sundial","Empty Cage","MutagenicStrength","Blood Vial","FossilizedHelix","Bottled Flame","Orrery","Darkstone Periapt"],"potions_floor_usage":[33,33,33],"damage_taken":[{"damage":6,"enemies":"Jaw Worm","floor":1,"turns":2},{"damage":3,"enemies":"Cultist","floor":4,"turns":5},{"damage":1,"enemies":"2 Louse","floor":5,"turns":4},{"damage":13,"enemies":"Large Slime","floor":7,"turns":6},{"damage":6,"enemies":"Gremlin Nob","floor":8,"turns":3},{"damage":25,"enemies":"Lagavulin","floor":10,"turns":7},{"damage":6,"enemies":"Looter","floor":13,"turns":2},{"damage":32,"enemies":"Slime Boss","floor":16,"turns":12},{"damage":0,"enemies":"Spheric Guardian","floor":18,"turns":4},{"damage":0,"enemies":"Chosen","floor":21,"turns":6},{"damage":0,"enemies":"Book of Stabbing","floor":23,"turns":5},{"damage":6,"enemies":"Slavers","floor":27,"turns":5},{"damage":0,"enemies":"Snake Plant","floor":28,"turns":3},{"damage":12,"enemies":"Centurion and Healer","floor":29,"turns":5},{"damage":0,"enemies":"Cultist and Chosen","floor":31,"turns":6},{"damage":52,"enemies":"Automaton","floor":33,"turns":8},{"damage":27,"enemies":"3 Shapes","floor":35,"turns":3},{"damage":0,"enemies":"Orb Walker","floor":36,"turns":2},{"damage":0,"enemies":"Writhing Mass","floor":38,"turns":3},{"damage":46,"enemies":"Nemesis","floor":41,"turns":5},{"damage":40,"enemies":"Sphere and 2 Shapes","floor":42,"turns":5}],"seed_played":"-3249504409720522551","potions_obtained":[{"floor":1,"key":"SpeedPotion"},{"floor":7,"key":"SpeedPotion"},{"floor":10,"key":"Poison Potion"},{"floor":13,"key":"Regen Potion"},{"floor":23,"key":"PowerPotion"},{"floor":36,"key":"PowerPotion"},{"floor":41,"key":"Fire Potion"}],"is_trial":false,"path_per_floor":["M","?","$","M","M","R","M","E","T","E","R","$","M","?","R","B",null,"M","$","?","M","?","E","R","$","T","E","M","M","?","M","R","B",null,"M","M","?","M","$","R","E","M"],"character_chosen":"IRONCLAD","items_purchased":[],"campfire_rested":2,"item_purchase_floors":[],"current_hp_per_floor":[74,74,74,71,70,70,57,51,51,26,50,50,48,41,65,37,80,80,80,65,69,69,76,76,76,76,79,85,79,79,85,85,48,85,58,60,60,71,71,71,36,0],"gold":194,"neow_bonus":"BOSS_RELIC","is_prod":false,"is_daily":false,"chose_seed":false,"campfire_upgraded":4,"win_rate":0,"timestamp":1541646060,"path_taken":["M","?","?","M","?","R","M","E","T","E","R","$","?","?","R","BOSS","M","$","?","M","?","E","R","?","T","E","M","?","?","M","R","BOSS","M","?","?","?","$","R","E","M"],"build_version":"2018-11-01","purchased_purges":4,"victory":false,"max_hp_per_floor":[80,80,80,80,80,80,80,80,80,80,80,80,80,80,80,80,80,80,80,85,85,85,85,85,85,85,85,85,85,85,85,85,85,85,85,85,85,85,82,82,82,82],"card_choices":[{"not_picked":["Evolve","Havoc","Sword Boomerang"],"picked":"SKIP","floor":1},{"not_picked":["Thunderclap","Battle Trance","Dropkick"],"picked":"SKIP","floor":4},{"not_picked":["Intimidate","Whirlwind"],"picked":"Blood for Blood","floor":5},{"not_picked":["Cleave","Anger","Second Wind"],"picked":"SKIP","floor":7},{"not_picked":["Havoc","Dual Wield"],"picked":"Flame Barrier","floor":8},{"not_picked":["Intimidate","Dual Wield"],"picked":"Reaper","floor":10},{"not_picked":["Twin Strike","Thunderclap"],"picked":"Heavy Blade","floor":13},{"not_picked":["Offering","Berserk"],"picked":"Barricade","floor":16},{"not_picked":["Disarm","Perfected Strike+1","Wild Strike"],"picked":"SKIP","floor":18},{"not_picked":["Seeing Red","Wild Strike","Corruption"],"picked":"SKIP","floor":21},{"not_picked":["Hemokinesis","Warcry"],"picked":"Shockwave+1","floor":23},{"not_picked":["Disarm","Sever Soul"],"picked":"Heavy Blade","floor":27},{"not_picked":["Iron Wave","Metallicize"],"picked":"Entrench","floor":28},{"not_picked":["Anger","Shrug It Off"],"picked":"Heavy Blade","floor":29},{"not_picked":["Warcry","Havoc+1","Sentinel"],"picked":"SKIP","floor":31},{"not_picked":["Perfected Strike+1","Twin Strike","Havoc"],"picked":"SKIP","floor":35},{"not_picked":["Twin Strike+1","Hemokinesis","Anger"],"picked":"SKIP","floor":36},{"not_picked":["Sword Boomerang+1","Fire Breathing+1"],"picked":"Shockwave","floor":38},{"not_picked":["Infernal Blade","Evolve+1","Iron Wave+1"],"picked":"SKIP","floor":41}],"player_experience":30637,"relics_obtained":[{"floor":8,"key":"Gremlin Horn"},{"floor":9,"key":"Ornamental Fan"},{"floor":10,"key":"Sundial"},{"floor":23,"key":"Blood Vial"},{"floor":26,"key":"FossilizedHelix"},{"floor":27,"key":"Bottled Flame"},{"floor":41,"key":"Darkstone Periapt"}],"event_choices":[{"cards_removed":["Bash"],"damage_healed":0,"gold_gain":0,"player_choice":"Offered Basic","damage_taken":0,"max_hp_gain":0,"max_hp_loss":0,"event_name":"Bonfire Elementals","floor":2,"gold_loss":0},{"cards_removed":["Strike_R"],"damage_healed":0,"gold_gain":0,"player_choice":"Card Removal","damage_taken":7,"max_hp_gain":0,"max_hp_loss":0,"event_name":"Golden Wing","floor":14,"gold_loss":0},{"damage_healed":0,"gold_gain":0,"player_choice":"Shed Blood","damage_taken":20,"max_hp_gain":5,"max_hp_loss":0,"event_name":"Forgotten Altar","floor":20,"gold_loss":0},{"damage_healed":0,"gold_gain":0,"player_choice":"Inject Mutagens","damage_taken":0,"relics_obtained":["MutagenicStrength"],"max_hp_gain":0,"max_hp_loss":0,"event_name":"Drug Dealer","floor":22,"gold_loss":0},{"damage_healed":0,"gold_gain":0,"player_choice":"1 cards matched","damage_taken":0,"max_hp_gain":0,"max_hp_loss":0,"event_name":"Match and Keep!","floor":30,"gold_loss":0,"cards_obtained":["Fiend Fire"]},{"damage_healed":0,"gold_gain":0,"cards_transformed":["Defend_R"],"player_choice":"Transformed","damage_taken":0,"max_hp_gain":0,"max_hp_loss":0,"event_name":"Transmorgrifier","floor":37,"gold_loss":0,"cards_obtained":["Hemokinesis"]}],"is_beta":false,"boss_relics":[{"not_picked":["Coffee Dripper","Astrolabe"],"picked":"Empty Cage"},{"not_picked":["Velvet Choker","White Beast Statue"],"picked":"Orrery"}],"items_purged_floors":[3,12,19,39],"is_endless":false,"potions_floor_spawned":[1,7,10,13,18,23,27,31,36,41],"killed_by":"Sphere and 2 Shapes","ascension_level":1}