{"gold_per_floor":[118,130,55,55,70,70,81,81,107,107,121,196,206,206,206,302,302,312,325,325,240,240,240,240],"floor_reached":24,"playtime":1396,"items_purged":["Berserk"],"score":298,"play_id":"48758e68-5fc1-4ca2-9df7-25f149c68a0a","local_time":"20190806001835","is_ascension_mode":true,"campfire_choices":[{"floor":6,"key":"REST"},{"floor":8,"key":"REST"},{"data":"Armaments","floor":10,"key":"SMITH"},{"floor":15,"key":"REST"},{"floor":23,"key":"REST"}],"neow_cost":"NONE","seed_source_timestamp":257506231228300,"circlet_count":0,"master_deck":["AscendersBane","Bash+1","Inflame","Battle Trance","Warcry","Headbutt+1","Feel No Pain","Offering","Feel No Pain","Disarm","Armaments+1","Barricade","Body Slam+1","Limit Break","Whirlwind"],"relics":["Pandora\u0027s Box","Happy Flower","Whetstone","Lizard Tail","Mercury Hourglass","Pantograph"],"potions_floor_usage":[16,16],"damage_taken":[{"damage":6,"enemies":"Cultist","floor":1,"turns":4},{"damage":13,"enemies":"2 Louse","floor":2,"turns":3},{"damage":4,"enemies":"Jaw Worm","floor":5,"turns":6},{"damage":2,"enemies":"Looter","floor":7,"turns":4},{"damage":15,"enemies":"Lots of Slimes","floor":11,"turns":6},{"damage":10,"enemies":"Large Slime","floor":13,"turns":6},{"damage":26,"enemies":"The Guardian","floor":16,"turns":6},{"damage":30,"enemies":"Spheric Guardian","floor":18,"turns":5},{"damage":26,"enemies":"Chosen","floor":19,"turns":6},{"damage":75,"enemies":"Book of Stabbing","floor":24,"turns":4}],"seed_played":"-3095750271445944754","potions_obtained":[{"floor":5,"key":"LiquidBronze"},{"floor":7,"key":"FearPotion"},{"floor":13,"key":"LiquidBronze"},{"floor":16,"key":"Dexterity Potion"}],"is_trial":false,"path_per_floor":["M","M","$","?","M","R","M","R","T","R","M","?","M","?","R","B",null,"M","M","?","?","T","R","E"],"character_chosen":"IRONCLAD","items_purchased":[],"campfire_rested":4,"item_purchase_floors":[],"current_hp_per_floor":[66,53,53,20,16,40,38,62,62,62,47,36,26,26,50,24,66,36,10,10,10,10,34,0],"gold":240,"neow_bonus":"BOSS_RELIC","is_prod":false,"is_daily":false,"chose_seed":false,"campfire_upgraded":1,"win_rate":0,"timestamp":1565068715,"path_taken":["M","M","?","?","M","R","M","R","T","R","M","?","M","?","R","BOSS","M","?","?","?","?","R","E"],"build_version":"2019-07-17","purchased_purges":1,"victory":false,"max_hp_per_floor":[80,80,80,80,80,80,80,80,80,80,80,80,80,80,80,80,80,80,80,80,80,80,80,80],"card_choices":[{"not_picked":["Headbutt","Uppercut","Infernal Blade"],"picked":"SKIP","floor":1},{"not_picked":["Shrug It Off","Heavy Blade"],"picked":"Armaments","floor":2},{"not_picked":["True Grit","Headbutt","Bloodletting"],"picked":"SKIP","floor":5},{"not_picked":["Iron Wave","Rampage"],"picked":"Barricade","floor":7},{"not_picked":["Anger","Clash","Intimidate"],"picked":"SKIP","floor":11},{"not_picked":["Clash","Metallicize"],"picked":"Body Slam","floor":13},{"not_picked":["Fiend Fire","Offering"],"picked":"Limit Break","floor":16},{"not_picked":["Searing Blow","True Grit","Dual Wield"],"picked":"SKIP","floor":18},{"not_picked":["Sword Boomerang+1","Pommel Strike"],"picked":"Whirlwind","floor":19}],"player_experience":2700142,"relics_obtained":[{"floor":9,"key":"Whetstone"},{"floor":22,"key":"Pantograph"}],"event_choices":[{"damage_healed":0,"gold_gain":0,"player_choice":"Success","damage_taken":33,"relics_obtained":["Happy Flower"],"max_hp_gain":0,"max_hp_loss":0,"event_name":"Scrap Ooze","floor":4,"gold_loss":0},{"damage_healed":0,"gold_gain":75,"player_choice":"Gather Gold","damage_taken":11,"max_hp_gain":0,"max_hp_loss":0,"event_name":"World of Goop","floor":12,"gold_loss":0},{"damage_healed":0,"gold_gain":0,"player_choice":"Upgraded","damage_taken":0,"max_hp_gain":0,"max_hp_loss":0,"event_name":"Upgrade Shrine","floor":14,"gold_loss":0,"cards_upgraded":["Body Slam"]},{"damage_healed":0,"gold_gain":0,"player_choice":"Ignored","damage_taken":0,"max_hp_gain":0,"max_hp_loss":0,"event_name":"Ghosts","floor":20,"gold_loss":0},{"damage_healed":0,"gold_gain":0,"player_choice":"Obtained Relic","damage_taken":0,"relics_obtained":["Mercury Hourglass"],"max_hp_gain":0,"max_hp_loss":0,"event_name":"Addict","floor":21,"gold_loss":85}],"is_beta":false,"boss_relics":[{"not_picked":["Ectoplasm","Velvet Choker"],"picked":"Lizard Tail"}],"items_purged_floors":[3],"is_endless":false,"potions_floor_spawned":[5,7,13,16],"killed_by":"Book of Stabbing","ascension_level":12}