{"gold_per_floor":[112,123,123,137,155,189,189,215,215,251,274,274,295,319,319,440,440,460,385,400,325,240,240,240,255,326,326,170,208,208,251,251,251],"floor_reached":33,"playtime":1227,"items_purged":["Defend_R"],"score":335,"play_id":"7fce19a1-2e27-4584-8ea4-6986accc8328","local_time":"20190819141222","is_ascension_mode":true,"campfire_choices":[{"data":"Searing Blow","floor":12,"key":"SMITH"},{"floor":15,"key":"REST"},{"data":"Searing Blow+1","floor":23,"key":"SMITH"},{"data":"Searing Blow+2","floor":27,"key":"SMITH"},{"data":"Searing Blow+3","floor":32,"key":"SMITH"}],"neow_cost":"NONE","seed_source_timestamp":353980211124513,"circlet_count":0,"master_deck":["Strike_R","Strike_R","Strike_R","Strike_R","Strike_R","Defend_R","Defend_R+1","Defend_R+1","Bash","Perfected Strike","Twin Strike","Searing Blow+4","Spot Weakness","Twin Strike","Feed","Armaments+1","Pommel Strike","Perfected Strike","Headbutt"],"relics":["Burning Blood","Golden Idol","War Paint","Happy Flower","Orichalcum","Unceasing Top","Incense Burner","Mark of Pain","Dead Branch","Question Card","Vajra","FossilizedHelix","Pear","Ginger"],"potions_floor_usage":[5,10,11,16,29,29,31,31,31],"damage_taken":[{"damage":3,"enemies":"Cultist","floor":1,"turns":5},{"damage":0,"enemies":"Small Slimes","floor":2,"turns":3},{"damage":6,"enemies":"Jaw Worm","floor":4,"turns":2},{"damage":17,"enemies":"Gremlin Gang","floor":5,"turns":5},{"damage":44,"enemies":"3 Sentries","floor":6,"turns":7},{"damage":8,"enemies":"Gremlin Nob","floor":10,"turns":3},{"damage":0,"enemies":"2 Fungi Beasts","floor":11,"turns":2},{"damage":25,"enemies":"Exordium Thugs","floor":13,"turns":4},{"damage":3,"enemies":"Large Slime","floor":14,"turns":4},{"damage":10,"enemies":"Slime Boss","floor":16,"turns":7},{"damage":4,"enemies":"Spheric Guardian","floor":18,"turns":3},{"damage":10,"enemies":"3 Byrds","floor":20,"turns":5},{"damage":30,"enemies":"Shelled Parasite and Fungi","floor":25,"turns":3},{"damage":21,"enemies":"Slavers","floor":29,"turns":3},{"damage":20,"enemies":"Book of Stabbing","floor":31,"turns":3},{"damage":83,"enemies":"Collector","floor":33,"turns":7}],"seed_played":"4156495986678587582","potions_obtained":[{"floor":1,"key":"EssenceOfSteel"},{"floor":2,"key":"Poison Potion"},{"floor":10,"key":"Fire Potion"},{"floor":13,"key":"Fire Potion"},{"floor":16,"key":"Poison Potion"},{"floor":20,"key":"EntropicBrew"},{"floor":25,"key":"EssenceOfSteel"}],"is_trial":false,"path_per_floor":["M","M","?","M","M","E","?","T","T","E","M","R","M","M","R","B",null,"M","?","M","$","?","R","?","M","T","R","$","E","?","E","R","B"],"character_chosen":"IRONCLAD","items_purchased":["Vajra"],"campfire_rested":1,"item_purchase_floors":[28],"current_hp_per_floor":[88,88,88,88,77,39,36,36,36,34,40,40,21,24,50,46,88,88,88,87,87,87,87,87,66,66,66,66,54,64,76,76,0],"gold":251,"neow_bonus":"TEN_PERCENT_HP_BONUS","is_prod":false,"is_daily":false,"chose_seed":false,"campfire_upgraded":4,"win_rate":0,"timestamp":1566238342,"path_taken":["M","?","?","M","M","E","?","?","T","E","?","R","M","M","R","BOSS","M","?","M","$","?","R","?","M","T","R","$","E","?","E","R","BOSS"],"build_version":"2019-07-17","purchased_purges":1,"victory":false,"max_hp_per_floor":[88,88,88,88,88,88,88,88,88,88,88,88,88,88,88,88,88,88,88,91,91,91,91,91,94,94,94,94,97,107,107,107,107],"card_choices":[{"not_picked":["Dual Wield","Clothesline","Body Slam"],"picked":"SKIP","floor":1},{"not_picked":["Heavy Blade","Warcry"],"picked":"Perfected Strike","floor":2},{"not_picked":["Dropkick","Warcry","Whirlwind"],"picked":"SKIP","floor":4},{"not_picked":["Iron Wave","Wild Strike"],"picked":"Twin Strike","floor":5},{"not_picked":["Exhume","Reckless Charge","Power Through"],"picked":"SKIP","floor":6},{"not_picked":["Anger","True Grit"],"picked":"Searing Blow","floor":10},{"not_picked":["Battle Trance","Intimidate"],"picked":"Spot Weakness","floor":11},{"not_picked":["Body Slam","True Grit","Fire Breathing"],"picked":"SKIP","floor":13},{"not_picked":["Entrench","Anger"],"picked":"Twin Strike","floor":14},{"not_picked":["Offering","Juggernaut"],"picked":"Feed","floor":16},{"not_picked":["Disarm+1","Warcry"],"picked":"Armaments+1","floor":18},{"not_picked":["Thunderclap+1","Bloodletting"],"picked":"Pommel Strike","floor":20},{"not_picked":["Flame Barrier","Cleave"],"picked":"Perfected Strike","floor":25},{"not_picked":["Infernal Blade","Thunderclap","Clash","Dropkick"],"picked":"SKIP","floor":29},{"not_picked":["Rupture","Offering","Cleave"],"picked":"Headbutt","floor":31}],"player_experience":135286,"relics_obtained":[{"floor":6,"key":"War Paint"},{"floor":8,"key":"Orichalcum"},{"floor":9,"key":"Unceasing Top"},{"floor":10,"key":"Incense Burner"},{"floor":26,"key":"Question Card"},{"floor":29,"key":"FossilizedHelix"},{"floor":31,"key":"Ginger"}],"event_choices":[{"damage_healed":0,"gold_gain":0,"player_choice":"Take Wound","damage_taken":0,"relics_obtained":["Golden Idol"],"max_hp_gain":0,"max_hp_loss":0,"event_name":"Golden Idol","floor":3,"gold_loss":0,"cards_obtained":["Injury"]},{"damage_healed":0,"gold_gain":0,"player_choice":"Success","damage_taken":3,"relics_obtained":["Happy Flower"],"max_hp_gain":0,"max_hp_loss":0,"event_name":"Scrap Ooze","floor":7,"gold_loss":0},{"cards_removed":["Injury"],"damage_healed":0,"gold_gain":0,"player_choice":"Gave Gold","damage_taken":0,"max_hp_gain":0,"max_hp_loss":0,"event_name":"Beggar","floor":19,"gold_loss":75},{"damage_healed":0,"gold_gain":0,"player_choice":"Obtained Relic","damage_taken":0,"relics_obtained":["Dead Branch"],"max_hp_gain":0,"max_hp_loss":0,"event_name":"Addict","floor":22,"gold_loss":85},{"damage_healed":0,"gold_gain":0,"player_choice":"Ignored","damage_taken":0,"max_hp_gain":0,"max_hp_loss":0,"event_name":"Ghosts","floor":24,"gold_loss":0},{"damage_healed":0,"gold_gain":0,"player_choice":"Opened","damage_taken":0,"relics_obtained":["Pear"],"max_hp_gain":0,"max_hp_loss":0,"event_name":"The Mausoleum","floor":30,"gold_loss":0}],"is_beta":false,"boss_relics":[{"not_picked":["Sozu","Tiny House"],"picked":"Mark of Pain"}],"items_purged_floors":[21],"is_endless":false,"potions_floor_spawned":[1,2,10,13,16,20,25],"killed_by":"Collector","ascension_level":1}