{"gold_per_floor":[112,112,135,135,135,135,85,123,123,123,139,139,154,170,170,296,296,320,46,46,64,79,79,79,110,110,110,123,138,158,173,173,299,299,324,78,178,203,221,221,257,257,337,337,380,380,393,418,418,418,418,418,18,61,61],"floor_reached":56,"playtime":6470,"items_purged":["Defend_B","Defend_B","Parasite"],"score":1623,"play_id":"e7bf8016-34f3-4e60-8f87-9c3f600328ac","local_time":"20190613192258","is_ascension_mode":true,"campfire_choices":[{"floor":6,"key":"REST"},{"data":"Zap","floor":10,"key":"SMITH"},{"data":"Defragment","floor":15,"key":"SMITH"},{"floor":23,"key":"REST"},{"floor":32,"key":"REST"},{"data":"Defragment","floor":40,"key":"SMITH"},{"data":"Core Surge","floor":42,"key":"SMITH"},{"data":"Seek","floor":44,"key":"SMITH"},{"data":"Cold Snap","floor":46,"key":"SMITH"},{"floor":49,"key":"RECALL"},{"floor":52,"key":"REST"}],"neow_cost":"NONE","seed_source_timestamp":0,"circlet_count":0,"master_deck":["Defend_B+1","Zap+1","Cold Snap+1","Reinforced Body+1","Defragment+1","Core Surge+1","Loop+1","Defragment+1","Rip and Tear+1","Chill+1","Defragment+1","Chill","Cold Snap","Seek+1","Consume+1","Loop+1","Conserve Battery+1","Blizzard"],"special_seed":0,"relics":["Cracked Core","NeowsBlessing","Golden Idol","Art of War","Cables","Astrolabe","Runic Capacitor","War Paint","Pear","Busted Crown","Calipers","Bottled Tornado","TheAbacus","Pen Nib"],"potions_floor_usage":[12,16,33,33,33,50,50,50,55],"damage_taken":[{"damage":0.0,"enemies":"Jaw Worm","floor":1.0,"turns":1.0},{"damage":0.0,"enemies":"Small Slimes","floor":3.0,"turns":1.0},{"damage":0,"enemies":"Lagavulin","floor":8,"turns":2},{"damage":0,"enemies":"Cultist","floor":11,"turns":3},{"damage":1,"enemies":"Lots of Slimes","floor":12,"turns":2},{"damage":0,"enemies":"Blue Slaver","floor":13,"turns":3},{"damage":4,"enemies":"3 Louse","floor":14,"turns":4},{"damage":46,"enemies":"Hexaghost","floor":16,"turns":11},{"damage":0,"enemies":"Chosen","floor":18,"turns":5},{"damage":29,"enemies":"2 Thieves","floor":21,"turns":3},{"damage":6,"enemies":"Centurion and Healer","floor":22,"turns":5},{"damage":6,"enemies":"Book of Stabbing","floor":25,"turns":5},{"damage":0,"enemies":"3 Cultists","floor":28,"turns":5},{"damage":0,"enemies":"Snecko","floor":29,"turns":4},{"damage":0,"enemies":"Centurion and Healer","floor":30,"turns":6},{"damage":2,"enemies":"Shelled Parasite and Fungi","floor":31,"turns":5},{"damage":2,"enemies":"Collector","floor":33,"turns":11},{"damage":6,"enemies":"Orb Walker","floor":35,"turns":3},{"damage":9,"enemies":"3 Shapes","floor":38,"turns":4},{"damage":4,"enemies":"Sphere and 2 Shapes","floor":39,"turns":6},{"damage":0,"enemies":"Reptomancer","floor":41,"turns":10},{"damage":0,"enemies":"Giant Head","floor":45,"turns":8},{"damage":29,"enemies":"Writhing Mass","floor":47,"turns":5},{"damage":0,"enemies":"3 Darklings","floor":48,"turns":6},{"damage":4,"enemies":"Donu and Deca","floor":50,"turns":13},{"damage":6,"enemies":"Shield and Spear","floor":54,"turns":13},{"damage":50,"enemies":"The Heart","floor":55,"turns":12}],"seed_played":"126754134727260678","potions_obtained":[{"floor":3.0,"key":"SmokeBomb"},{"floor":14,"key":"Regen Potion"},{"floor":21,"key":"SkillPotion"},{"floor":29,"key":"Weak Potion"},{"floor":30,"key":"AttackPotion"},{"floor":33,"key":"FearPotion"},{"floor":47,"key":"Block Potion"},{"floor":48,"key":"Fire Potion"},{"floor":54,"key":"Swift Potion"}],"is_trial":false,"path_per_floor":["M","?","M","?","?","R","?","E","T","R","M","M","M","M","R","B",null,"M","$","?","M","M","R","$","E","T","?","M","M","M","M","R","B",null,"M","$","?","M","M","R","E","R","T","R","E","R","M","M","R","B",null,"R","$","E","B",null],"character_chosen":"DEFECT","items_purchased":["Runic Capacitor","Seek","Blizzard","TheAbacus"],"campfire_rested":4,"item_purchase_floors":[19,36,53,53],"current_hp_per_floor":[68,50,50,50,55,79,79,79,79,79,79,78,78,74,74,43,71,71,71,71,42,36,60,60,54,64,64,64,64,64,62,89,87,89,83,83,83,74,70,70,70,70,70,70,70,70,41,41,41,37,77,90,87,81,31],"gold":61,"neow_bonus":"THREE_ENEMY_KILL","is_prod":false,"is_daily":false,"chose_seed":false,"campfire_upgraded":6,"win_rate":0,"timestamp":1560471778,"path_taken":["M","?","M","?","?","R","?","E","T","R","M","M","M","?","R","BOSS","M","$","?","?","?","R","$","E","T","?","M","M","M","M","R","BOSS","M","$","?","M","M","R","E","R","T","R","E","R","M","M","R","BOSS","R","$","E","BOSS"],"build_version":"2019-01-23","purchased_purges":3,"victory":true,"max_hp_per_floor":[75,75,75,75,80,80,80,80,80,80,80,80,80,80,80,80,80,80,80,80,80,80,80,80,80,90,90,90,90,90,90,90,90,90,90,90,90,90,90,90,90,90,90,90,90,90,90,90,90,90,90,90,87,87,87],"card_choices":[{"not_picked":["Barrage","Coolheaded","Go for the Eyes"],"picked":"SKIP","floor":1.0},{"not_picked":["Skim","Storm","Lockon"],"picked":"SKIP","floor":3.0},{"not_picked":["Force Field","Gash"],"picked":"Cold Snap","floor":8},{"not_picked":["Double Energy","Redo"],"picked":"Reinforced Body","floor":11},{"not_picked":["Heatsinks","Turbo"],"picked":"Defragment","floor":13},{"not_picked":["Go for the Eyes","Coolheaded","Stack"],"picked":"SKIP","floor":14},{"not_picked":["Biased Cognition","Amplify"],"picked":"Core Surge","floor":16},{"not_picked":["Rebound","Skim","Gash+1"],"picked":"SKIP","floor":18},{"not_picked":["Consume","Auto Shields","Tempest"],"picked":"SKIP","floor":21},{"not_picked":["Chaos","Stack"],"picked":"Chill+1","floor":22},{"not_picked":["Streamline+1","Reprogram+1","Steam"],"picked":"SKIP","floor":25},{"not_picked":["Lockon","Cold Snap"],"picked":"Defragment","floor":28},{"not_picked":["Sweeping Beam+1","Go for the Eyes+1"],"picked":"Chill","floor":29},{"not_picked":["Coolheaded+1","Reboot","Stack"],"picked":"SKIP","floor":30},{"not_picked":["Gash","Leap+1"],"picked":"Cold Snap","floor":31},{"not_picked":["Stack+1"],"picked":"SKIP","floor":35},{"not_picked":[],"picked":"Consume+1","floor":38},{"not_picked":[],"picked":"Loop+1","floor":39},{"not_picked":[],"picked":"Conserve Battery+1","floor":41},{"not_picked":["Rebound+1"],"picked":"SKIP","floor":45},{"not_picked":["Barrage+1"],"picked":"SKIP","floor":47},{"not_picked":["Fusion"],"picked":"SKIP","floor":48},{"not_picked":["Beam Cell"],"picked":"SKIP","floor":54}],"player_experience":2029503,"relics_obtained":[{"floor":8,"key":"Art of War"},{"floor":9,"key":"Cables"},{"floor":25,"key":"War Paint"},{"floor":26,"key":"Pear"},{"floor":41,"key":"Calipers"},{"floor":45,"key":"Bottled Tornado"},{"floor":54,"key":"Pen Nib"}],"event_choices":[{"damage_healed":0.0,"max_hp_gain":0.0,"max_hp_loss":0.0,"gold_gain":0.0,"event_name":"Golden Idol","player_choice":"Take Damage","floor":2.0,"gold_loss":0.0,"damage_taken":18.0,"relics_obtained":["Golden Idol"]},{"cards_removed":["Dualcast"],"damage_healed":0,"gold_gain":0,"player_choice":"Forget","damage_taken":0,"max_hp_gain":0,"max_hp_loss":0,"event_name":"Living Wall","floor":4,"gold_loss":0},{"damage_healed":0,"gold_gain":0,"player_choice":"Donut","damage_taken":0,"max_hp_gain":5,"max_hp_loss":0,"event_name":"Big Fish","floor":5,"gold_loss":0},{"cards_removed":["Strike_B"],"damage_healed":0,"gold_gain":0,"player_choice":"Card Removal","damage_taken":0,"max_hp_gain":0,"max_hp_loss":0,"event_name":"The Cleric","floor":7,"gold_loss":50},{"cards_removed":["Defend_B"],"damage_healed":0,"gold_gain":0,"player_choice":"Offered Basic","damage_taken":0,"max_hp_gain":0,"max_hp_loss":0,"event_name":"Bonfire Elementals","floor":20,"gold_loss":0},{"damage_healed":0,"gold_gain":0,"player_choice":"Ignored","damage_taken":0,"max_hp_gain":0,"max_hp_loss":0,"event_name":"Vampires","floor":27,"gold_loss":0},{"damage_healed":0,"gold_gain":100,"player_choice":"Pray","damage_taken":0,"max_hp_gain":0,"max_hp_loss":0,"event_name":"Golden Shrine","floor":37,"gold_loss":0}],"is_beta":false,"boss_relics":[{"not_picked":["Empty Cage","Ectoplasm"],"picked":"Astrolabe"},{"not_picked":["Philosopher\u0027s Stone","Nuclear Battery"],"picked":"Busted Crown"}],"items_purged_floors":[19,36,53],"is_endless":false,"potions_floor_spawned":[3,12,14,21,29,30,33,47,48,54],"ascension_level":8}