{"gold_per_floor":[212,212,232,251,269,269,288,288,318,332,62,62,82,82,82,82],"floor_reached":16,"playtime":739,"items_purged":["Strike_R"],"score":127,"play_id":"5cf56009-5eb7-4f08-8f68-3e45a2050bf2","local_time":"20190224100020","is_ascension_mode":true,"campfire_choices":[{"floor":6,"key":"REST"},{"data":"Seeing Red","floor":8,"key":"SMITH"},{"floor":15,"key":"REST"}],"neow_cost":"NONE","seed_source_timestamp":992346443938950,"circlet_count":0,"master_deck":["Strike_R","Strike_R","Strike_R","Defend_R","Defend_R","Defend_R","Defend_R","Bash","Dropkick","Seeing Red+1","Exhume","Exhume"],"relics":["Burning Blood","Tiny Chest","DollysMirror","Vajra"],"potions_floor_usage":[7,16,16],"damage_taken":[{"damage":10,"enemies":"Small Slimes","floor":1,"turns":4},{"damage":6,"enemies":"Cultist","floor":3,"turns":3},{"damage":9,"enemies":"Jaw Worm","floor":4,"turns":5},{"damage":28,"enemies":"Exordium Thugs","floor":5,"turns":6},{"damage":6,"enemies":"Looter","floor":7,"turns":5},{"damage":37,"enemies":"Large Slime","floor":10,"turns":10},{"damage":10,"enemies":"2 Fungi Beasts","floor":13,"turns":4},{"damage":47,"enemies":"The Guardian","floor":16,"turns":14}],"seed_played":"7186168103445020133","potions_obtained":[{"floor":3,"key":"FearPotion"},{"floor":5,"key":"PowerPotion"},{"floor":10,"key":"Weak Potion"}],"is_trial":false,"path_per_floor":["M","?","M","M","M","R","M","R","T","M","$","$","M","?","R","B"],"character_chosen":"IRONCLAD","items_purchased":["DollysMirror"],"campfire_rested":2,"item_purchase_floors":[11],"current_hp_per_floor":[68,68,68,65,43,67,67,67,67,36,36,36,32,20,44,0],"gold":82,"neow_bonus":"HUNDRED_GOLD","is_prod":false,"is_daily":false,"chose_seed":false,"campfire_upgraded":1,"win_rate":0,"timestamp":1551024020,"path_taken":["M","?","M","M","M","R","M","R","T","M","?","$","M","?","R","BOSS"],"build_version":"2019-01-23","purchased_purges":1,"victory":false,"max_hp_per_floor":[80,80,80,80,80,80,80,80,80,80,80,80,80,80,80,80],"card_choices":[{"not_picked":["Havoc","Anger","Blood for Blood"],"picked":"SKIP","floor":1},{"not_picked":["Flex","Sword Boomerang","Armaments"],"picked":"SKIP","floor":3},{"not_picked":["Carnage","Intimidate","Thunderclap"],"picked":"SKIP","floor":4},{"not_picked":["Intimidate","Rage"],"picked":"Seeing Red","floor":5},{"not_picked":["Warcry","Armaments","Clothesline"],"picked":"SKIP","floor":7},{"not_picked":["Fire Breathing","Flex"],"picked":"Exhume","floor":10},{"not_picked":["Twin Strike","Uppercut","Clash"],"picked":"SKIP","floor":13}],"player_experience":1501777,"relics_obtained":[{"floor":9,"key":"Tiny Chest"}],"event_choices":[{"damage_healed":0,"gold_gain":0,"cards_transformed":["Strike_R"],"player_choice":"Transformed","damage_taken":0,"max_hp_gain":0,"max_hp_loss":0,"event_name":"Transmorgrifier","floor":2,"gold_loss":0,"cards_obtained":["Dropkick"]},{"damage_healed":0,"gold_gain":0,"player_choice":"Success","damage_taken":12,"relics_obtained":["Vajra"],"max_hp_gain":0,"max_hp_loss":0,"event_name":"Scrap Ooze","floor":14,"gold_loss":0}],"is_beta":false,"boss_relics":[],"items_purged_floors":[11],"is_endless":false,"potions_floor_spawned":[3,5,10],"killed_by":"The Guardian","ascension_level":7}