{"gold_per_floor":[118,118,43,63,63,63,124,124,124,144,144,154,168,118,118,223,223],"floor_reached":17,"playtime":561,"items_purged":["Dualcast"],"score":252,"play_id":"7e3952cf-ff73-4302-8982-a892effc02f6","local_time":"20190404205618","is_ascension_mode":true,"campfire_choices":[{"data":"Zap","floor":6,"key":"SMITH"},{"data":"Cold Snap","floor":8,"key":"SMITH"},{"data":"Defend_B","floor":11,"key":"SMITH"},{"floor":15,"key":"REST"}],"neow_cost":"NONE","seed_source_timestamp":1652420012269017,"circlet_count":0,"master_deck":["Strike_B","Strike_B","Strike_B","Defend_B","Defend_B+1","Zap+1","Meteor Strike","Cold Snap+1","Meteor Strike","Cold Snap+1","Leap+1","Glacier+1"],"relics":["Cracked Core","NeowsBlessing","Tiny Chest","Astrolabe"],"potions_floor_usage":[16],"damage_taken":[{"damage":0,"enemies":"2 Louse","floor":1,"turns":1},{"damage":0,"enemies":"Cultist","floor":4,"turns":1},{"damage":0,"enemies":"3 Sentries","floor":7,"turns":1},{"damage":6,"enemies":"Small Slimes","floor":10,"turns":3},{"damage":1,"enemies":"Blue Slaver","floor":12,"turns":3},{"damage":16,"enemies":"Lots of Slimes","floor":13,"turns":5},{"damage":56,"enemies":"Slime Boss","floor":16,"turns":14}],"seed_played":"-596857724490874349","potions_obtained":[{"floor":10,"key":"Poison Potion"},{"floor":13,"key":"SmokeBomb"},{"floor":16,"key":"FearPotion"}],"is_trial":false,"path_per_floor":["M","?","$","M","?","R","E","R","T","M","R","M","M","?","R","B",null],"character_chosen":"DEFECT","items_purchased":[],"campfire_rested":1,"item_purchase_floors":[],"current_hp_per_floor":[68,73,73,73,73,73,73,73,73,67,67,66,50,50,74,18,65],"gold":223,"neow_bonus":"THREE_ENEMY_KILL","is_prod":false,"is_daily":false,"chose_seed":false,"campfire_upgraded":3,"win_rate":0,"timestamp":1554429378,"path_taken":["M","?","$","M","?","R","E","R","T","M","R","?","M","?","R","BOSS"],"build_version":"2019-01-23","purchased_purges":1,"victory":false,"max_hp_per_floor":[75,80,80,80,80,80,80,80,80,80,80,80,80,80,80,80,80],"card_choices":[{"not_picked":["Leap","Go for the Eyes","Stack"],"picked":"SKIP","floor":1},{"not_picked":["Leap","Static Discharge","Beam Cell"],"picked":"SKIP","floor":4},{"not_picked":["Gash","Compile Driver"],"picked":"Cold Snap","floor":7},{"not_picked":["Rebound","Skim","Coolheaded"],"picked":"SKIP","floor":10},{"not_picked":["Coolheaded","Force Field","Beam Cell"],"picked":"SKIP","floor":12},{"not_picked":["Aggregate","Gash"],"picked":"FTL","floor":13},{"not_picked":["All For One","Multi-Cast"],"picked":"Meteor Strike","floor":16}],"player_experience":1799247,"relics_obtained":[{"floor":7,"key":"Tiny Chest"}],"event_choices":[{"damage_healed":0,"gold_gain":0,"player_choice":"Donut","damage_taken":0,"max_hp_gain":5,"max_hp_loss":0,"event_name":"Big Fish","floor":2,"gold_loss":0},{"damage_healed":0,"gold_gain":0,"player_choice":"1 cards matched","damage_taken":0,"max_hp_gain":0,"max_hp_loss":0,"event_name":"Match and Keep!","floor":5,"gold_loss":0,"cards_obtained":["Meteor Strike"]},{"cards_removed":["Strike_B"],"damage_healed":0,"gold_gain":0,"player_choice":"Card Removal","damage_taken":0,"max_hp_gain":0,"max_hp_loss":0,"event_name":"The Cleric","floor":14,"gold_loss":50}],"is_beta":false,"boss_relics":[{"not_picked":["Empty Cage","Runic Dome"],"picked":"Astrolabe"}],"items_purged_floors":[3],"is_endless":false,"potions_floor_spawned":[10,13,16],"ascension_level":8}