{"gold_per_floor":[19,19,19,19,19,19,19,57,105,141,156,169,169],"floor_reached":13,"playtime":402,"items_purged":[],"score":123,"play_id":"76c432a5-9bbd-47c7-81e6-fffd367d24e0","local_time":"20190303125539","is_ascension_mode":true,"campfire_choices":[{"floor":6,"key":"REST"}],"neow_cost":"NO_GOLD","seed_source_timestamp":1608023099794878,"circlet_count":0,"master_deck":["Strike_B","Strike_B","Strike_B","Strike_B","Defend_B","Defend_B","Defend_B","Defend_B","Zap","Amplify","Cold Snap","Electrodynamics","White Noise","Sunder"],"relics":["Cracked Core","Golden Idol","Potion Belt","Smiling Mask","DataDisk","Lantern"],"potions_floor_usage":[],"damage_taken":[{"damage":7,"enemies":"2 Louse","floor":1,"turns":4},{"damage":31,"enemies":"Lagavulin","floor":8,"turns":8},{"damage":14,"enemies":"3 Sentries","floor":10,"turns":4},{"damage":7,"enemies":"Small Slimes","floor":11,"turns":3},{"damage":4,"enemies":"Jaw Worm","floor":12,"turns":4},{"damage":8,"enemies":"Blue Slaver","floor":13,"turns":1}],"seed_played":"3681019692031885364","potions_obtained":[{"floor":11,"key":"SpeedPotion"},{"floor":12,"key":"FocusPotion"}],"is_trial":false,"path_per_floor":["M","?","?","?","?","R","$","E","T","E","M","M","M"],"character_chosen":"DEFECT","items_purchased":[],"campfire_rested":1,"item_purchase_floors":[],"current_hp_per_floor":[61,43,36,41,38,62,62,31,31,17,10,6,0],"gold":169,"neow_bonus":"THREE_RARE_CARDS","is_prod":false,"is_daily":false,"chose_seed":false,"campfire_upgraded":0,"win_rate":0,"timestamp":1551639339,"path_taken":["M","?","?","?","?","R","$","E","T","E","?","M","M"],"build_version":"2019-01-23","purchased_purges":0,"victory":false,"max_hp_per_floor":[75,75,75,80,80,80,80,80,80,80,80,80,80],"card_choices":[{"not_picked":["Multi-Cast","Thunder Strike"],"picked":"Amplify","floor":0},{"not_picked":["Leap","Gash"],"picked":"Cold Snap","floor":1},{"not_picked":["Auto Shields","Gash"],"picked":"Electrodynamics","floor":8},{"not_picked":["Gash","Hologram","Steam Power"],"picked":"SKIP","floor":10},{"not_picked":["Lockon","Streamline"],"picked":"White Noise","floor":11},{"not_picked":["Streamline","Darkness"],"picked":"Sunder","floor":12}],"player_experience":1579471,"relics_obtained":[{"floor":8,"key":"Smiling Mask"},{"floor":9,"key":"DataDisk"},{"floor":10,"key":"Lantern"}],"event_choices":[{"damage_healed":0,"gold_gain":0,"player_choice":"Take Damage","damage_taken":18,"relics_obtained":["Golden Idol"],"max_hp_gain":0,"max_hp_loss":0,"event_name":"Golden Idol","floor":2,"gold_loss":0},{"cards_removed":["Dualcast"],"damage_healed":0,"gold_gain":0,"player_choice":"Card Removal","damage_taken":7,"max_hp_gain":0,"max_hp_loss":0,"event_name":"Golden Wing","floor":3,"gold_loss":0},{"damage_healed":0,"gold_gain":0,"player_choice":"Donut","damage_taken":0,"max_hp_gain":5,"max_hp_loss":0,"event_name":"Big Fish","floor":4,"gold_loss":0},{"damage_healed":0,"gold_gain":0,"player_choice":"Success","damage_taken":3,"relics_obtained":["Potion Belt"],"max_hp_gain":0,"max_hp_loss":0,"event_name":"Scrap Ooze","floor":5,"gold_loss":0}],"is_beta":false,"boss_relics":[],"items_purged_floors":[],"is_endless":false,"potions_floor_spawned":[11,12],"killed_by":"Blue Slaver","ascension_level":7}