{"gold_per_floor":[117,117,133,150,0,0,27,27,27,46,75,75,75,85,85,186,186,198,198,216,235,235,235,268,268,341,341,359,284,309,29,29,134,134,147,147,160,1159,1204,1204,366,366,392,423,439,52,52,68,68,68],"floor_reached":51,"playtime":3665,"items_purged":["Strike_R","Normality","Normality"],"score":1168,"play_id":"0e239229-bd0e-4507-9ed4-7432b7db1954","local_time":"20190828082022","is_ascension_mode":true,"campfire_choices":[{"data":"Bash","floor":6,"key":"SMITH"},{"data":"Whirlwind","floor":8,"key":"SMITH"},{"data":"Inflame","floor":12,"key":"SMITH"},{"data":"Flame Barrier","floor":15,"key":"SMITH"},{"data":"Double Tap","floor":23,"key":"SMITH"},{"data":"Heavy Blade","floor":27,"key":"SMITH"},{"data":"Armaments","floor":32,"key":"SMITH"},{"data":"Berserk","floor":40,"key":"SMITH"},{"data":"Spot Weakness","floor":42,"key":"SMITH"},{"data":"Uppercut","floor":47,"key":"SMITH"},{"data":"Power Through","floor":49,"key":"SMITH"}],"neow_cost":"NONE","seed_source_timestamp":412522151100,"circlet_count":0,"master_deck":["Strike_R","Strike_R","Strike_R","Defend_R","Defend_R","Defend_R","Bash+1","Clash","Flame Barrier+1","Headbutt","Whirlwind+1","Inflame+1","Feed","Flex","Sever Soul","Double Tap+1","Flex+1","Heavy Blade+1","Spot Weakness+1","Dual Wield","Armaments+1","Berserk+1","Shrug It Off","Reaper","Second Wind","Power Through+1","Corruption+1","Uppercut+1","Spot Weakness","Feel No Pain+1"],"relics":["Burning Blood","Bottled Tornado","Oddly Smooth Stone","Pocketwatch","Sozu","Potion Belt","Juzu Bracelet","Kunai","Lantern","Regal Pillow","Mark of Pain","Unceasing Top","Strawberry","Frozen Egg 2","Sling","Centennial Puzzle","Nunchaku","Pen Nib"],"potions_floor_usage":[11,50,50],"damage_taken":[{"damage":0,"enemies":"Small Slimes","floor":1,"turns":3},{"damage":0,"enemies":"Cultist","floor":3,"turns":3},{"damage":7,"enemies":"Jaw Worm","floor":4,"turns":3},{"damage":30,"enemies":"3 Sentries","floor":7,"turns":6},{"damage":0,"enemies":"Exordium Wildlife","floor":10,"turns":2},{"damage":7,"enemies":"Lagavulin","floor":11,"turns":5},{"damage":8,"enemies":"3 Louse","floor":14,"turns":2},{"damage":0,"enemies":"Slime Boss","floor":16,"turns":7},{"damage":12,"enemies":"Chosen","floor":18,"turns":3},{"damage":0,"enemies":"Spheric Guardian","floor":20,"turns":2},{"damage":6,"enemies":"Chosen and Byrds","floor":21,"turns":3},{"damage":18,"enemies":"Book of Stabbing","floor":24,"turns":3},{"damage":14,"enemies":"Centurion and Healer","floor":28,"turns":2},{"damage":0,"enemies":"Gremlin Leader","floor":30,"turns":4},{"damage":70,"enemies":"Collector","floor":33,"turns":10},{"damage":5,"enemies":"Orb Walker","floor":35,"turns":2},{"damage":32,"enemies":"3 Darklings","floor":37,"turns":5},{"damage":65,"enemies":"2 Orb Walkers","floor":39,"turns":4},{"damage":25,"enemies":"Giant Head","floor":44,"turns":5},{"damage":12,"enemies":"Spire Growth","floor":45,"turns":3},{"damage":0,"enemies":"Jaw Worm Horde","floor":48,"turns":1},{"damage":124,"enemies":"Donu and Deca","floor":50,"turns":9}],"seed_played":"-8469659962247264803","potions_obtained":[{"floor":3,"key":"SneckoOil"},{"floor":4,"key":"SteroidPotion"},{"floor":7,"key":"PowerPotion"},{"floor":11,"key":"Poison Potion"}],"is_trial":false,"path_per_floor":["M","?","M","M","$","R","E","R","T","M","E","R","$","M","R","B",null,"M","?","M","M","?","R","E","?","T","R","M","?","E","$","R","B",null,"M","?","M","?","?","R","$","R","T","E","M","$","R","M","R","B",null],"character_chosen":"IRONCLAD","items_purchased":["Whirlwind","Inflame","Armaments","Regal Pillow","Strawberry","Frozen Egg 2","Sling","Second Wind","Power Through","Pen Nib","Spot Weakness","Feel No Pain+1"],"campfire_rested":0,"item_purchase_floors":[5,5,31,31,41,41,41,41,41,46,46,46],"current_hp_per_floor":[86,86,88,87,87,87,63,63,63,69,68,68,68,69,69,75,87,81,81,87,90,90,90,78,78,78,78,73,73,79,79,79,15,77,78,78,90,90,62,62,69,69,69,107,101,101,101,107,107,62],"gold":68,"neow_bonus":"TEN_PERCENT_HP_BONUS","is_prod":false,"is_daily":false,"chose_seed":false,"campfire_upgraded":11,"win_rate":0,"timestamp":1566948022,"path_taken":["M","?","M","M","?","R","E","R","T","M","E","R","?","M","R","BOSS","M","?","M","M","?","R","E","?","T","R","M","?","E","$","R","BOSS","M","?","M","?","?","R","$","R","T","E","M","$","R","M","R","BOSS"],"build_version":"2019-07-17","purchased_purges":3,"victory":true,"max_hp_per_floor":[88,88,88,88,88,88,88,88,88,88,88,88,88,91,91,91,91,91,91,91,94,94,94,94,94,94,94,97,97,97,97,97,97,97,97,97,97,97,100,100,107,107,107,107,107,107,107,107,107,107],"card_choices":[{"not_picked":["Warcry","Perfected Strike"],"picked":"Clash","floor":1},{"not_picked":["Thunderclap","Clash"],"picked":"Flame Barrier","floor":3},{"not_picked":["Infernal Blade","Reckless Charge"],"picked":"Headbutt","floor":4},{"not_picked":["Body Slam","Thunderclap"],"picked":"Feed","floor":7},{"not_picked":["Headbutt","Iron Wave","Clash"],"picked":"SKIP","floor":10},{"not_picked":["Clash","Disarm"],"picked":"Flex","floor":11},{"not_picked":["Clash","Thunderclap"],"picked":"Sever Soul","floor":14},{"not_picked":["Dark Embrace","Berserk"],"picked":"Double Tap","floor":16},{"not_picked":["Rupture+1","Wild Strike"],"picked":"Flex+1","floor":18},{"not_picked":["Seeing Red","Warcry","Clash+1"],"picked":"SKIP","floor":20},{"not_picked":["Flex","Twin Strike","Anger"],"picked":"SKIP","floor":21},{"not_picked":["Inflame+1","Combust"],"picked":"Heavy Blade","floor":24},{"not_picked":["Body Slam","Flex","Entrench"],"picked":"SKIP","floor":28},{"not_picked":["Havoc","Seeing Red"],"picked":"Dual Wield","floor":30},{"not_picked":["Fiend Fire","Juggernaut"],"picked":"Berserk","floor":33},{"not_picked":["Flex","Feel No Pain"],"picked":"Shrug It Off","floor":35},{"not_picked":["Warcry","Armaments+1","Whirlwind"],"picked":"SKIP","floor":37},{"not_picked":["Double Tap","Clash+1"],"picked":"Corruption+1","floor":44},{"not_picked":["Metallicize+1","Headbutt"],"picked":"Uppercut","floor":45},{"not_picked":["Flex+1","Clash+1","Uppercut"],"picked":"SKIP","floor":48}],"player_experience":451196,"relics_obtained":[{"floor":7,"key":"Bottled Tornado"},{"floor":9,"key":"Oddly Smooth Stone"},{"floor":11,"key":"Pocketwatch"},{"floor":24,"key":"Juzu Bracelet"},{"floor":26,"key":"Kunai"},{"floor":30,"key":"Lantern"},{"floor":39,"key":"Unceasing Top"},{"floor":43,"key":"Centennial Puzzle"},{"floor":44,"key":"Nunchaku"}],"event_choices":[{"cards_removed":["Defend_R"],"damage_healed":0,"gold_gain":0,"player_choice":"Purged","damage_taken":0,"max_hp_gain":0,"max_hp_loss":0,"event_name":"Purifier","floor":2,"gold_loss":0},{"damage_healed":0,"gold_gain":0,"player_choice":"Ignored","damage_taken":0,"max_hp_gain":0,"max_hp_loss":0,"event_name":"Ghosts","floor":19,"gold_loss":0},{"damage_healed":0,"gold_gain":0,"player_choice":"Opened","damage_taken":0,"relics_obtained":["Potion Belt"],"max_hp_gain":0,"max_hp_loss":0,"event_name":"The Mausoleum","floor":22,"gold_loss":0,"cards_obtained":["Writhe"]},{"damage_healed":0,"gold_gain":0,"player_choice":"Read","damage_taken":0,"max_hp_gain":0,"max_hp_loss":0,"event_name":"The Library","floor":25,"gold_loss":0,"cards_obtained":["Spot Weakness"]},{"cards_removed":["Writhe"],"damage_healed":0,"gold_gain":0,"player_choice":"Gave Gold","damage_taken":0,"max_hp_gain":0,"max_hp_loss":0,"event_name":"Beggar","floor":29,"gold_loss":75},{"damage_healed":0,"gold_gain":0,"cards_transformed":["Strike_R"],"player_choice":"Transformed","damage_taken":0,"max_hp_gain":0,"max_hp_loss":0,"event_name":"Transmorgrifier","floor":36,"gold_loss":0,"cards_obtained":["Reaper"]},{"damage_healed":0,"gold_gain":999,"player_choice":"Gold","damage_taken":0,"max_hp_gain":0,"max_hp_loss":0,"event_name":"MindBloom","floor":38,"gold_loss":0,"cards_obtained":["Normality","Normality"]},{"damage_healed":0,"gold_gain":0,"player_choice":"Fight","damage_taken":0,"max_hp_gain":0,"max_hp_loss":0,"event_name":"Mysterious Sphere","floor":39,"gold_loss":0}],"is_beta":false,"boss_relics":[{"not_picked":["Orrery","Busted Crown"],"picked":"Sozu"},{"not_picked":["Black Star","Fusion Hammer"],"picked":"Mark of Pain"}],"items_purged_floors":[31,41,46],"is_endless":false,"potions_floor_spawned":[3,4,7,11,16,20,24,37,44,48],"ascension_level":9}