{"gold_per_floor":[213,213,213,227,227,227,247,259,259,259,259,277,14,31,31,132,132,142,174,89,71,87,87],"floor_reached":23,"playtime":1635,"items_purged":["Defend_G"],"score":208,"play_id":"503911fe-1598-4554-a19e-075657348e07","local_time":"20181111195355","is_ascension_mode":false,"campfire_choices":[{"data":"Neutralize","floor":6,"key":"SMITH"},{"data":"Survivor","floor":10,"key":"SMITH"},{"floor":15,"key":"REST"}],"neow_cost":"NONE","seed_source_timestamp":2837549923568962,"circlet_count":0,"master_deck":["Defend_G","Defend_G","Defend_G","Strike_G","Strike_G","Strike_G","Strike_G","Survivor+1","Neutralize+1","Noxious Fumes","Master of Strategy","After Image","Backstab+1"],"relics":["Ring of the Snake","Molten Egg 2","Orrery","Red Mask","Pear"],"potions_floor_usage":[8,16,16,23,23,23],"damage_taken":[{"damage":0,"enemies":"Cultist","floor":1,"turns":6},{"damage":2,"enemies":"Small Slimes","floor":4,"turns":5},{"damage":0,"enemies":"2 Louse","floor":7,"turns":2},{"damage":13,"enemies":"Exordium Thugs","floor":8,"turns":6},{"damage":0,"enemies":"Blue Slaver","floor":12,"turns":5},{"damage":7,"enemies":"Large Slime","floor":14,"turns":6},{"damage":18,"enemies":"Slime Boss","floor":16,"turns":16},{"damage":0,"enemies":"Shell Parasite","floor":18,"turns":10},{"damage":50,"enemies":"Masked Bandits","floor":19,"turns":9},{"damage":7,"enemies":"2 Thieves","floor":21,"turns":4},{"damage":11,"enemies":"Shelled Parasite and Fungi","floor":22,"turns":12},{"damage":26,"enemies":"3 Cultists","floor":23,"turns":6}],"seed_played":"3484921290140523188","potions_obtained":[{"floor":5,"key":"Energy Potion"},{"floor":5,"key":"SpeedPotion"},{"floor":5,"key":"Block Potion"},{"floor":8,"key":"FearPotion"},{"floor":12,"key":"GhostInAJar"},{"floor":16,"key":"Swift Potion"},{"floor":18,"key":"AttackPotion"},{"floor":21,"key":"Poison Potion"}],"is_trial":false,"path_per_floor":["M","?","?","M","?","R","M","M","T","R","?","M","$","M","R","B",null,"M","?","?","M","M","M"],"character_chosen":"THE_SILENT","items_purchased":["Master of Strategy"],"campfire_rested":1,"item_purchase_floors":[13],"current_hp_per_floor":[70,75,75,73,73,73,73,60,60,60,53,53,53,46,68,50,75,75,25,35,28,17,0],"gold":87,"neow_bonus":"HUNDRED_GOLD","is_prod":false,"is_daily":false,"chose_seed":false,"campfire_upgraded":2,"win_rate":0.0,"timestamp":1541987635,"path_taken":["M","?","?","M","?","R","?","M","T","R","?","M","$","M","R","BOSS","M","?","?","M","M","M"],"build_version":"2018-11-08","purchased_purges":1,"victory":false,"max_hp_per_floor":[70,75,75,75,75,75,75,75,75,75,75,75,75,75,75,75,75,75,75,85,85,85,85],"card_choices":[{"not_picked":["Prepared","Flechettes","Slice"],"picked":"SKIP","floor":1},{"not_picked":["Slice","Riddle With Holes","Deadly Poison"],"picked":"SKIP","floor":4},{"not_picked":["Poisoned Stab","Crippling Poison","Blade Dance"],"picked":"SKIP","floor":7},{"not_picked":["Poisoned Stab","Riddle With Holes","Prepared"],"picked":"SKIP","floor":8},{"not_picked":["Phantasmal Killer","Flying Knee+1"],"picked":"Noxious Fumes","floor":12},{"not_picked":["Reflex","Dagger Spray+1","Quick Slash+1"],"picked":"SKIP","floor":14},{"not_picked":["Wraith Form v2","Die Die Die+1"],"picked":"After Image","floor":16},{"not_picked":["Masterful Stab+1","Dagger Throw+1"],"picked":"Backstab+1","floor":17},{"not_picked":["PiercingWail","Finisher+1","Sucker Punch+1"],"picked":"SKIP","floor":18},{"not_picked":["Backflip","All Out Attack+1","Dodge and Roll"],"picked":"SKIP","floor":21},{"not_picked":["Underhanded Strike+1","Deadly Poison+1","Bane+1"],"picked":"SKIP","floor":22}],"player_experience":147982,"relics_obtained":[{"floor":9,"key":"Molten Egg 2"},{"floor":19,"key":"Red Mask"}],"event_choices":[{"damage_healed":0,"gold_gain":0,"player_choice":"Donut","damage_taken":0,"max_hp_gain":5,"max_hp_loss":0,"event_name":"Big Fish","floor":2,"gold_loss":0},{"cards_removed":["Defend_G"],"damage_healed":0,"gold_gain":0,"player_choice":"Forget","damage_taken":0,"max_hp_gain":0,"max_hp_loss":0,"event_name":"Living Wall","floor":3,"gold_loss":0},{"damage_healed":0,"gold_gain":0,"player_choice":"Got Potions","damage_taken":0,"max_hp_gain":0,"max_hp_loss":0,"event_name":"Lab","floor":5,"gold_loss":0},{"cards_removed":["Strike_G"],"damage_healed":0,"gold_gain":0,"player_choice":"Card Removal","damage_taken":7,"max_hp_gain":0,"max_hp_loss":0,"event_name":"Golden Wing","floor":11,"gold_loss":0},{"damage_healed":0,"gold_gain":0,"player_choice":"Fought Bandits","damage_taken":0,"max_hp_gain":0,"max_hp_loss":0,"event_name":"Masked Bandits","floor":19,"gold_loss":0},{"damage_healed":0,"gold_gain":0,"player_choice":"Obtained Relic","damage_taken":0,"relics_obtained":["Pear"],"max_hp_gain":0,"max_hp_loss":0,"event_name":"Addict","floor":20,"gold_loss":85}],"is_beta":false,"boss_relics":[{"not_picked":["Philosopher\u0027s Stone","HoveringKite"],"picked":"Orrery"}],"items_purged_floors":[13],"is_endless":false,"potions_floor_spawned":[8,12,16,18,21],"killed_by":"3 Cultists","ascension_level":0}