{"gold_per_floor":[114,128,140,152,168,168,168,186,186,205,205,205,221,233,233,329,329,343,343,76,76,76,76,3,19,43,53,66,66],"floor_reached":29,"playtime":1128,"items_purged":["Strike_B"],"score":332,"play_id":"4a7c037c-1e5e-4bc3-85a1-b99454d1527d","local_time":"20190722224832","is_ascension_mode":true,"campfire_choices":[{"floor":6,"key":"REST"},{"data":"Zap","floor":12,"key":"SMITH"},{"floor":15,"key":"REST"},{"floor":23,"key":"REST"}],"neow_cost":"NONE","seed_source_timestamp":944151123603407,"circlet_count":0,"master_deck":["AscendersBane","Strike_B","Strike_B","Strike_B","Defend_B","Defend_B","Defend_B","Defend_B+1","Zap+1","FTL","Self Repair","Cold Snap","Cold Snap","Conserve Battery","FTL","Capacitor","Sunder","Cold Snap","Apotheosis","Necronomicurse","Chill","Conserve Battery+1","Streamline"],"relics":["Cracked Core","NeowsBlessing","Unceasing Top","Mercury Hourglass","Orrery","Potion Belt","Necronomicon","War Paint"],"potions_floor_usage":[5,16,16],"damage_taken":[{"damage":0,"enemies":"Cultist","floor":1,"turns":1},{"damage":0,"enemies":"2 Louse","floor":2,"turns":1},{"damage":0,"enemies":"Jaw Worm","floor":3,"turns":1},{"damage":24,"enemies":"Lots of Slimes","floor":4,"turns":4},{"damage":16,"enemies":"2 Fungi Beasts","floor":5,"turns":5},{"damage":15,"enemies":"Blue Slaver","floor":8,"turns":4},{"damage":8,"enemies":"3 Louse","floor":10,"turns":3},{"damage":6,"enemies":"Exordium Wildlife","floor":13,"turns":3},{"damage":20,"enemies":"Exordium Thugs","floor":14,"turns":4},{"damage":20,"enemies":"The Guardian","floor":16,"turns":13},{"damage":14,"enemies":"Chosen","floor":18,"turns":5},{"damage":0,"enemies":"Spheric Guardian","floor":25,"turns":1},{"damage":17,"enemies":"Shelled Parasite and Fungi","floor":27,"turns":6},{"damage":33,"enemies":"Cultist and Chosen","floor":28,"turns":5},{"damage":41,"enemies":"Centurion and Healer","floor":29,"turns":3}],"seed_played":"6563626058426054065","potions_obtained":[{"floor":1,"key":"Regen Potion"},{"floor":3,"key":"Regen Potion"},{"floor":4,"key":"SkillPotion"},{"floor":13,"key":"Strength Potion"},{"floor":18,"key":"Swift Potion"}],"is_trial":false,"path_per_floor":["M","M","M","M","M","R","?","M","T","M","?","R","M","M","R","B",null,"M","?","$","?","?","R","$","M","T","M","M","M"],"character_chosen":"DEFECT","items_purchased":["Apotheosis","Chill"],"campfire_rested":3,"item_purchase_floors":[20,24],"current_hp_per_floor":[68,68,68,44,47,69,69,61,61,60,60,60,61,48,70,57,71,64,64,64,64,48,70,70,70,70,63,37,0],"gold":66,"neow_bonus":"THREE_ENEMY_KILL","is_prod":false,"is_daily":false,"chose_seed":false,"campfire_upgraded":1,"win_rate":0,"timestamp":1563853712,"path_taken":["M","M","?","M","M","R","?","M","T","M","?","R","?","M","R","BOSS","M","?","$","?","?","R","?","M","T","?","M","M"],"build_version":"2019-07-17","purchased_purges":1,"victory":false,"max_hp_per_floor":[75,75,75,75,75,75,75,75,75,75,75,75,75,75,75,75,75,75,75,75,75,75,75,75,75,75,75,75,75],"card_choices":[{"not_picked":["Barrage","Gash"],"picked":"FTL","floor":1},{"not_picked":["Hologram","Consume","Auto Shields"],"picked":"SKIP","floor":2},{"not_picked":["Hologram","Steam Power","Leap"],"picked":"SKIP","floor":3},{"not_picked":["Melter","Aggregate"],"picked":"Self Repair","floor":4},{"not_picked":["Reboot","Conserve Battery"],"picked":"Cold Snap","floor":5},{"not_picked":["Redo","Go for the Eyes","Static Discharge"],"picked":"SKIP","floor":8},{"not_picked":["Go for the Eyes","Chaos","Hologram"],"picked":"SKIP","floor":10},{"not_picked":["Barrage","Coolheaded","Chaos"],"picked":"SKIP","floor":13},{"not_picked":["Genetic Algorithm","Steam"],"picked":"Cold Snap","floor":14},{"not_picked":["Barrage","Compile Driver"],"picked":"Conserve Battery","floor":17},{"not_picked":["Ball Lightning","Beam Cell"],"picked":"FTL","floor":17},{"not_picked":["Rebound","Redo"],"picked":"Capacitor","floor":17},{"not_picked":["Skim","Compile Driver"],"picked":"Sunder","floor":17},{"not_picked":["Double Energy+1","Barrage+1"],"picked":"Cold Snap","floor":18},{"not_picked":["Storm","Steam"],"picked":"Conserve Battery","floor":25},{"not_picked":["Static Discharge+1","Chaos+1"],"picked":"Streamline","floor":27},{"not_picked":["Sweeping Beam+1","Fission","Rebound"],"picked":"SKIP","floor":28}],"player_experience":2409501,"relics_obtained":[{"floor":9,"key":"Mercury Hourglass"},{"floor":22,"key":"Necronomicon"},{"floor":26,"key":"War Paint"}],"event_choices":[{"damage_healed":0,"gold_gain":0,"player_choice":"Searched \u00271\u0027 times","damage_taken":0,"relics_obtained":["Unceasing Top"],"max_hp_gain":0,"max_hp_loss":0,"event_name":"Dead Adventurer","floor":7,"gold_loss":0},{"cards_removed":["Dualcast"],"damage_healed":0,"gold_gain":0,"player_choice":"Card Removal","damage_taken":0,"max_hp_gain":0,"max_hp_loss":0,"event_name":"Wheel of Change","floor":11,"gold_loss":0},{"damage_healed":0,"gold_gain":0,"player_choice":"Opened","damage_taken":0,"relics_obtained":["Potion Belt"],"max_hp_gain":0,"max_hp_loss":0,"event_name":"The Mausoleum","floor":19,"gold_loss":0},{"damage_healed":0,"gold_gain":0,"player_choice":"Ignored","damage_taken":0,"max_hp_gain":0,"max_hp_loss":0,"event_name":"Ghosts","floor":21,"gold_loss":0},{"damage_healed":0,"gold_gain":0,"player_choice":"Obtained Book","damage_taken":16,"max_hp_gain":0,"max_hp_loss":0,"event_name":"Cursed Tome","floor":22,"gold_loss":0}],"is_beta":false,"boss_relics":[{"not_picked":["Ectoplasm","FrozenCore"],"picked":"Orrery"}],"items_purged_floors":[20],"is_endless":false,"potions_floor_spawned":[1,3,4,13,18],"killed_by":"Centurion and Healer","ascension_level":10}