{"gold_per_floor":[118,128,228,57,75,75,0,11,11,22,22,22,42,59,59,158,158,173,173,173,159,179,179,199,30,82,97,115,115],"floor_reached":29,"playtime":1552,"items_purged":["Dualcast","Strike_B"],"score":298,"play_id":"21f5c2ba-439f-4937-924e-8664efa7d8ab","local_time":"20190301232030","is_ascension_mode":true,"campfire_choices":[{"data":"Apotheosis","floor":6,"key":"SMITH"},{"floor":15,"key":"REST"},{"floor":23,"key":"REST"}],"neow_cost":"NONE","seed_source_timestamp":1471563007541431,"circlet_count":0,"master_deck":["Strike_B","Strike_B","Defend_B","Defend_B","Defend_B","Defend_B","Zap","Leap","Apotheosis+1","Defragment","Streamline","Capacitor","Glacier+1","Loop+1","Defragment"],"relics":["Cracked Core","Nunchaku","White Beast Statue","Pocketwatch","Darkstone Periapt","DataDisk"],"potions_floor_usage":[16,16,16,29,29,29],"damage_taken":[{"damage":1,"enemies":"2 Louse","floor":1,"turns":3},{"damage":0,"enemies":"Cultist","floor":2,"turns":4},{"damage":4,"enemies":"Jaw Worm","floor":5,"turns":3},{"damage":6,"enemies":"Looter","floor":8,"turns":4},{"damage":26,"enemies":"Exordium Thugs","floor":10,"turns":4},{"damage":0,"enemies":"Exordium Wildlife","floor":13,"turns":6},{"damage":3,"enemies":"Looter","floor":14,"turns":3},{"damage":14,"enemies":"The Guardian","floor":16,"turns":9},{"damage":10,"enemies":"Chosen","floor":18,"turns":5},{"damage":16,"enemies":"2 Thieves","floor":21,"turns":4},{"damage":29,"enemies":"Shelled Parasite and Fungi","floor":22,"turns":6},{"damage":15,"enemies":"Snake Plant","floor":24,"turns":7},{"damage":1,"enemies":"Chosen and Byrds","floor":27,"turns":7},{"damage":3,"enemies":"Sentry and Sphere","floor":28,"turns":9},{"damage":25,"enemies":"3 Cultists","floor":29,"turns":5}],"seed_played":"-5967108734224194266","potions_obtained":[{"floor":2,"key":"LiquidBronze"},{"floor":5,"key":"EssenceOfSteel"},{"floor":8,"key":"Explosive Potion"},{"floor":18,"key":"PowerPotion"},{"floor":21,"key":"Ancient Potion"},{"floor":22,"key":"Block Potion"},{"floor":24,"key":"EssenceOfSteel"},{"floor":28,"key":"SkillPotion"}],"is_trial":false,"path_per_floor":["M","M","?","$","M","R","$","M","T","M","?","$","M","M","R","B",null,"M","?","T","M","M","R","M","$","T","M","M","M"],"character_chosen":"DEFECT","items_purchased":["Apotheosis","Defragment"],"campfire_rested":2,"item_purchase_floors":[4,25],"current_hp_per_floor":[67,67,67,67,63,63,63,57,57,31,24,24,24,21,43,29,64,54,54,54,38,9,31,16,16,16,15,12,0],"gold":115,"neow_bonus":"THREE_CARDS","is_prod":false,"is_daily":false,"chose_seed":false,"campfire_upgraded":1,"win_rate":0,"timestamp":1551504030,"path_taken":["M","M","?","$","M","R","?","?","T","M","?","?","M","M","R","BOSS","M","?","?","M","M","R","M","?","T","?","M","M"],"build_version":"2019-01-23","purchased_purges":2,"victory":false,"max_hp_per_floor":[75,75,75,75,75,75,75,75,75,75,75,75,75,75,75,75,75,75,75,75,75,75,75,75,75,75,75,75,75],"card_choices":[{"not_picked":["Rip and Tear","Compile Driver"],"picked":"Leap","floor":0},{"not_picked":["Barrage","Steam","Redo"],"picked":"SKIP","floor":1},{"not_picked":["Compile Driver","Redo","Barrage"],"picked":"SKIP","floor":2},{"not_picked":["Barrage","Tempest"],"picked":"Defragment","floor":5},{"not_picked":["Barrage","Sunder"],"picked":"Streamline","floor":8},{"not_picked":["Consume","Streamline"],"picked":"Capacitor","floor":10},{"not_picked":["Conserve Battery","All For One","Go for the Eyes"],"picked":"SKIP","floor":13},{"not_picked":["Hologram","Lockon","Genetic Algorithm"],"picked":"SKIP","floor":14},{"not_picked":["Leap","Doom and Gloom"],"picked":"Glacier+1","floor":18},{"not_picked":["Steam+1","Ball Lightning+1"],"picked":"Loop+1","floor":21},{"not_picked":["Beam Cell","Barrage","Streamline"],"picked":"SKIP","floor":22},{"not_picked":["Redo","Coolheaded","Gash+1"],"picked":"SKIP","floor":24},{"not_picked":["Beam Cell+1","Ball Lightning","Recycle+1"],"picked":"SKIP","floor":27},{"not_picked":["Creative AI","Barrage","Cold Snap"],"picked":"SKIP","floor":28}],"player_experience":1541403,"relics_obtained":[{"floor":9,"key":"Nunchaku"},{"floor":20,"key":"Darkstone Periapt"},{"floor":26,"key":"DataDisk"}],"event_choices":[{"damage_healed":0,"gold_gain":100,"player_choice":"Pray","damage_taken":0,"max_hp_gain":0,"max_hp_loss":0,"event_name":"Golden Shrine","floor":3,"gold_loss":0},{"cards_removed":["Strike_B"],"damage_healed":0,"gold_gain":0,"player_choice":"Card Removal","damage_taken":7,"max_hp_gain":0,"max_hp_loss":0,"event_name":"Golden Wing","floor":11,"gold_loss":0},{"damage_healed":0,"gold_gain":0,"player_choice":"Opened","damage_taken":0,"relics_obtained":["Pocketwatch"],"max_hp_gain":0,"max_hp_loss":0,"event_name":"The Mausoleum","floor":19,"gold_loss":0}],"is_beta":false,"boss_relics":[{"not_picked":["Runic Dome","Black Star"],"picked":"White Beast Statue"}],"items_purged_floors":[7,25],"is_endless":false,"potions_floor_spawned":[2,5,8,18,21,22,24,27,28],"killed_by":"3 Cultists","ascension_level":7}