{"gold_per_floor":[109,109,109,109,130,165,90,90,139,162,177,177,195,210,210,339,339,360,360,260,273,273,273,298,298,352,352,227,241,241],"floor_reached":30,"playtime":1336,"items_purged":["Strike_B","Strike_B","PanicButton"],"score":230,"play_id":"7416949a-b7c8-4ef1-b7f1-7120612424fa","local_time":"20181112064425","is_ascension_mode":false,"campfire_choices":[{"floor":12,"key":"REST"},{"floor":15,"key":"REST"},{"floor":23,"key":"REST"},{"floor":25,"key":"REST"}],"neow_cost":"NONE","seed_source_timestamp":2876880912883847,"circlet_count":0,"master_deck":["Strike_B+1","Strike_B+1","Defend_B","Defend_B","Defend_B","Defend_B","Zap","Dualcast","Barrage+1","Ball Lightning+1","Leap","Loop","Go for the Eyes","Thunder Strike","Melter","Machine Learning","Self Repair","Ball Lightning","Enlightenment","Forethought","Good Instincts","Mind Blast","Madness","Flash of Steel","Go for the Eyes"],"relics":["Cracked Core","Singing Bowl","Golden Idol","Sundial","Whetstone","Lizard Tail","Orichalcum"],"potions_floor_usage":[6,16,16],"damage_taken":[{"damage":5,"enemies":"2 Louse","floor":1,"turns":3},{"damage":1,"enemies":"Jaw Worm","floor":5,"turns":3},{"damage":14,"enemies":"Gremlin Nob","floor":6,"turns":3},{"damage":0,"enemies":"Small Slimes","floor":10,"turns":2},{"damage":4,"enemies":"Blue Slaver","floor":11,"turns":4},{"damage":0,"enemies":"3 Louse","floor":13,"turns":3},{"damage":7,"enemies":"Exordium Wildlife","floor":14,"turns":4},{"damage":16,"enemies":"Hexaghost","floor":16,"turns":9},{"damage":9,"enemies":"Chosen","floor":18,"turns":5},{"damage":41,"enemies":"2 Thieves","floor":21,"turns":4},{"damage":32,"enemies":"Snake Plant","floor":24,"turns":4},{"damage":36,"enemies":"Cultist and Chosen","floor":29,"turns":7},{"damage":21,"enemies":"Gremlin Leader","floor":30,"turns":1}],"seed_played":"2916620276448583382","potions_obtained":[{"floor":5,"key":"FocusPotion"},{"floor":11,"key":"Fire Potion"},{"floor":14,"key":"Block Potion"},{"floor":16,"key":"Dexterity Potion"},{"floor":18,"key":"Dexterity Potion"},{"floor":21,"key":"SpeedPotion"}],"is_trial":false,"path_per_floor":["M","?","?","?","M","E","$","?","T","M","M","R","M","M","R","B",null,"M","?","$","M","?","R","M","R","T","?","$","M","E"],"character_chosen":"DEFECT","items_purchased":[],"campfire_rested":4,"item_purchase_floors":[],"current_hp_per_floor":[77,61,49,29,28,14,14,14,14,14,10,34,34,27,51,35,82,73,73,73,39,39,63,40,65,65,1,1,18,0],"gold":241,"neow_bonus":"TEN_PERCENT_HP_BONUS","is_prod":false,"is_daily":false,"chose_seed":false,"campfire_upgraded":0,"win_rate":0.0,"timestamp":1542026665,"path_taken":["M","?","?","?","M","E","?","?","T","?","M","R","M","M","R","BOSS","M","?","$","M","?","R","?","R","T","?","$","M","E"],"build_version":"2018-11-08","purchased_purges":3,"victory":false,"max_hp_per_floor":[82,82,82,82,82,82,82,82,82,82,82,82,82,82,82,82,82,82,82,82,82,82,82,84,84,84,84,84,84,84],"card_choices":[{"not_picked":["Steam","Reprogram"],"picked":"Barrage","floor":1},{"not_picked":["Barrage","Gash"],"picked":"Ball Lightning","floor":5},{"not_picked":["Stack","Seek"],"picked":"Leap","floor":6},{"not_picked":["Heatsinks","Storm"],"picked":"Loop","floor":10},{"not_picked":["Consume","Coolheaded"],"picked":"Go for the Eyes","floor":11},{"not_picked":["Sweeping Beam","Go for the Eyes"],"picked":"Thunder Strike","floor":13},{"not_picked":["Sweeping Beam","Scrape"],"picked":"Melter","floor":14},{"not_picked":["Reboot","Rainbow"],"picked":"Machine Learning","floor":16},{"not_picked":["Redo+1","Sweeping Beam"],"picked":"Self Repair","floor":18},{"not_picked":["Glacier+1","Gash"],"picked":"Ball Lightning","floor":21},{"not_picked":["Consume","Double Energy","Beam Cell"],"picked":"Singing Bowl","floor":24},{"not_picked":["Multi-Cast","Stack"],"picked":"Go for the Eyes","floor":29}],"player_experience":156653,"relics_obtained":[{"floor":6,"key":"Sundial"},{"floor":9,"key":"Whetstone"},{"floor":26,"key":"Orichalcum"}],"event_choices":[{"damage_healed":0,"gold_gain":0,"player_choice":"Entered Light","damage_taken":16,"max_hp_gain":0,"max_hp_loss":0,"event_name":"Shining Light","floor":2,"gold_loss":0,"cards_upgraded":["Strike_B","Barrage"]},{"damage_healed":0,"gold_gain":0,"player_choice":"Success","damage_taken":12,"relics_obtained":["Singing Bowl"],"max_hp_gain":0,"max_hp_loss":0,"event_name":"Scrap Ooze","floor":3,"gold_loss":0},{"damage_healed":0,"gold_gain":0,"player_choice":"Take Damage","damage_taken":20,"relics_obtained":["Golden Idol"],"max_hp_gain":0,"max_hp_loss":0,"event_name":"Golden Idol","floor":4,"gold_loss":0},{"damage_healed":0,"gold_gain":0,"player_choice":"Ignored","damage_taken":0,"max_hp_gain":0,"max_hp_loss":0,"event_name":"Liars Game","floor":8,"gold_loss":0},{"damage_healed":0,"gold_gain":0,"player_choice":"Ignored","damage_taken":0,"max_hp_gain":0,"max_hp_loss":0,"event_name":"Ghosts","floor":19,"gold_loss":0},{"damage_healed":0,"gold_gain":0,"player_choice":"Ignored","damage_taken":0,"max_hp_gain":0,"max_hp_loss":0,"event_name":"N\u0027loth","floor":22,"gold_loss":0},{"damage_healed":0,"gold_gain":0,"player_choice":"CARD CARD CARD CARD CARD CARD CARD ","damage_taken":64,"max_hp_gain":0,"max_hp_loss":0,"event_name":"Knowing Skull","floor":27,"potions_obtained":[],"gold_loss":0,"cards_obtained":["Enlightenment","Forethought","Good Instincts","Mind Blast","PanicButton","Madness","Flash of Steel"]}],"is_beta":false,"boss_relics":[{"not_picked":["Eternal Feather","Calling Bell"],"picked":"Lizard Tail"}],"items_purged_floors":[7,20,28],"is_endless":false,"potions_floor_spawned":[5,11,14,16,18,21],"killed_by":"Gremlin Leader","ascension_level":0}