{"gold_per_floor":[369,107,126,126,142,142,163,163,189,49,74,93,106,124,124,252,252,177,276,186,211,234,273,273,289,315,315],"floor_reached":27,"playtime":5379,"items_purged":["Clumsy","Strike_G"],"score":443,"play_id":"7966a05e-16e1-4a2d-80d3-31f8a2557f01","local_time":"20190807181743","is_ascension_mode":true,"campfire_choices":[{"floor":6,"key":"REST"},{"data":"Apotheosis","floor":15,"key":"SMITH"},{"floor":24,"key":"REST"}],"neow_cost":"CURSE","seed_source_timestamp":404667918661600,"circlet_count":0,"master_deck":["AscendersBane","Defend_G","Defend_G","Defend_G","Defend_G","Defend_G","Survivor+1","Neutralize","Apotheosis+1","Noxious Fumes","Escape Plan","Footwork","Deadly Poison","Burst","Heel Hook+1","Masterful Stab+1","Backflip","Footwork"],"relics":["Ring of the Snake","Golden Idol","Lantern","Astrolabe","Ancient Tea Set","Happy Flower"],"potions_floor_usage":[16,16],"damage_taken":[{"damage":0,"enemies":"2 Louse","floor":1,"turns":4},{"damage":0,"enemies":"Jaw Worm","floor":3,"turns":4},{"damage":0,"enemies":"Cultist","floor":5,"turns":4},{"damage":0,"enemies":"Large Slime","floor":7,"turns":7},{"damage":2,"enemies":"Blue Slaver","floor":11,"turns":5},{"damage":0,"enemies":"3 Louse","floor":12,"turns":4},{"damage":0,"enemies":"Looter","floor":13,"turns":4},{"damage":5,"enemies":"Lots of Slimes","floor":14,"turns":5},{"damage":0,"enemies":"The Guardian","floor":16,"turns":8},{"damage":4,"enemies":"2 Thieves","floor":18,"turns":5},{"damage":18,"enemies":"3 Byrds","floor":21,"turns":7},{"damage":0,"enemies":"Snecko","floor":22,"turns":5},{"damage":22,"enemies":"Gremlin Leader","floor":23,"turns":7},{"damage":7,"enemies":"Snake Plant","floor":25,"turns":4},{"damage":39,"enemies":"Slavers","floor":27,"turns":7}],"seed_played":"1267241206483906780","potions_obtained":[{"floor":5,"key":"Poison Potion"},{"floor":7,"key":"Poison Potion"},{"floor":16,"key":"EssenceOfSteel"},{"floor":22,"key":"Strength Potion"},{"floor":25,"key":"SkillPotion"}],"is_trial":false,"path_per_floor":["M","$","M","?","M","R","M","?","T","$","M","M","M","M","R","B",null,"M","?","?","M","M","E","R","M","T","E"],"character_chosen":"THE_SILENT","items_purchased":["Apotheosis","Escape Plan"],"campfire_rested":2,"item_purchase_floors":[2,10],"current_hp_per_floor":[63,63,63,46,46,67,67,60,60,60,58,58,58,53,53,53,66,62,62,62,44,44,22,43,36,36,0],"gold":315,"neow_bonus":"TWO_FIFTY_GOLD","is_prod":false,"is_daily":false,"chose_seed":false,"campfire_upgraded":1,"win_rate":0,"timestamp":1565219863,"path_taken":["M","$","M","?","M","R","M","?","T","?","M","M","M","M","R","BOSS","M","?","?","M","?","E","R","M","T","E"],"build_version":"2019-07-17","purchased_purges":2,"victory":false,"max_hp_per_floor":[70,70,70,70,70,70,70,70,70,70,70,70,70,70,70,70,70,70,70,70,70,70,70,70,70,70,70],"card_choices":[{"not_picked":["Underhanded Strike","Eviscerate","Terror"],"picked":"SKIP","floor":1},{"not_picked":["Sucker Punch","Skewer"],"picked":"Noxious Fumes","floor":3},{"not_picked":["Deflect","Distraction","Riddle With Holes"],"picked":"SKIP","floor":5},{"not_picked":["Poisoned Stab","Dagger Throw","Flying Knee"],"picked":"SKIP","floor":7},{"not_picked":["Blade Dance","Sucker Punch","Acrobatics"],"picked":"SKIP","floor":11},{"not_picked":["Slice","Poisoned Stab"],"picked":"Footwork","floor":12},{"not_picked":["Flechettes","Poisoned Stab"],"picked":"Deadly Poison","floor":13},{"not_picked":["Flechettes","Dodge and Roll","Riddle With Holes"],"picked":"SKIP","floor":14},{"not_picked":["Storm of Steel","Phantasmal Killer"],"picked":"Burst","floor":16},{"not_picked":["Quick Slash+1","Sucker Punch"],"picked":"Backflip","floor":18},{"not_picked":["Dodge and Roll","Heel Hook","Acrobatics"],"picked":"SKIP","floor":21},{"not_picked":["Dodge and Roll","Outmaneuver","Acrobatics"],"picked":"SKIP","floor":22},{"not_picked":["Dagger Spray","Outmaneuver+1"],"picked":"Footwork","floor":23},{"not_picked":["Blade Dance","Dodge and Roll","Deflect"],"picked":"SKIP","floor":25}],"player_experience":2730010,"relics_obtained":[{"floor":9,"key":"Lantern"},{"floor":23,"key":"Ancient Tea Set"},{"floor":26,"key":"Happy Flower"}],"event_choices":[{"damage_healed":0,"gold_gain":0,"player_choice":"Take Damage","damage_taken":17,"relics_obtained":["Golden Idol"],"max_hp_gain":0,"max_hp_loss":0,"event_name":"Golden Idol","floor":4,"gold_loss":0},{"cards_removed":["Strike_G"],"damage_healed":0,"gold_gain":0,"player_choice":"Card Removal","damage_taken":7,"max_hp_gain":0,"max_hp_loss":0,"event_name":"Golden Wing","floor":8,"gold_loss":0},{"damage_healed":0,"gold_gain":99,"player_choice":"Stole From Cult","damage_taken":0,"max_hp_gain":0,"max_hp_loss":0,"event_name":"Nest","floor":19,"gold_loss":0},{"cards_removed":["Finisher"],"damage_healed":0,"gold_gain":0,"player_choice":"Upgrade and Remove","damage_taken":0,"max_hp_gain":0,"max_hp_loss":0,"event_name":"Designer","floor":20,"gold_loss":90,"cards_upgraded":["Survivor"]}],"is_beta":false,"boss_relics":[{"not_picked":["Black Star","Tiny House"],"picked":"Astrolabe"}],"items_purged_floors":[2,10],"is_endless":false,"potions_floor_spawned":[5,7,14,16,22,23,25],"killed_by":"Slavers","ascension_level":12}