{"gold_per_floor":[118,118,118,68,86,86,99,130,130,130],"floor_reached":10,"playtime":17989,"items_purged":[],"score":92,"play_id":"0e4e1f1d-64bd-405c-b87d-7ddf16fb6e4d","local_time":"20190402014254","is_ascension_mode":true,"campfire_choices":[{"data":"Burst","floor":6.0,"key":"SMITH"}],"neow_cost":"NONE","seed_source_timestamp":0,"circlet_count":0,"master_deck":["Defend_G","Defend_G","Defend_G","Defend_G","Defend_G","Strike_G","Strike_G","Strike_G","Strike_G","Survivor","Neutralize","Burst+1","Deadly Poison"],"special_seed":0,"relics":["Ring of the Snake","Letter Opener","Mummified Hand"],"potions_floor_usage":[8],"damage_taken":[{"damage":0.0,"enemies":"Small Slimes","floor":1.0,"turns":5.0},{"damage":0.0,"enemies":"2 Louse","floor":5.0,"turns":3.0},{"damage":2.0,"enemies":"Jaw Worm","floor":7.0,"turns":8.0},{"damage":54,"enemies":"3 Sentries","floor":8,"turns":21},{"damage":14,"enemies":"Gremlin Gang","floor":10,"turns":3}],"seed_played":"1903687701779150437","potions_obtained":[{"floor":5.0,"key":"PowerPotion"},{"floor":8,"key":"SpeedPotion"}],"is_trial":false,"path_per_floor":["M","?","?","?","M","R","M","E","T","M"],"character_chosen":"THE_SILENT","items_purchased":[],"campfire_rested":0,"item_purchase_floors":[],"current_hp_per_floor":[63,68,68,68,68,68,66,12,12,0],"gold":130,"neow_bonus":"ONE_RANDOM_RARE_CARD","is_prod":false,"is_daily":false,"chose_seed":false,"campfire_upgraded":1,"win_rate":0,"timestamp":1554187374,"path_taken":["M","?","?","?","?","R","M","E","T","?"],"build_version":"2019-01-23","purchased_purges":0,"victory":false,"max_hp_per_floor":[70,75,75,75,75,75,75,75,75,75],"card_choices":[{"not_picked":["PiercingWail","Heel Hook","Eviscerate"],"picked":"SKIP","floor":1.0},{"not_picked":["Flechettes","Accuracy","Flying Knee"],"picked":"SKIP","floor":5.0},{"not_picked":["Blade Dance","Slice","Deflect"],"picked":"SKIP","floor":7.0},{"not_picked":["Malaise","Dagger Throw"],"picked":"Deadly Poison","floor":8}],"player_experience":1768319,"relics_obtained":[{"floor":8,"key":"Letter Opener"},{"floor":9,"key":"Mummified Hand"}],"event_choices":[{"damage_healed":0.0,"max_hp_gain":5.0,"max_hp_loss":0.0,"gold_gain":0.0,"event_name":"Big Fish","player_choice":"Donut","floor":2.0,"gold_loss":0.0,"damage_taken":0.0},{"damage_healed":0.0,"max_hp_gain":0.0,"max_hp_loss":0.0,"gold_gain":0.0,"event_name":"Liars Game","player_choice":"Ignored","floor":3.0,"gold_loss":0.0,"damage_taken":0.0},{"cards_removed":["Strike_G"],"damage_healed":0.0,"max_hp_gain":0.0,"max_hp_loss":0.0,"gold_gain":0.0,"event_name":"The Cleric","player_choice":"Card Removal","floor":4.0,"gold_loss":50.0,"damage_taken":0.0}],"is_beta":false,"boss_relics":[],"items_purged_floors":[],"is_endless":false,"potions_floor_spawned":[5,8],"killed_by":"Gremlin Gang","ascension_level":8}