{"gold_per_floor":[366,366,378,395,413,413,413,425,450,460,428,428,444,139,139,237,237,177,177,197,208,20,20,32,60,83,83,83,97,97],"floor_reached":30,"playtime":1823,"items_purged":["Strike_G"],"score":354,"play_id":"5546a746-581b-4f78-8125-6d4945161dc4","local_time":"20190711133430","is_ascension_mode":true,"campfire_choices":[{"floor":6,"key":"REST"},{"floor":12,"key":"REST"},{"floor":15,"key":"REST"},{"floor":23,"key":"REST"},{"floor":27,"key":"REST"}],"neow_cost":"PERCENT_DAMAGE","seed_source_timestamp":1333214238715902,"circlet_count":0,"master_deck":["Strike_G","Strike_G","Strike_G","Defend_G","Defend_G","Defend_G","Defend_G","Defend_G","Survivor","Neutralize","Noxious Fumes","Leg Sweep","Noxious Fumes","Adrenaline","The Bomb","Footwork","Normality","Blur"],"relics":["Ring of the Snake","Strawberry","Juzu Bracelet","Cursed Key","Nilry\u0027s Codex","Oddly Smooth Stone","Bag of Preparation"],"potions_floor_usage":[10,16,16,16,25,25,25],"damage_taken":[{"damage":1,"enemies":"Jaw Worm","floor":1,"turns":7},{"damage":9,"enemies":"Cultist","floor":3,"turns":7},{"damage":0,"enemies":"2 Louse","floor":4,"turns":3},{"damage":0,"enemies":"Blue Slaver","floor":5,"turns":7},{"damage":23,"enemies":"Large Slime","floor":8,"turns":14},{"damage":0,"enemies":"Looter","floor":10,"turns":5},{"damage":4,"enemies":"Exordium Thugs","floor":11,"turns":5},{"damage":17,"enemies":"Lots of Slimes","floor":13,"turns":6},{"damage":19,"enemies":"Slime Boss","floor":16,"turns":15},{"damage":4,"enemies":"2 Thieves","floor":18,"turns":4},{"damage":0,"enemies":"Shell Parasite","floor":20,"turns":7},{"damage":5,"enemies":"Centurion and Healer","floor":21,"turns":8},{"damage":29,"enemies":"Snecko","floor":24,"turns":7},{"damage":14,"enemies":"Slavers","floor":25,"turns":6},{"damage":21,"enemies":"Shelled Parasite and Fungi","floor":29,"turns":7},{"damage":31,"enemies":"Sentry and Sphere","floor":30,"turns":4}],"seed_played":"8945821664567053115","potions_obtained":[{"floor":4,"key":"Explosive Potion"},{"floor":5,"key":"PowerPotion"},{"floor":11,"key":"GhostInAJar"},{"floor":13,"key":"Dexterity Potion"},{"floor":16,"key":"EssenceOfSteel"},{"floor":21,"key":"Explosive Potion"},{"floor":24,"key":"Dexterity Potion"},{"floor":29,"key":"SpeedPotion"}],"is_trial":false,"path_per_floor":["M","?","M","M","M","R","?","M","T","M","M","R","M","$","R","B",null,"M","?","M","M","$","R","M","E","T","R","?","M","M"],"character_chosen":"THE_SILENT","items_purchased":["Noxious Fumes","Juzu Bracelet","The Bomb"],"campfire_rested":5,"item_purchase_floors":[14,14,22],"current_hp_per_floor":[44,44,35,35,35,56,63,40,40,40,36,59,42,42,65,46,69,65,49,49,44,44,67,38,24,24,47,47,26,0],"gold":97,"neow_bonus":"TWO_FIFTY_GOLD","is_prod":false,"is_daily":false,"chose_seed":false,"campfire_upgraded":0,"win_rate":0,"timestamp":1562870070,"path_taken":["M","?","M","?","M","R","?","M","T","M","M","R","M","$","R","BOSS","M","?","M","M","$","R","M","E","T","R","?","M","M"],"build_version":"2019-07-05","purchased_purges":1,"victory":false,"max_hp_per_floor":[70,70,70,70,70,70,77,77,77,77,77,77,77,77,77,77,77,77,77,77,77,77,77,77,77,77,77,77,77,77],"card_choices":[{"not_picked":["Slice","Deflect","Outmaneuver"],"picked":"SKIP","floor":1},{"not_picked":["PiercingWail","Calculated Gamble","Concentrate"],"picked":"SKIP","floor":3},{"not_picked":["Accuracy","Quick Slash","PiercingWail"],"picked":"SKIP","floor":4},{"not_picked":["Deflect","Outmaneuver","Slice"],"picked":"SKIP","floor":5},{"not_picked":["PiercingWail","Escape Plan"],"picked":"Noxious Fumes","floor":8},{"not_picked":["Backflip","Underhanded Strike","Flying Knee"],"picked":"SKIP","floor":10},{"not_picked":["Flying Knee","Dagger Throw","Sucker Punch"],"picked":"SKIP","floor":11},{"not_picked":["Tactician","Dash"],"picked":"Leg Sweep","floor":13},{"not_picked":["A Thousand Cuts","Venomology"],"picked":"Adrenaline","floor":16},{"not_picked":["Prepared+1","Deflect","Backflip"],"picked":"SKIP","floor":18},{"not_picked":["Sucker Punch","Prepared","Outmaneuver"],"picked":"SKIP","floor":20},{"not_picked":["Expertise","Accuracy","Escape Plan"],"picked":"SKIP","floor":21},{"not_picked":["Blur","Underhanded Strike"],"picked":"Footwork","floor":24},{"not_picked":["Heel Hook","Sucker Punch","Grand Finale"],"picked":"SKIP","floor":25},{"not_picked":["Dagger Throw","Prepared+1"],"picked":"Blur","floor":29}],"player_experience":2218766,"relics_obtained":[{"floor":19,"key":"Nilry\u0027s Codex"},{"floor":25,"key":"Oddly Smooth Stone"},{"floor":26,"key":"Bag of Preparation"}],"event_choices":[{"cards_removed":["Strike_G"],"damage_healed":0,"gold_gain":0,"player_choice":"Offered Basic","damage_taken":0,"max_hp_gain":0,"max_hp_loss":0,"event_name":"Bonfire Elementals","floor":2,"gold_loss":0},{"damage_healed":0,"gold_gain":0,"player_choice":"Searched \u00271\u0027 times","damage_taken":0,"relics_obtained":["Strawberry"],"max_hp_gain":0,"max_hp_loss":0,"event_name":"Dead Adventurer","floor":7,"gold_loss":0},{"damage_healed":0,"gold_gain":0,"player_choice":"Obtained Book","damage_taken":16,"max_hp_gain":0,"max_hp_loss":0,"event_name":"Cursed Tome","floor":19,"gold_loss":0},{"damage_healed":0,"gold_gain":0,"player_choice":"Ignored","damage_taken":0,"max_hp_gain":0,"max_hp_loss":0,"event_name":"Ghosts","floor":28,"gold_loss":0}],"is_beta":false,"boss_relics":[{"not_picked":["Astrolabe","Velvet Choker"],"picked":"Cursed Key"}],"items_purged_floors":[14],"is_endless":false,"potions_floor_spawned":[4,5,11,13,16,21,24,29],"killed_by":"Sentry and Sphere","ascension_level":9}