{"gold_per_floor":[112,112,130,145,31,31,1,1,1,1,1,1,13,31,31,128,128,140,140,159,159,172,39,58,58,58,69,79,79,96,111,111,111],"floor_reached":33,"playtime":12784,"items_purged":["Strike_G","Strike_G"],"score":386,"play_id":"27cda35d-e0e6-4653-ab2a-d4a993c52814","local_time":"20190807164657","is_ascension_mode":true,"campfire_choices":[{"data":"Leg Sweep","floor":6,"key":"SMITH"},{"floor":10,"key":"REST"},{"data":"Survivor","floor":12,"key":"SMITH"},{"data":"Backflip","floor":15,"key":"SMITH"},{"data":"Footwork","floor":25,"key":"SMITH"},{"floor":32,"key":"REST"}],"neow_cost":"NONE","seed_source_timestamp":391638140323500,"circlet_count":0,"master_deck":["AscendersBane","Strike_G","Strike_G","Defend_G","Defend_G","Defend_G","Defend_G","Defend_G","Survivor+1","Neutralize+1","Crippling Poison+1","Bouncing Flask","Leg Sweep+1","Backflip+1","Adrenaline+1","Bouncing Flask","Caltrops","Deadly Poison","Footwork+1","Deadly Poison+1"],"relics":["Ring of the Snake","Boot","Dodecahedron","Bag of Preparation","Runic Pyramid","Singing Bowl"],"potions_floor_usage":[16,16,33],"damage_taken":[{"damage":0,"enemies":"2 Louse","floor":1,"turns":5},{"damage":0,"enemies":"Small Slimes","floor":3,"turns":3},{"damage":4,"enemies":"Jaw Worm","floor":4,"turns":5},{"damage":0,"enemies":"Looter","floor":7,"turns":4},{"damage":4,"enemies":"Lots of Slimes","floor":13,"turns":3},{"damage":4,"enemies":"Red Slaver","floor":14,"turns":5},{"damage":55,"enemies":"Slime Boss","floor":16,"turns":23},{"damage":0,"enemies":"Shell Parasite","floor":18,"turns":8},{"damage":0,"enemies":"3 Byrds","floor":20,"turns":3},{"damage":2,"enemies":"Snake Plant","floor":22,"turns":6},{"damage":0,"enemies":"Snecko","floor":24,"turns":5},{"damage":0,"enemies":"Cultist and Chosen","floor":27,"turns":7},{"damage":24,"enemies":"Centurion and Healer","floor":28,"turns":6},{"damage":0,"enemies":"Sentry and Sphere","floor":30,"turns":7},{"damage":4,"enemies":"Snake Plant","floor":31,"turns":4},{"damage":56,"enemies":"Collector","floor":33,"turns":10}],"seed_played":"1516841529333383072","potions_obtained":[{"floor":1,"key":"PowerPotion"},{"floor":3,"key":"PowerPotion"},{"floor":18,"key":"FearPotion"},{"floor":22,"key":"Fire Potion"}],"is_trial":false,"path_per_floor":["M","?","M","M","$","R","M","?","T","R","?","R","M","M","R","B",null,"M","?","M","?","M","$","M","R","T","M","M","?","M","M","R","B"],"character_chosen":"THE_SILENT","items_purchased":["Leg Sweep","Footwork"],"campfire_rested":2,"item_purchase_floors":[5,23],"current_hp_per_floor":[63,63,63,59,59,59,59,45,45,66,66,66,62,58,58,3,53,53,53,53,53,51,51,51,51,51,51,29,29,31,29,51,0],"gold":111,"neow_bonus":"RANDOM_COMMON_RELIC","is_prod":false,"is_daily":false,"chose_seed":false,"campfire_upgraded":4,"win_rate":0,"timestamp":1565214417,"path_taken":["M","?","M","M","$","R","M","?","T","R","?","R","M","M","R","BOSS","M","?","M","?","M","$","M","R","T","M","M","?","M","?","R","BOSS"],"build_version":"2019-07-17","purchased_purges":2,"victory":false,"max_hp_per_floor":[70,70,70,70,70,70,70,70,70,70,70,70,70,70,70,70,70,70,70,70,70,70,70,70,70,70,70,72,72,74,76,76,76],"card_choices":[{"not_picked":["Blade Dance","Dodge and Roll","Slice"],"picked":"SKIP","floor":1},{"not_picked":["Flying Knee","Poisoned Stab"],"picked":"Crippling Poison","floor":3},{"not_picked":["Flying Knee","Deadly Poison"],"picked":"Bouncing Flask","floor":4},{"not_picked":["Cloak And Dagger","PiercingWail","Acrobatics"],"picked":"SKIP","floor":7},{"not_picked":["Glass Knife","Bane"],"picked":"Backflip","floor":13},{"not_picked":["Blade Dance","Infinite Blades","Predator"],"picked":"SKIP","floor":14},{"not_picked":["Phantasmal Killer","Night Terror"],"picked":"Adrenaline","floor":16},{"not_picked":["Blade Dance+1","Bane"],"picked":"Bouncing Flask","floor":18},{"not_picked":["Masterful Stab","Flying Knee"],"picked":"Caltrops","floor":20},{"not_picked":["Deflect","Riddle With Holes","PiercingWail"],"picked":"SKIP","floor":22},{"not_picked":["Bouncing Flask","Calculated Gamble","All Out Attack+1"],"picked":"SKIP","floor":24},{"not_picked":["Blade Dance","Outmaneuver+1"],"picked":"Deadly Poison+1","floor":27},{"not_picked":["Flying Knee","Sucker Punch","Doppelganger"],"picked":"Singing Bowl","floor":28},{"not_picked":["Underhanded Strike+1","Prepared","Slice"],"picked":"Singing Bowl","floor":30},{"not_picked":["Acrobatics","Flying Knee","Blade Dance"],"picked":"Singing Bowl","floor":31}],"player_experience":2717226,"relics_obtained":[{"floor":9,"key":"Dodecahedron"},{"floor":26,"key":"Singing Bowl"}],"event_choices":[{"damage_healed":0,"gold_gain":0,"player_choice":"Ignored","damage_taken":0,"max_hp_gain":0,"max_hp_loss":0,"event_name":"Liars Game","floor":2,"gold_loss":0},{"damage_healed":0,"gold_gain":0,"player_choice":"Entered Light","damage_taken":14,"max_hp_gain":0,"max_hp_loss":0,"event_name":"Shining Light","floor":8,"gold_loss":0,"cards_upgraded":["Neutralize","Crippling Poison"]},{"damage_healed":0,"gold_gain":0,"player_choice":"Searched \u00271\u0027 times","damage_taken":0,"relics_obtained":["Bag of Preparation"],"max_hp_gain":0,"max_hp_loss":0,"event_name":"Dead Adventurer","floor":11,"gold_loss":0},{"cards_removed":["Strike_G"],"damage_healed":0,"gold_gain":0,"player_choice":"Elegance","damage_taken":0,"max_hp_gain":0,"max_hp_loss":0,"event_name":"Back to Basics","floor":19,"gold_loss":0},{"damage_healed":0,"gold_gain":0,"player_choice":"Read","damage_taken":0,"max_hp_gain":0,"max_hp_loss":0,"event_name":"The Library","floor":21,"gold_loss":0,"cards_obtained":["Deadly Poison"]},{"damage_healed":0,"gold_gain":0,"player_choice":"Upgraded","damage_taken":0,"max_hp_gain":0,"max_hp_loss":0,"event_name":"Upgrade Shrine","floor":29,"gold_loss":0,"cards_upgraded":["Adrenaline"]}],"is_beta":false,"boss_relics":[{"not_picked":["White Beast Statue","Snecko Eye"],"picked":"Runic Pyramid"}],"items_purged_floors":[5,23],"is_endless":false,"potions_floor_spawned":[1,3,18,22],"killed_by":"Collector","ascension_level":12}