{"gold_per_floor":[118,118,28,28,47,60,60,74,98,23,38,68,68,83,83,181,181,163,177,177],"floor_reached":20,"playtime":982,"items_purged":["PanicButton"],"score":241,"play_id":"a3bf3d7e-7f64-479d-adab-8c160f20f295","local_time":"20190713165213","is_ascension_mode":true,"campfire_choices":[{"floor":7,"key":"REST"},{"data":"Madness","floor":15,"key":"SMITH"}],"neow_cost":"CURSE","seed_source_timestamp":145293513668678,"circlet_count":0,"master_deck":["Strike_G","Strike_G","Strike_G","Strike_G","Strike_G","Defend_G","Defend_G","Defend_G","Defend_G","Defend_G","Survivor","Neutralize","Jack Of All Trades","Madness+1","Noxious Fumes","Bouncing Flask","Leg Sweep","Pain","Deadly Poison"],"relics":["Ring of the Serpent","Regal Pillow","Dream Catcher","WarpedTongs"],"potions_floor_usage":[16,16,18,18,20],"damage_taken":[{"damage":0,"enemies":"2 Louse","floor":1,"turns":4},{"damage":29,"enemies":"Cultist","floor":5,"turns":8},{"damage":4,"enemies":"Jaw Worm","floor":6,"turns":5},{"damage":11,"enemies":"Exordium Wildlife","floor":8,"turns":5},{"damage":0,"enemies":"Looter","floor":11,"turns":4},{"damage":10,"enemies":"Exordium Thugs","floor":14,"turns":5},{"damage":46,"enemies":"The Guardian","floor":16,"turns":10},{"damage":14,"enemies":"2 Thieves","floor":18,"turns":5},{"damage":3,"enemies":"Chosen","floor":19,"turns":6},{"damage":38,"enemies":"3 Cultists","floor":20,"turns":6}],"seed_played":"8761562279343571119","potions_obtained":[{"floor":1,"key":"Regen Potion"},{"floor":11,"key":"LiquidBronze"},{"floor":14,"key":"Energy Potion"},{"floor":16,"key":"Energy Potion"},{"floor":19,"key":"SkillPotion"}],"is_trial":false,"path_per_floor":["M","?","$","?","M","M","R","M","T","$","M","?","?","M","R","B",null,"M","M","M"],"character_chosen":"THE_SILENT","items_purchased":["Madness"],"campfire_rested":1,"item_purchase_floors":[3],"current_hp_per_floor":[63,63,63,56,27,23,59,48,48,48,48,48,48,38,38,7,54,40,37,0],"gold":177,"neow_bonus":"RANDOM_COLORLESS_2","is_prod":false,"is_daily":false,"chose_seed":false,"campfire_upgraded":1,"win_rate":0,"timestamp":1563054733,"path_taken":["M","?","?","?","?","M","R","M","T","$","M","?","?","?","R","BOSS","M","?","M"],"build_version":"2019-07-05","purchased_purges":1,"victory":false,"max_hp_per_floor":[70,70,70,70,70,70,70,70,70,70,70,70,70,70,70,70,70,70,70,70],"card_choices":[{"not_picked":["Dash","PiercingWail","Dagger Throw"],"picked":"SKIP","floor":1},{"not_picked":["Underhanded Strike","Sucker Punch"],"picked":"Noxious Fumes","floor":5},{"not_picked":["Poisoned Stab","Expertise"],"picked":"Bouncing Flask","floor":6},{"not_picked":["Slice","Crippling Poison","Endless Agony"],"picked":"SKIP","floor":8},{"not_picked":["Deflect","Prepared"],"picked":"Leg Sweep","floor":11},{"not_picked":["Skewer","Sucker Punch","Choke"],"picked":"SKIP","floor":14},{"not_picked":["Sucker Punch","Concentrate"],"picked":"Deadly Poison","floor":18},{"not_picked":["Finisher+1","Bane","Terror"],"picked":"SKIP","floor":19}],"player_experience":2293859,"relics_obtained":[{"floor":9,"key":"Dream Catcher"}],"event_choices":[{"cards_removed":["Shame"],"damage_healed":0,"gold_gain":0,"player_choice":"Purged","damage_taken":0,"max_hp_gain":0,"max_hp_loss":0,"event_name":"Purifier","floor":2,"gold_loss":0},{"damage_healed":0,"gold_gain":0,"player_choice":"Success","damage_taken":7,"relics_obtained":["Regal Pillow"],"max_hp_gain":0,"max_hp_loss":0,"event_name":"Scrap Ooze","floor":4,"gold_loss":0},{"damage_healed":0,"gold_gain":30,"player_choice":"Searched \u00271\u0027 times","damage_taken":0,"max_hp_gain":0,"max_hp_loss":0,"event_name":"Dead Adventurer","floor":12,"gold_loss":0},{"damage_healed":0,"gold_gain":0,"player_choice":"Rummage","damage_taken":0,"relics_obtained":["WarpedTongs"],"max_hp_gain":0,"max_hp_loss":0,"event_name":"Accursed Blacksmith","floor":13,"gold_loss":0,"cards_obtained":["Pain"]}],"is_beta":false,"boss_relics":[{"not_picked":["WristBlade","Runic Dome"],"picked":"Ring of the Serpent"}],"items_purged_floors":[10],"is_endless":false,"potions_floor_spawned":[1,11,14,16,19],"killed_by":"3 Cultists","ascension_level":9}