{"gold_per_floor":[118,118,135,153,163,163,177,177,177,197,197,225,225,7,7,104,104,114,24,24,24,24,0,29,29],"floor_reached":25,"playtime":1515,"items_purged":["Strike_G"],"score":339,"play_id":"c51ba8d9-d919-478f-860a-3134f4dd06bd","local_time":"20190804103301","is_ascension_mode":true,"campfire_choices":[{"floor":6,"key":"REST"},{"data":"Noxious Fumes","floor":8,"key":"SMITH"},{"floor":15,"key":"REST"}],"neow_cost":"NONE","seed_source_timestamp":121451202989700,"circlet_count":0,"master_deck":["AscendersBane","Defend_G","Defend_G","Defend_G+1","Defend_G","Survivor","Neutralize","Blur","Noxious Fumes+1","Deadly Poison","Malaise","Doppelganger","After Image","Sucker Punch+1","Concentrate+1","Footwork"],"relics":["Philosopher\u0027s Stone","Nunchaku","StoneCalendar","Ice Cream","Juzu Bracelet","Astrolabe","Paper Crane"],"potions_floor_usage":[7,12,24],"damage_taken":[{"damage":0,"enemies":"Jaw Worm","floor":1,"turns":4},{"damage":1,"enemies":"Cultist","floor":3,"turns":5},{"damage":3,"enemies":"2 Louse","floor":4,"turns":4},{"damage":17,"enemies":"Lots of Slimes","floor":5,"turns":5},{"damage":8,"enemies":"Blue Slaver","floor":7,"turns":5},{"damage":21,"enemies":"Exordium Wildlife","floor":10,"turns":6},{"damage":9,"enemies":"Lagavulin","floor":12,"turns":7},{"damage":9,"enemies":"The Guardian","floor":16,"turns":12},{"damage":6,"enemies":"Shell Parasite","floor":18,"turns":7},{"damage":19,"enemies":"2 Thieves","floor":23,"turns":5},{"damage":13,"enemies":"Gremlin Leader","floor":24,"turns":8},{"damage":34,"enemies":"3 Cultists","floor":25,"turns":5}],"seed_played":"3201508922545181471","potions_obtained":[{"floor":1,"key":"Regen Potion"},{"floor":3,"key":"Dexterity Potion"},{"floor":7,"key":"Fruit Juice"},{"floor":10,"key":"Fire Potion"},{"floor":18,"key":"FearPotion"},{"floor":24,"key":"SteroidPotion"}],"is_trial":false,"path_per_floor":["M","?","M","M","M","R","M","R","T","M","?","E","?","$","R","B",null,"M","?","?","?","$","M","E","M"],"character_chosen":"THE_SILENT","items_purchased":["Juzu Bracelet"],"campfire_rested":2,"item_purchase_floors":[14],"current_hp_per_floor":[63,63,62,59,42,63,60,60,60,39,32,23,23,23,45,36,65,59,59,59,59,59,40,27,0],"gold":29,"neow_bonus":"BOSS_RELIC","is_prod":false,"is_daily":false,"chose_seed":false,"campfire_upgraded":1,"win_rate":0,"timestamp":1564932781,"path_taken":["M","?","M","?","M","R","M","R","T","M","?","E","?","$","R","BOSS","M","?","?","?","$","M","E","M"],"build_version":"2019-07-17","purchased_purges":1,"victory":false,"max_hp_per_floor":[70,70,70,70,70,70,75,75,75,75,75,75,75,75,75,75,75,75,75,75,75,75,75,75,75],"card_choices":[{"not_picked":["Cloak And Dagger","Escape Plan"],"picked":"Blur","floor":1},{"not_picked":["Dagger Spray","Deadly Poison"],"picked":"Noxious Fumes","floor":3},{"not_picked":["Well Laid Plans","Endless Agony"],"picked":"Deadly Poison","floor":4},{"not_picked":["Well Laid Plans","Expertise","Bane"],"picked":"SKIP","floor":5},{"not_picked":["Dash","Slice","Eviscerate"],"picked":"SKIP","floor":7},{"not_picked":["Masterful Stab","Bane","Outmaneuver"],"picked":"SKIP","floor":10},{"not_picked":["Dodge and Roll","Phantasmal Killer"],"picked":"Malaise","floor":12},{"not_picked":["Night Terror","Doppelganger"],"picked":"After Image","floor":16},{"not_picked":["Underhanded Strike","Dodge and Roll+1","Quick Slash"],"picked":"SKIP","floor":18},{"not_picked":["Choke+1","Deflect","Underhanded Strike"],"picked":"SKIP","floor":23},{"not_picked":["Masterful Stab","Sucker Punch","Dash"],"picked":"SKIP","floor":24}],"player_experience":2663249,"relics_obtained":[{"floor":9,"key":"StoneCalendar"},{"floor":12,"key":"Ice Cream"},{"floor":24,"key":"Paper Crane"}],"event_choices":[{"damage_healed":0,"gold_gain":0,"player_choice":"Gave Potion","damage_taken":0,"relics_obtained":["Nunchaku"],"max_hp_gain":0,"max_hp_loss":0,"event_name":"WeMeetAgain","floor":2,"gold_loss":0},{"cards_removed":["Strike_G"],"damage_healed":0,"gold_gain":0,"player_choice":"Card Removal","damage_taken":7,"max_hp_gain":0,"max_hp_loss":0,"event_name":"Golden Wing","floor":11,"gold_loss":0},{"damage_healed":0,"gold_gain":0,"cards_transformed":["Strike_G"],"player_choice":"Transformed","damage_taken":0,"max_hp_gain":0,"max_hp_loss":0,"event_name":"Transmorgrifier","floor":13,"gold_loss":0,"cards_obtained":["Doppelganger"]},{"cards_removed":["Flying Knee"],"damage_healed":0,"gold_gain":0,"player_choice":"Upgrade and Remove","damage_taken":0,"max_hp_gain":0,"max_hp_loss":0,"event_name":"Designer","floor":19,"gold_loss":90,"cards_upgraded":["Defend_G"]},{"damage_healed":0,"gold_gain":0,"player_choice":"Ignored","damage_taken":0,"max_hp_gain":0,"max_hp_loss":0,"event_name":"Vampires","floor":20,"gold_loss":0},{"damage_healed":0,"gold_gain":0,"player_choice":"Read","damage_taken":0,"max_hp_gain":0,"max_hp_loss":0,"event_name":"The Library","floor":21,"gold_loss":0,"cards_obtained":["Footwork"]}],"is_beta":false,"boss_relics":[{"not_picked":["Tiny House","HoveringKite"],"picked":"Astrolabe"}],"items_purged_floors":[14],"is_endless":false,"potions_floor_spawned":[1,3,7,10,18,24],"killed_by":"3 Cultists","ascension_level":11}