{"gold_per_floor":[115,131,131,131,56,85,85,98,98,127,127,127,153,153,153,153],"floor_reached":16,"playtime":971,"items_purged":["Strike_G"],"score":162,"play_id":"248766f3-1625-4b96-989f-24ee163389d7","local_time":"20181202215651","is_ascension_mode":true,"campfire_choices":[{"floor":7,"key":"REST"},{"floor":15,"key":"REST"}],"neow_cost":"NONE","seed_source_timestamp":709256195612420,"circlet_count":0,"master_deck":["Defend_G","Defend_G","Defend_G","Defend_G","Strike_G","Strike_G","Strike_G","Strike_G+1","Survivor","Neutralize+1","Cloak And Dagger","Cloak And Dagger","Footwork","Burst"],"relics":["Ring of the Snake","NeowsBlessing","Letter Opener","Girya","Ornamental Fan","Bottled Flame"],"potions_floor_usage":[13,13],"damage_taken":[{"damage":0,"enemies":"Cultist","floor":1,"turns":1},{"damage":0,"enemies":"Jaw Worm","floor":2,"turns":1},{"damage":0,"enemies":"3 Sentries","floor":6,"turns":2},{"damage":0,"enemies":"2 Louse","floor":8,"turns":3},{"damage":35,"enemies":"Lagavulin","floor":10,"turns":8},{"damage":33,"enemies":"Gremlin Nob","floor":13,"turns":5},{"damage":36,"enemies":"Slime Boss","floor":16,"turns":11}],"seed_played":"-6963243573934713953","potions_obtained":[{"floor":8,"key":"Swift Potion"},{"floor":10,"key":"Strength Potion"}],"is_trial":false,"path_per_floor":["M","M","?","?","$","E","R","M","T","E","?","?","E","T","R","B"],"character_chosen":"THE_SILENT","items_purchased":[],"campfire_rested":2,"item_purchase_floors":[],"current_hp_per_floor":[70,70,56,49,49,49,70,70,70,35,40,40,7,7,29,0],"gold":153,"neow_bonus":"THREE_ENEMY_KILL","is_prod":false,"is_daily":false,"chose_seed":false,"campfire_upgraded":0,"win_rate":0,"timestamp":1543809411,"path_taken":["M","?","?","?","?","E","R","M","T","E","?","?","E","?","R","BOSS"],"build_version":"2018-11-15","purchased_purges":1,"victory":false,"max_hp_per_floor":[70,70,70,70,70,70,70,70,70,70,75,75,75,75,75,75],"card_choices":[{"not_picked":["Dodge and Roll","Dagger Throw","Sucker Punch"],"picked":"SKIP","floor":1},{"not_picked":["Dodge and Roll","Quick Slash"],"picked":"Cloak And Dagger","floor":2},{"not_picked":["Backflip","Distraction"],"picked":"Cloak And Dagger","floor":6},{"not_picked":["Calculated Gamble","Flying Knee"],"picked":"Footwork","floor":8},{"not_picked":["Dagger Spray","Bane","Acrobatics"],"picked":"SKIP","floor":10},{"not_picked":["Dagger Spray","Calculated Gamble"],"picked":"Burst","floor":13}],"player_experience":627674,"relics_obtained":[{"floor":6,"key":"Letter Opener"},{"floor":10,"key":"Girya"},{"floor":13,"key":"Ornamental Fan"},{"floor":14,"key":"Bottled Flame"}],"event_choices":[{"damage_healed":0,"gold_gain":0,"player_choice":"Entered Light","damage_taken":14,"max_hp_gain":0,"max_hp_loss":0,"event_name":"Shining Light","floor":3,"gold_loss":0,"cards_upgraded":["Neutralize","Strike_G"]},{"cards_removed":["Defend_G"],"damage_healed":0,"gold_gain":0,"player_choice":"Card Removal","damage_taken":7,"max_hp_gain":0,"max_hp_loss":0,"event_name":"Golden Wing","floor":4,"gold_loss":0},{"damage_healed":0,"gold_gain":0,"player_choice":"Donut","damage_taken":0,"max_hp_gain":5,"max_hp_loss":0,"event_name":"Big Fish","floor":11,"gold_loss":0},{"damage_healed":0,"gold_gain":0,"player_choice":"Ignored","damage_taken":0,"max_hp_gain":0,"max_hp_loss":0,"event_name":"Liars Game","floor":12,"gold_loss":0}],"is_beta":false,"boss_relics":[],"items_purged_floors":[5],"is_endless":false,"potions_floor_spawned":[8,10],"killed_by":"Slime Boss","ascension_level":3}