{"gold_per_floor":[114,114,133,133,133,169,184,198,221,239,239],"floor_reached":11,"playtime":293,"items_purged":[],"score":135,"play_id":"e0a7de62-bc2a-4727-87ea-f2e123c6fdc9","local_time":"20190224145200","is_ascension_mode":true,"campfire_choices":[],"neow_cost":"NONE","seed_source_timestamp":1010293131833320,"circlet_count":0,"master_deck":["Strike_R","Strike_R","Strike_R","Strike_R","Strike_R","Defend_R","Defend_R","Defend_R","Defend_R","Bash","Barricade","Body Slam","Impervious"],"relics":["Burning Blood","NeowsBlessing","Juzu Bracelet","Golden Idol","Regal Pillow","Ancient Tea Set"],"potions_floor_usage":[7],"damage_taken":[{"damage":0,"enemies":"Jaw Worm","floor":1,"turns":1},{"damage":0,"enemies":"Small Slimes","floor":3,"turns":1},{"damage":0,"enemies":"Lagavulin","floor":6,"turns":2},{"damage":13,"enemies":"Cultist","floor":7,"turns":6},{"damage":6,"enemies":"Large Slime","floor":8,"turns":9},{"damage":34,"enemies":"2 Fungi Beasts","floor":10,"turns":5},{"damage":39,"enemies":"Gremlin Nob","floor":11,"turns":5}],"seed_played":"1126321477161717499","potions_obtained":[{"floor":6,"key":"SteroidPotion"},{"floor":7,"key":"Ancient Potion"}],"is_trial":false,"path_per_floor":["M","?","M","?","?","E","M","M","T","M","E"],"character_chosen":"IRONCLAD","items_purchased":[],"campfire_rested":0,"item_purchase_floors":[],"current_hp_per_floor":[78,75,80,60,60,66,59,59,59,31,0],"gold":239,"neow_bonus":"THREE_ENEMY_KILL","is_prod":false,"is_daily":false,"chose_seed":false,"campfire_upgraded":0,"win_rate":0,"timestamp":1551041520,"path_taken":["M","?","M","?","?","E","M","M","T","M","E"],"build_version":"2019-01-23","purchased_purges":0,"victory":false,"max_hp_per_floor":[80,80,80,80,80,80,80,80,80,80,80],"card_choices":[{"not_picked":["Sword Boomerang","Rage","True Grit"],"picked":"SKIP","floor":1},{"not_picked":["Power Through","Iron Wave","Sword Boomerang"],"picked":"SKIP","floor":3},{"not_picked":["Warcry","Second Wind"],"picked":"Barricade","floor":6},{"not_picked":["Headbutt","Perfected Strike","Iron Wave"],"picked":"SKIP","floor":7},{"not_picked":["Clothesline","Shrug It Off"],"picked":"Body Slam","floor":8},{"not_picked":["Body Slam","Second Wind"],"picked":"Impervious","floor":10}],"player_experience":1504251,"relics_obtained":[{"floor":6,"key":"Regal Pillow"},{"floor":9,"key":"Ancient Tea Set"}],"event_choices":[{"damage_healed":0,"gold_gain":0,"player_choice":"Success","damage_taken":3,"relics_obtained":["Juzu Bracelet"],"max_hp_gain":0,"max_hp_loss":0,"event_name":"Scrap Ooze","floor":2,"gold_loss":0},{"damage_healed":0,"gold_gain":0,"player_choice":"Take Damage","damage_taken":20,"relics_obtained":["Golden Idol"],"max_hp_gain":0,"max_hp_loss":0,"event_name":"Golden Idol","floor":4,"gold_loss":0},{"damage_healed":0,"gold_gain":0,"player_choice":"Bought 0 Potions","damage_taken":0,"max_hp_gain":0,"max_hp_loss":0,"event_name":"The Woman in Blue","floor":5,"gold_loss":0}],"is_beta":false,"boss_relics":[],"items_purged_floors":[],"is_endless":false,"potions_floor_spawned":[6,7],"killed_by":"Gremlin Nob","ascension_level":7}