{"gold_per_floor":[212,212,228,24,42,42,42,42,42,42,42,53,63,117,117,117],"floor_reached":16,"playtime":660,"items_purged":[],"score":135,"play_id":"2cfb867a-735a-4272-9a9f-fc261ce060c9","local_time":"20190716122516","is_ascension_mode":true,"campfire_choices":[{"floor":6,"key":"REST"},{"floor":8,"key":"RECALL"},{"data":"Defend_R","floor":10,"key":"SMITH"},{"floor":15,"key":"REST"}],"neow_cost":"NONE","seed_source_timestamp":388803919059694,"circlet_count":0,"master_deck":["AscendersBane","Strike_R+1","Strike_R","Strike_R+1","Strike_R","Defend_R","Defend_R","Defend_R","Defend_R+1","Bash","Whirlwind","Metallicize"],"relics":["Burning Blood","Membership Card","Vajra"],"potions_floor_usage":[16,16],"damage_taken":[{"damage":13,"enemies":"Jaw Worm","floor":1,"turns":4},{"damage":6,"enemies":"2 Louse","floor":3,"turns":3},{"damage":6,"enemies":"Cultist","floor":5,"turns":3},{"damage":36,"enemies":"Exordium Thugs","floor":12,"turns":9},{"damage":13,"enemies":"Blue Slaver","floor":13,"turns":4},{"damage":86,"enemies":"The Guardian","floor":16,"turns":18}],"seed_played":"-7732852616210401772","potions_obtained":[{"floor":3,"key":"Explosive Potion"},{"floor":12,"key":"BloodPotion"}],"is_trial":false,"path_per_floor":["M","?","M","$","M","R","?","R","T","R","?","M","M","T","R","B"],"character_chosen":"IRONCLAD","items_purchased":["Membership Card"],"campfire_rested":2,"item_purchase_floors":[4],"current_hp_per_floor":[65,49,49,49,49,73,73,73,73,73,73,43,36,36,60,0],"gold":117,"neow_bonus":"HUNDRED_GOLD","is_prod":false,"is_daily":false,"chose_seed":false,"campfire_upgraded":1,"win_rate":0,"timestamp":1563297916,"path_taken":["M","?","M","$","M","R","?","R","T","R","?","M","?","?","R","BOSS"],"build_version":"2019-07-05","purchased_purges":0,"victory":false,"max_hp_per_floor":[80,80,80,80,80,80,80,80,80,80,80,80,80,80,80,80],"card_choices":[{"not_picked":["Thunderclap","Blood for Blood","Armaments"],"picked":"SKIP","floor":1},{"not_picked":["Havoc","Inflame","Shockwave"],"picked":"SKIP","floor":3},{"not_picked":["Perfected Strike","Headbutt","Sentinel"],"picked":"SKIP","floor":5},{"not_picked":["Entrench","Corruption","True Grit"],"picked":"SKIP","floor":12},{"not_picked":["Entrench","Corruption","True Grit"],"picked":"SKIP","floor":12},{"not_picked":["Armaments","Carnage"],"picked":"Metallicize","floor":13}],"player_experience":2349891,"relics_obtained":[{"floor":14,"key":"Vajra"}],"event_choices":[{"damage_healed":0,"gold_gain":0,"player_choice":"Entered Light","damage_taken":16,"max_hp_gain":0,"max_hp_loss":0,"event_name":"Shining Light","floor":2,"gold_loss":0,"cards_upgraded":["Strike_R","Strike_R"]},{"damage_healed":0,"gold_gain":0,"player_choice":"Ignored","damage_taken":0,"max_hp_gain":0,"max_hp_loss":0,"event_name":"Liars Game","floor":7,"gold_loss":0},{"damage_healed":0,"gold_gain":0,"cards_transformed":["Strike_R"],"player_choice":"Transformed","damage_taken":0,"max_hp_gain":0,"max_hp_loss":0,"event_name":"Transmorgrifier","floor":11,"gold_loss":0,"cards_obtained":["Whirlwind"]}],"is_beta":false,"boss_relics":[],"items_purged_floors":[],"is_endless":false,"potions_floor_spawned":[3,12],"killed_by":"The Guardian","ascension_level":10}