{"gold_per_floor":[16,91,109,127,102,102,102,27,27,39,39,58,70,82,82,184,184,199,124,24,24,124,124,143,143,143,143,159,159,159,174,174,272,272,292,392,20,0,0,29,29,44,67,101,115,115,215,227,227,227],"floor_reached":50,"playtime":3669,"items_purged":["Pain","Strike_R","Strike_R"],"score":646,"play_id":"3a462c60-fa66-4a02-b4b4-cf6c9edb93e4","local_time":"20190204222209","is_ascension_mode":true,"campfire_choices":[{"data":"Sentinel","floor":6.0,"key":"SMITH"},{"data":"Burning Pact","floor":11.0,"key":"SMITH"},{"data":"Seeing Red","floor":15.0,"key":"SMITH"},{"floor":23.0,"key":"REST"},{"data":"Juggernaut","floor":25.0,"key":"SMITH"},{"data":"Battle Trance","floor":27.0,"key":"SMITH"},{"data":"Flame Barrier","floor":29.0,"key":"SMITH"},{"floor":32.0,"key":"REST"},{"floor":41,"key":"REST"},{"floor":46,"key":"REST"},{"floor":49,"key":"RECALL"}],"neow_cost":"NO_GOLD","seed_source_timestamp":0,"circlet_count":0,"master_deck":["Defend_R","Defend_R+1","Defend_R","Defend_R+1","Bash","Sentinel+1","Burning Pact+1","Battle Trance+1","Shrug It Off","Seeing Red+1","Flame Barrier+1","Juggernaut+1","Flame Barrier","Whirlwind","Disarm+1","Barricade","Shrug It Off+1"],"special_seed":0,"relics":["Black Blood","WarpedTongs","Question Card","Sozu","Nilry\u0027s Codex","Turnip","Bottled Tornado","Gremlin Horn","Girya","Mummified Hand","Red Mask","Nunchaku","War Paint"],"potions_floor_usage":[],"damage_taken":[{"damage":8.0,"enemies":"2 Louse","floor":1.0,"turns":4.0},{"damage":4.0,"enemies":"Cultist","floor":3.0,"turns":5.0},{"damage":6.0,"enemies":"Small Slimes","floor":4.0,"turns":5.0},{"damage":17.0,"enemies":"Exordium Thugs","floor":5.0,"turns":6.0},{"damage":2.0,"enemies":"Exordium Wildlife","floor":10.0,"turns":5.0},{"damage":0.0,"enemies":"3 Louse","floor":12.0,"turns":5.0},{"damage":0.0,"enemies":"Large Slime","floor":13.0,"turns":5.0},{"damage":0.0,"enemies":"2 Fungi Beasts","floor":14.0,"turns":3.0},{"damage":5.0,"enemies":"The Guardian","floor":16.0,"turns":16.0},{"damage":2.0,"enemies":"Chosen","floor":18.0,"turns":5.0},{"damage":1.0,"enemies":"Colosseum Slavers","floor":22.0,"turns":5.0},{"damage":30.0,"enemies":"Colosseum Nobs","floor":22.0,"turns":5.0},{"damage":9.0,"enemies":"2 Thieves","floor":24.0,"turns":3.0},{"damage":0.0,"enemies":"Cultist and Chosen","floor":28.0,"turns":6.0},{"damage":19.0,"enemies":"Snake Plant","floor":31.0,"turns":3.0},{"damage":53.0,"enemies":"Champ","floor":33.0,"turns":14.0},{"damage":10,"enemies":"3 Shapes","floor":35,"turns":5},{"damage":4,"enemies":"Mind Bloom Boss Battle","floor":36,"turns":7},{"damage":34,"enemies":"Nemesis","floor":40,"turns":13},{"damage":3,"enemies":"Orb Walker","floor":42,"turns":5},{"damage":76,"enemies":"Reptomancer","floor":44,"turns":8},{"damage":0,"enemies":"Maw","floor":45,"turns":10},{"damage":25,"enemies":"Jaw Worm Horde","floor":48,"turns":7},{"damage":33,"enemies":"Awakened One","floor":50,"turns":3}],"seed_played":"7017518066048398616","potions_obtained":[{"floor":1.0,"key":"PowerPotion"},{"floor":3.0,"key":"Dexterity Potion"},{"floor":5.0,"key":"Energy Potion"}],"is_trial":false,"path_per_floor":["M","?","M","M","M","R","?","$","T","M","R","M","M","M","R","B",null,"M","?","$","?","?","R","M","R","T","R","M","R","?","M","R","B",null,"M","?","$","?","$","E","R","M","T","E","M","R","?","M","R","B"],"character_chosen":"IRONCLAD","items_purchased":["Mummified Hand"],"campfire_rested":4,"item_purchase_floors":[37],"current_hp_per_floor":[78,70,72,72,61,61,61,61,61,65,65,71,77,80,80,80,80,80,80,80,64,45,69,66,66,66,66,72,72,72,59,80,33,68,68,74,74,74,74,50,74,80,80,14,24,48,48,33,33,0],"gold":227,"neow_bonus":"TRANSFORM_TWO_CARDS","is_prod":false,"is_daily":false,"chose_seed":false,"campfire_upgraded":6,"win_rate":0,"timestamp":1549340529,"path_taken":["M","?","?","M","M","R","?","?","T","M","R","M","M","M","R","BOSS","M","?","$","?","?","R","M","R","T","R","M","R","?","M","R","BOSS","M","?","$","?","$","E","R","M","T","E","M","R","?","?","R","BOSS"],"build_version":"2019-01-23","purchased_purges":3,"victory":false,"max_hp_per_floor":[80,80,80,80,80,80,80,80,80,80,80,80,80,80,80,80,80,80,80,80,80,80,80,80,80,80,80,80,80,80,80,80,80,80,80,80,80,80,80,80,80,80,80,80,80,80,80,80,80,80],"card_choices":[{"not_picked":["Evolve","Clothesline","Dropkick"],"picked":"SKIP","floor":1.0},{"not_picked":["Clothesline","Thunderclap"],"picked":"Battle Trance","floor":3.0},{"not_picked":["Power Through","Reckless Charge"],"picked":"Shrug It Off","floor":4.0},{"not_picked":["Thunderclap","Heavy Blade"],"picked":"Seeing Red","floor":5.0},{"not_picked":["Sever Soul","Clash","Entrench","Cleave"],"picked":"SKIP","floor":10.0},{"not_picked":["Hemokinesis","Sword Boomerang","Havoc","True Grit"],"picked":"SKIP","floor":12.0},{"not_picked":["Thunderclap","Havoc","Cleave"],"picked":"Flame Barrier","floor":13.0},{"not_picked":["Perfected Strike","Thunderclap","Reckless Charge","Cleave"],"picked":"SKIP","floor":14.0},{"not_picked":["Impervious","Offering","Demon Form"],"picked":"Juggernaut","floor":16.0},{"not_picked":["Perfected Strike+1","Clash","Sever Soul"],"picked":"Flame Barrier","floor":18.0},{"not_picked":["Corruption","Dual Wield","Armaments"],"picked":"Whirlwind","floor":24.0},{"not_picked":["Anger","Pommel Strike+1","Armaments"],"picked":"Disarm+1","floor":28.0},{"not_picked":["Cleave","Fiend Fire","Armaments","Heavy Blade"],"picked":"SKIP","floor":31.0},{"not_picked":["Impervious","Double Tap","Reaper"],"picked":"Barricade","floor":33.0},{"not_picked":["Rupture","Warcry","Spot Weakness","True Grit+1"],"picked":"SKIP","floor":35},{"not_picked":["True Grit+1","Uppercut","Twin Strike","Pommel Strike"],"picked":"SKIP","floor":40},{"not_picked":["Spot Weakness","Headbutt","Pommel Strike+1"],"picked":"Shrug It Off+1","floor":42},{"not_picked":["Heavy Blade","Blood for Blood+1","Infernal Blade","Sword Boomerang+1"],"picked":"SKIP","floor":44},{"not_picked":["Rupture","Headbutt+1","Barricade","Twin Strike"],"picked":"SKIP","floor":45},{"not_picked":["Anger","True Grit","Perfected Strike+1","Thunderclap"],"picked":"SKIP","floor":48}],"player_experience":1250250,"relics_obtained":[{"floor":9.0,"key":"Question Card"},{"floor":21.0,"key":"Nilry\u0027s Codex"},{"floor":22.0,"key":"Turnip"},{"floor":22.0,"key":"Bottled Tornado"},{"floor":26.0,"key":"Gremlin Horn"},{"floor":36,"key":"Girya"},{"floor":40,"key":"Nunchaku"},{"floor":44,"key":"War Paint"}],"event_choices":[{"damage_healed":0.0,"max_hp_gain":0.0,"max_hp_loss":0.0,"gold_gain":75.0,"event_name":"FaceTrader","player_choice":"Touch","floor":2.0,"gold_loss":0.0,"damage_taken":8.0},{"damage_healed":0.0,"max_hp_gain":0.0,"max_hp_loss":0.0,"gold_gain":0.0,"event_name":"Accursed Blacksmith","player_choice":"Rummage","floor":7.0,"gold_loss":0.0,"damage_taken":0.0,"relics_obtained":["WarpedTongs"],"cards_obtained":["Pain"]},{"cards_removed":["Strike_R"],"damage_healed":0.0,"max_hp_gain":0.0,"max_hp_loss":0.0,"gold_gain":0.0,"event_name":"Beggar","player_choice":"Gave Gold","floor":19.0,"gold_loss":75.0,"damage_taken":0.0},{"damage_healed":0.0,"max_hp_gain":0.0,"max_hp_loss":0.0,"gold_gain":0.0,"event_name":"Cursed Tome","player_choice":"Obtained Book","floor":21.0,"gold_loss":0.0,"damage_taken":16.0},{"damage_healed":0.0,"max_hp_gain":0.0,"max_hp_loss":0.0,"gold_gain":0.0,"event_name":"Colosseum","player_choice":"Fight","floor":22.0,"gold_loss":0.0,"damage_taken":0.0},{"damage_healed":0.0,"max_hp_gain":0.0,"max_hp_loss":0.0,"gold_gain":0.0,"event_name":"Colosseum","player_choice":"Fought Nobs","floor":22.0,"gold_loss":0.0,"damage_taken":0.0},{"damage_healed":0.0,"max_hp_gain":0.0,"max_hp_loss":0.0,"gold_gain":0.0,"event_name":"Vampires","player_choice":"Ignored","floor":30.0,"gold_loss":0.0,"damage_taken":0.0},{"damage_healed":0,"gold_gain":0,"player_choice":"Fight","damage_taken":0,"max_hp_gain":0,"max_hp_loss":0,"event_name":"MindBloom","floor":36,"gold_loss":0},{"damage_healed":0,"gold_gain":0,"player_choice":"Paid","damage_taken":0,"relics_obtained":["Red Mask"],"max_hp_gain":0,"max_hp_loss":0,"event_name":"Tomb of Lord Red Mask","floor":38,"gold_loss":20},{"damage_healed":0,"gold_gain":100,"player_choice":"Pray","damage_taken":0,"max_hp_gain":0,"max_hp_loss":0,"event_name":"Golden Shrine","floor":47,"gold_loss":0}],"is_beta":false,"boss_relics":[{"not_picked":["Astrolabe","Busted Crown"],"picked":"Sozu"},{"not_picked":["Runic Pyramid","Eternal Feather"],"picked":"Black Blood"}],"items_purged_floors":[8,20,37],"is_endless":false,"potions_floor_spawned":[1,3,5,18,22,24,33,35,36,44,48],"killed_by":"Awakened One","ascension_level":5}