{"gold_per_floor":[218,218,238,238,238,273,294,318,318,318,332,365,377,22,22,148,148,163,163,181,181,205,205,229,229,308,333,354,367,140,140,140,266,266,289,414,433,91,91,91,91,91,91,91,91,91,35,53,53,53],"floor_reached":51,"playtime":2120,"items_purged":["Strike_R","Strike_R"],"score":705,"play_id":"db774973-4071-4629-8082-7e7127f8ef09","local_time":"20190821212129","is_ascension_mode":false,"campfire_choices":[{"floor":13,"key":"REST"},{"data":"Armaments","floor":15,"key":"SMITH"},{"data":"Demon Form","floor":23,"key":"SMITH"},{"data":"Heavy Blade","floor":25,"key":"SMITH"},{"floor":32,"key":"REST"},{"floor":40,"key":"REST"},{"data":"Limit Break","floor":41,"key":"SMITH"},{"data":"Shrug It Off","floor":44,"key":"SMITH"},{"data":"Metallicize","floor":46,"key":"SMITH"},{"floor":49,"key":"REST"}],"neow_cost":"NONE","seed_source_timestamp":551640912786248,"circlet_count":0,"master_deck":["Strike_R","Strike_R","Defend_R","Defend_R","Defend_R","Bash","Cleave","Headbutt","Clash","Armaments+1","Metallicize+1","Dual Wield","Demon Form+1","Dropkick","Infernal Blade","Heavy Blade+1","Disarm","Seeing Red","Limit Break+1","Whirlwind+1","Shrug It Off+1","Demon Form","Heavy Blade"],"relics":["Burning Blood","Pantograph","Golden Idol","Ancient Tea Set","The Courier","MawBank","Shuriken","Lee\u0027s Waffle","Velvet Choker","Tiny Chest","Strange Spoon","Runic Cube","WingedGreaves","Omamori","Lantern","StoneCalendar"],"potions_floor_usage":[6,16,20,28,28,28,28,33,33,36,48,50,50,50,50,50],"damage_taken":[{"damage":0,"enemies":"Small Slimes","floor":1,"turns":3},{"damage":1,"enemies":"Cultist","floor":3,"turns":3},{"damage":55,"enemies":"Lagavulin","floor":6,"turns":9},{"damage":4,"enemies":"2 Louse","floor":7,"turns":2},{"damage":10,"enemies":"2 Fungi Beasts","floor":8,"turns":4},{"damage":5,"enemies":"Looter","floor":11,"turns":4},{"damage":15,"enemies":"3 Sentries","floor":12,"turns":7},{"damage":25,"enemies":"The Guardian","floor":16,"turns":8},{"damage":7,"enemies":"2 Thieves","floor":18,"turns":4},{"damage":17,"enemies":"3 Byrds","floor":20,"turns":5},{"damage":17,"enemies":"3 Cultists","floor":22,"turns":5},{"damage":23,"enemies":"Shelled Parasite and Fungi","floor":24,"turns":5},{"damage":28,"enemies":"Snake Plant","floor":27,"turns":4},{"damage":31,"enemies":"Chosen and Byrds","floor":28,"turns":7},{"damage":11,"enemies":"Snecko","floor":29,"turns":4},{"damage":48,"enemies":"Collector","floor":33,"turns":7},{"damage":48,"enemies":"3 Darklings","floor":35,"turns":10},{"damage":31,"enemies":"Mind Bloom Boss Battle","floor":36,"turns":6},{"damage":13,"enemies":"Orb Walker","floor":37,"turns":3},{"damage":31,"enemies":"Writhing Mass","floor":48,"turns":4},{"damage":59,"enemies":"Time Eater","floor":50,"turns":6}],"seed_played":"-699457010811967065","potions_obtained":[{"floor":3,"key":"SkillPotion"},{"floor":7,"key":"Dexterity Potion"},{"floor":12,"key":"PowerPotion"},{"floor":16,"key":"SkillPotion"},{"floor":24,"key":"EntropicBrew"},{"floor":28,"key":"FearPotion"},{"floor":33,"key":"Energy Potion"},{"floor":35,"key":"SkillPotion"},{"floor":36,"key":"Energy Potion"},{"floor":48,"key":"EntropicBrew"}],"is_trial":false,"path_per_floor":["M","?","M","?","?","E","M","M","T","?","M","E","R","$","R","B",null,"M","?","M","?","M","R","M","R","T","M","M","M","$","?","R","B",null,"M","?","M","$","?","R","R","?","T","R","$","R","$","M","R","B",null],"character_chosen":"IRONCLAD","items_purchased":["Shuriken","Lee\u0027s Waffle","Strange Spoon","Shrug It Off","Omamori","Lantern","Demon Form"],"campfire_rested":4,"item_purchase_floors":[14,14,30,38,38,38,47],"current_hp_per_floor":[80,80,80,80,80,31,33,29,29,29,30,21,45,87,87,68,87,86,86,75,75,64,64,47,47,47,25,21,16,16,16,42,25,87,45,45,38,38,38,64,64,64,64,64,64,64,64,39,65,34],"gold":53,"neow_bonus":"HUNDRED_GOLD","is_prod":false,"is_daily":false,"chose_seed":false,"campfire_upgraded":6,"win_rate":0,"timestamp":1566436889,"path_taken":["M","?","?","?","?","E","M","M","T","?","M","E","R","$","R","BOSS","M","?","?","?","M","R","?","R","T","M","M","M","$","?","R","BOSS","M","?","M","$","?","R","R","?","T","R","$","R","?","M","R","BOSS"],"build_version":"2019-07-17","purchased_purges":2,"victory":true,"max_hp_per_floor":[80,80,80,80,80,80,80,80,80,80,80,80,80,87,87,87,87,87,87,87,87,87,87,87,87,87,87,87,87,87,87,87,87,87,87,87,87,87,87,87,87,87,87,87,87,87,87,87,87,87],"card_choices":[{"not_picked":["Thunderclap","Uppercut"],"picked":"Cleave","floor":1},{"not_picked":["Second Wind","Heavy Blade"],"picked":"Headbutt","floor":3},{"not_picked":["Heavy Blade","Pommel Strike"],"picked":"Clash","floor":6},{"not_picked":["Seeing Red","Thunderclap"],"picked":"Armaments","floor":7},{"not_picked":["Wild Strike","Whirlwind","Warcry"],"picked":"SKIP","floor":8},{"not_picked":["Havoc","Sever Soul"],"picked":"Metallicize","floor":11},{"not_picked":["Brutality","Seeing Red"],"picked":"Dual Wield","floor":12},{"not_picked":["Reaper","Barricade"],"picked":"Demon Form","floor":16},{"not_picked":["Flex+1","Headbutt","Dual Wield"],"picked":"SKIP","floor":18},{"not_picked":["Thunderclap","Battle Trance","Sever Soul"],"picked":"SKIP","floor":20},{"not_picked":["Flame Barrier+1","Iron Wave+1"],"picked":"Infernal Blade","floor":22},{"not_picked":["Rampage","Iron Wave"],"picked":"Heavy Blade","floor":24},{"not_picked":["Armaments","Shockwave+1"],"picked":"Disarm","floor":27},{"not_picked":["Iron Wave","Havoc","Warcry"],"picked":"SKIP","floor":28},{"not_picked":["Flex","Headbutt+1"],"picked":"Seeing Red","floor":29},{"not_picked":["Dark Embrace","Barricade"],"picked":"Limit Break","floor":33},{"not_picked":["True Grit","Anger","Wild Strike+1"],"picked":"SKIP","floor":35},{"not_picked":["Sword Boomerang","Rupture+1"],"picked":"Whirlwind+1","floor":37},{"not_picked":["Bloodletting","Perfected Strike+1"],"picked":"Heavy Blade","floor":48}],"player_experience":155582,"relics_obtained":[{"floor":6,"key":"Ancient Tea Set"},{"floor":9,"key":"The Courier"},{"floor":12,"key":"MawBank"},{"floor":26,"key":"Tiny Chest"},{"floor":36,"key":"WingedGreaves"},{"floor":43,"key":"StoneCalendar"}],"event_choices":[{"damage_healed":0,"gold_gain":0,"player_choice":"Ignored","damage_taken":0,"max_hp_gain":0,"max_hp_loss":0,"event_name":"WeMeetAgain","floor":2,"gold_loss":0},{"damage_healed":0,"gold_gain":0,"player_choice":"Box","damage_taken":0,"relics_obtained":["Pantograph"],"max_hp_gain":0,"max_hp_loss":0,"event_name":"Big Fish","floor":4,"gold_loss":0,"cards_obtained":["Regret"]},{"damage_healed":0,"gold_gain":0,"player_choice":"Take Wound","damage_taken":0,"relics_obtained":["Golden Idol"],"max_hp_gain":0,"max_hp_loss":0,"event_name":"Golden Idol","floor":5,"gold_loss":0,"cards_obtained":["Injury"]},{"cards_removed":["Injury","Regret"],"damage_healed":0,"gold_gain":0,"player_choice":"Removed Curses","damage_taken":0,"max_hp_gain":0,"max_hp_loss":0,"event_name":"Fountain of Cleansing","floor":10,"gold_loss":0},{"damage_healed":0,"gold_gain":0,"cards_transformed":["Strike_R"],"player_choice":"Transformed","damage_taken":0,"max_hp_gain":0,"max_hp_loss":0,"event_name":"Transmorgrifier","floor":19,"gold_loss":0,"cards_obtained":["Dropkick"]},{"damage_healed":0,"gold_gain":0,"player_choice":"Leave","damage_taken":0,"max_hp_gain":0,"max_hp_loss":0,"event_name":"FaceTrader","floor":21,"gold_loss":0},{"damage_healed":0,"gold_gain":0,"player_choice":"Ignored","damage_taken":0,"max_hp_gain":0,"max_hp_loss":0,"event_name":"Ghosts","floor":31,"gold_loss":0},{"damage_healed":0,"gold_gain":0,"player_choice":"Fight","damage_taken":0,"max_hp_gain":0,"max_hp_loss":0,"event_name":"MindBloom","floor":36,"gold_loss":0},{"cards_removed":["Defend_R"],"damage_healed":0,"gold_gain":0,"player_choice":"Removed Skill","damage_taken":0,"max_hp_gain":0,"max_hp_loss":0,"event_name":"Falling","floor":39,"gold_loss":0},{"damage_healed":0,"gold_gain":0,"player_choice":"Memory 1","damage_taken":0,"max_hp_gain":0,"max_hp_loss":0,"event_name":"SensoryStone","floor":42,"gold_loss":0}],"is_beta":false,"boss_relics":[{"not_picked":["Empty Cage","Coffee Dripper"],"picked":"Velvet Choker"},{"not_picked":["Runic Dome","Astrolabe"],"picked":"Runic Cube"}],"items_purged_floors":[30,38],"is_endless":false,"potions_floor_spawned":[3,7,12,16,24,28,33,35,36,48],"ascension_level":0}