{"gold_per_floor":[114,114,214,225,69,69,86,101,101,118,118,135,55,67,67,163,163,174,174,174,89,14,14,29,46,46,65,89,89],"floor_reached":29,"playtime":5106,"items_purged":["Strike_G"],"score":315,"play_id":"1344b29a-d7c8-4aed-b495-e241db5d7c1e","local_time":"20190712111425","is_ascension_mode":true,"campfire_choices":[{"data":"Neutralize","floor":6,"key":"SMITH"},{"data":"Backflip","floor":11,"key":"SMITH"},{"data":"Backflip","floor":15,"key":"SMITH"},{"data":"Cloak And Dagger","floor":23,"key":"SMITH"}],"neow_cost":"NONE","seed_source_timestamp":34471111395290,"circlet_count":0,"master_deck":["Strike_G","Strike_G","Defend_G","Defend_G","Defend_G","Defend_G+1","Defend_G+1","Survivor","Neutralize+1","Backflip+1","Backflip+1","Noxious Fumes","Escape Plan","Cloak And Dagger+1","Dagger Spray","Backflip","Normality","Shame"],"relics":["Coffee Dripper","Anchor","Cursed Key","Question Card","Darkstone Periapt","Orichalcum"],"potions_floor_usage":[16],"damage_taken":[{"damage":4,"enemies":"Small Slimes","floor":1,"turns":4},{"damage":0,"enemies":"Cultist","floor":4,"turns":5},{"damage":0,"enemies":"Jaw Worm","floor":7,"turns":4},{"damage":0,"enemies":"Red Slaver","floor":8,"turns":4},{"damage":0,"enemies":"Lots of Slimes","floor":10,"turns":9},{"damage":0,"enemies":"Exordium Wildlife","floor":12,"turns":3},{"damage":0,"enemies":"Blue Slaver","floor":14,"turns":4},{"damage":4,"enemies":"The Guardian","floor":16,"turns":17},{"damage":8,"enemies":"3 Byrds","floor":18,"turns":8},{"damage":13,"enemies":"Spheric Guardian","floor":24,"turns":6},{"damage":0,"enemies":"3 Cultists","floor":25,"turns":6},{"damage":1,"enemies":"Shelled Parasite and Fungi","floor":27,"turns":11},{"damage":55,"enemies":"Book of Stabbing","floor":29,"turns":10}],"seed_played":"6829574196093043109","potions_obtained":[{"floor":1,"key":"Regen Potion"},{"floor":8,"key":"Regen Potion"},{"floor":10,"key":"SteroidPotion"},{"floor":14,"key":"Fire Potion"},{"floor":24,"key":"Energy Potion"}],"is_trial":false,"path_per_floor":["M","?","?","M","$","R","M","M","T","M","R","M","$","M","R","B",null,"M","?","?","?","$","R","M","M","T","M","T","E"],"character_chosen":"THE_SILENT","items_purchased":["Anchor","Noxious Fumes"],"campfire_rested":0,"item_purchase_floors":[5,13],"current_hp_per_floor":[59,45,45,45,45,45,45,45,45,45,45,45,45,45,45,56,67,59,59,59,59,59,59,46,46,46,45,51,0],"gold":89,"neow_bonus":"BOSS_RELIC","is_prod":false,"is_daily":false,"chose_seed":false,"campfire_upgraded":4,"win_rate":0,"timestamp":1562948065,"path_taken":["M","?","?","M","$","R","M","M","T","M","R","M","$","M","R","BOSS","M","?","?","?","?","R","?","M","T","?","?","E"],"build_version":"2019-07-05","purchased_purges":1,"victory":false,"max_hp_per_floor":[70,70,70,70,70,70,70,70,70,70,70,70,70,70,70,70,70,70,70,70,70,70,70,70,70,70,70,76,76],"card_choices":[{"not_picked":["Calculated Gamble","Choke","Terror"],"picked":"SKIP","floor":1},{"not_picked":["Masterful Stab","Quick Slash"],"picked":"Backflip","floor":4},{"not_picked":["Sucker Punch","Outmaneuver"],"picked":"Backflip","floor":7},{"not_picked":["Dagger Throw","Prepared","Sucker Punch"],"picked":"SKIP","floor":8},{"not_picked":["Flying Knee","Eviscerate","Quick Slash"],"picked":"SKIP","floor":10},{"not_picked":["Dagger Throw","Acrobatics","Calculated Gamble"],"picked":"SKIP","floor":12},{"not_picked":["Concentrate","Endless Agony"],"picked":"Escape Plan","floor":14},{"not_picked":["Dagger Throw","Slice","Dash"],"picked":"SKIP","floor":18},{"not_picked":["Acrobatics+1","Leg Sweep","Calculated Gamble+1","Slice+1"],"picked":"SKIP","floor":24},{"not_picked":["PiercingWail","Deflect","Bane"],"picked":"Backflip","floor":25},{"not_picked":["Deflect+1","Dagger Spray+1","Setup","Predator"],"picked":"SKIP","floor":27}],"player_experience":2239982,"relics_obtained":[{"floor":26,"key":"Darkstone Periapt"},{"floor":28,"key":"Orichalcum"}],"event_choices":[{"damage_healed":0,"gold_gain":0,"player_choice":"Entered Light","damage_taken":14,"max_hp_gain":0,"max_hp_loss":0,"event_name":"Shining Light","floor":2,"gold_loss":0,"cards_upgraded":["Defend_G","Defend_G"]},{"damage_healed":0,"gold_gain":100,"player_choice":"Gold","damage_taken":0,"max_hp_gain":0,"max_hp_loss":0,"event_name":"Wheel of Change","floor":3,"gold_loss":0},{"damage_healed":0,"gold_gain":0,"cards_transformed":["Strike_G","Strike_G"],"player_choice":"Became Test Subject","damage_taken":0,"max_hp_gain":0,"max_hp_loss":0,"event_name":"Drug Dealer","floor":19,"gold_loss":0,"cards_obtained":["Cloak And Dagger","Dagger Spray"]},{"damage_healed":0,"gold_gain":0,"player_choice":"Ignored","damage_taken":0,"max_hp_gain":0,"max_hp_loss":0,"event_name":"Ghosts","floor":20,"gold_loss":0},{"damage_healed":0,"gold_gain":0,"player_choice":"Obtained Relic","damage_taken":0,"relics_obtained":["Question Card"],"max_hp_gain":0,"max_hp_loss":0,"event_name":"Addict","floor":21,"gold_loss":85}],"is_beta":false,"boss_relics":[{"not_picked":["WristBlade","Snecko Eye"],"picked":"Cursed Key"}],"items_purged_floors":[22],"is_endless":false,"potions_floor_spawned":[1,8,10,14,24],"killed_by":"Book of Stabbing","ascension_level":9}