{"gold_per_floor":[17,35,53,128,142,142,167,167,167,167,181,212,230,248,248,352,352,367,367,383,395,408,408,408,282,332,332,357,357,357,382,382,382],"floor_reached":33,"playtime":2199,"items_purged":["Strike_B+1"],"score":468,"play_id":"a08f0de3-3f93-4b08-b729-b18a8a528517","local_time":"20180808132629","is_ascension_mode":true,"campfire_choices":[{"data":"Loop","floor":6.0,"key":"SMITH"},{"data":"Zap","floor":10,"key":"SMITH"},{"data":"Dualcast","floor":15,"key":"SMITH"},{"data":"Go for the Eyes","floor":23,"key":"SMITH"},{"data":"Barrage","floor":27,"key":"SMITH"},{"data":"Conserve Battery","floor":29,"key":"SMITH"},{"floor":32,"key":"REST"}],"neow_cost":"NO_GOLD","seed_source_timestamp":0,"circlet_count":0,"master_deck":["Strike_B+1","Strike_B+1","Strike_B+1","Defend_B+1","Defend_B+1","Defend_B+1","Defend_B+1","Zap+1","Dualcast+1","AscendersBane","Ball Lightning","Loop+1","Cold Snap","Barrage+1","Go for the Eyes+1","Auto Shields","Conserve Battery+1","Core Surge","Darkness+1","Conserve Battery","Core Surge","Ball Lightning","Coolheaded","Go for the Eyes"],"special_seed":0,"relics":["Cracked Core","Letter Opener","Meat on the Bone","Bottled Flame","Pear","Sozu","Juzu Bracelet","Bronze Scales","Art of War"],"potions_floor_usage":[16,16],"damage_taken":[{"damage":14.0,"enemies":"2 Louse","floor":1.0,"turns":3.0},{"damage":0.0,"enemies":"Small Slimes","floor":2.0,"turns":3.0},{"damage":7.0,"enemies":"Jaw Worm","floor":3.0,"turns":3.0},{"damage":8.0,"enemies":"Exordium Wildlife","floor":5.0,"turns":5.0},{"damage":12.0,"enemies":"3 Sentries","floor":7.0,"turns":6.0},{"damage":9,"enemies":"Blue Slaver","floor":11,"turns":3},{"damage":11,"enemies":"Lagavulin","floor":12,"turns":7},{"damage":12,"enemies":"Looter","floor":13,"turns":3},{"damage":12,"enemies":"Gremlin Gang","floor":14,"turns":4},{"damage":15,"enemies":"Slime Boss","floor":16,"turns":11},{"damage":16,"enemies":"Shell Parasite","floor":18,"turns":5},{"damage":4,"enemies":"3 Byrds","floor":20,"turns":4},{"damage":16,"enemies":"Cultist and Chosen","floor":21,"turns":5},{"damage":8,"enemies":"Snake Plant","floor":22,"turns":3},{"damage":35,"enemies":"Slavers","floor":28,"turns":6},{"damage":80,"enemies":"Champ","floor":33,"turns":9}],"seed_played":"3983520304078892930","potions_obtained":[{"floor":2.0,"key":"Regen Potion"},{"floor":3.0,"key":"Fire Potion"},{"floor":11,"key":"GamblersBrew"},{"floor":14,"key":"Regen Potion"}],"is_trial":false,"path_per_floor":["M","M","M","?","M","R","E","T","T","R","M","E","M","M","R","B",null,"M","?","M","M","M","R","?","$","T","R","E","R","?","T","R"],"character_chosen":"DEFECT","items_purchased":["Ball Lightning"],"campfire_rested":1,"item_purchase_floors":[25],"current_hp_per_floor":[68,68,61,50,42,42,45,45,45,45,48,59,59,59,59,59,89,73,73,69,53,57,57,57,57,57,57,34,34,34,34,63,0],"gold":382,"neow_bonus":"TWENTY_PERCENT_HP_BONUS","is_prod":false,"is_daily":false,"chose_seed":false,"campfire_upgraded":6,"win_rate":0,"timestamp":1533759989,"path_taken":["M","M","M","?","M","R","E","?","T","R","M","E","M","M","R","BOSS","M","?","M","M","M","R","?","$","T","R","E","R","?","?","R","BOSS"],"build_version":"2018-08-02","purchased_purges":1,"victory":false,"max_hp_per_floor":[89,89,89,89,89,89,89,89,89,89,89,99,99,99,99,99,99,99,99,99,99,99,99,99,99,99,99,99,99,99,99,99,99],"card_choices":[{"not_picked":["Rebound","Gash","Force Field"],"picked":"SKIP","floor":1.0},{"not_picked":["Cold Snap","Stack"],"picked":"Ball Lightning","floor":2.0},{"not_picked":["Ball Lightning","Darkness"],"picked":"Loop","floor":3.0},{"not_picked":["Leap","Double Energy"],"picked":"Cold Snap","floor":5.0},{"not_picked":["Lockon","Beam Cell"],"picked":"Barrage","floor":7},{"not_picked":["Stack","Sweeping Beam","Heatsinks"],"picked":"SKIP","floor":11},{"not_picked":["Static Discharge","Coolheaded"],"picked":"Go for the Eyes","floor":12},{"not_picked":["Aggregate","FTL"],"picked":"Auto Shields","floor":13},{"not_picked":["Tempest","Gash"],"picked":"Conserve Battery","floor":14},{"not_picked":["Amplify","Biased Cognition"],"picked":"Core Surge","floor":16},{"not_picked":["Storm","Beam Cell"],"picked":"Darkness+1","floor":18},{"not_picked":["Hologram","Gash"],"picked":"Conserve Battery","floor":20},{"not_picked":["Reprogram","Stack"],"picked":"Core Surge","floor":21},{"not_picked":["Rebound","Sweeping Beam","Stack"],"picked":"SKIP","floor":22},{"not_picked":["Sunder+1","Consume"],"picked":"Coolheaded","floor":28}],"player_experience":725091,"relics_obtained":[{"floor":7,"key":"Letter Opener"},{"floor":8,"key":"Meat on the Bone"},{"floor":9,"key":"Bottled Flame"},{"floor":12,"key":"Pear"},{"floor":26,"key":"Juzu Bracelet"},{"floor":28,"key":"Bronze Scales"},{"floor":31,"key":"Art of War"}],"event_choices":[{"event_name":"World of Goop","player_choice":"Gather Gold","floor":4.0,"damage_taken":0.0},{"event_name":"Back to Basics","player_choice":"Simplicity","floor":19,"damage_taken":0},{"event_name":"The Woman in Blue","player_choice":"Bought 0 Potions","floor":24,"damage_taken":0},{"event_name":"The Library","player_choice":"Read","floor":30,"damage_taken":0}],"is_beta":false,"boss_relics":[{"not_picked":["Busted Crown","FrozenCore"],"picked":"Sozu"}],"items_purged_floors":[25],"is_endless":false,"potions_floor_spawned":[2,3,11,14,21],"killed_by":"Champ","ascension_level":12}