{"gold_per_floor":[109,59,234,37,49,75,75,86,86,86,112,132,146,161,161,266,266,279,82,82,98,113,113,113,139,139,238,238,35,52,52,52,147,177,192,202,202,253,128,128,36,36,36,49,49,74,74,27,27,27],"floor_reached":50,"playtime":4582,"items_purged":["Doubt","Strike_G","Strike_G"],"score":645,"play_id":"2fb7334d-95c3-493c-9b2c-9313be49daa2","local_time":"20180716120133","is_ascension_mode":true,"campfire_choices":[{"floor":7,"key":"REST"},{"data":"Adrenaline","floor":10,"key":"SMITH"},{"floor":15,"key":"REST"},{"data":"Cloak And Dagger","floor":23,"key":"SMITH"},{"data":"Accuracy","floor":28,"key":"SMITH"},{"data":"Footwork","floor":32,"key":"SMITH"},{"data":"Infinite Blades","floor":40,"key":"SMITH"},{"data":"After Image","floor":42,"key":"SMITH"},{"floor":47,"key":"REST"},{"floor":49,"key":"REST"}],"neow_cost":"","seed_source_timestamp":74954462853737,"circlet_count":0,"master_deck":["Defend_G","Defend_G","Defend_G","Defend_G","Strike_G","Strike_G","Survivor","Neutralize","Dagger Spray+1","Cloak And Dagger+1","Accuracy+1","Adrenaline+1","Backstab","Infinite Blades+1","PiercingWail+1","Backflip+1","Backstab","Backflip+1","Tools of the Trade","Dodge and Roll+1","Necronomicurse","Terror+1","Cloak And Dagger+1","Footwork+1","Escape Plan+1","Backstab+1","After Image+1","Well Laid Plans","Predator+1","Adrenaline+1","Predator+1","Mind Blast","Cloak And Dagger+1","Riddle With Holes+1","Master of Strategy+1","Cloak And Dagger+1"],"relics":["Ring of the Snake","Toxic Egg 2","Dream Catcher","White Beast Statue","ClockworkSouvenir","Necronomicon","Anchor","Turnip","Nloth\u0027s Gift","Tiny House","Prayer Wheel","Orichalcum","Molten Egg 2"],"potions_floor_usage":[11,16,21,22,22,25,33,35,35,36,38,46,46,50],"damage_taken":[{"damage":0,"enemies":"Cultist","floor":1,"turns":3},{"damage":0,"enemies":"2 Louse","floor":5,"turns":3},{"damage":56,"enemies":"Gremlin Nob","floor":6,"turns":5},{"damage":1,"enemies":"Jaw Worm","floor":8,"turns":3},{"damage":24,"enemies":"Lagavulin","floor":11,"turns":7},{"damage":3,"enemies":"Blue Slaver","floor":12,"turns":4},{"damage":0,"enemies":"Looter","floor":13,"turns":2},{"damage":0,"enemies":"Exordium Thugs","floor":14,"turns":5},{"damage":11,"enemies":"The Guardian","floor":16,"turns":13},{"damage":0,"enemies":"3 Byrds","floor":18,"turns":3},{"damage":0,"enemies":"Spheric Guardian","floor":21,"turns":4},{"damage":0,"enemies":"Cultist and Chosen","floor":22,"turns":5},{"damage":1,"enemies":"Slavers","floor":25,"turns":6},{"damage":5,"enemies":"Snecko","floor":30,"turns":5},{"damage":42,"enemies":"Champ","floor":33,"turns":13},{"damage":0,"enemies":"3 Shapes","floor":35,"turns":4},{"damage":3,"enemies":"3 Darklings","floor":36,"turns":8},{"damage":3,"floor":38,"turns":7},{"damage":0,"enemies":"Spire Growth","floor":44,"turns":3},{"damage":27,"enemies":"Giant Head","floor":46,"turns":7},{"damage":77,"enemies":"Awakened One","floor":50,"turns":17}],"seed_played":"7618978323775839110","potions_obtained":[{"floor":8,"key":"Energy Potion"},{"floor":14,"key":"GamblersBrew"},{"floor":16,"key":"AttackPotion"},{"floor":18,"key":"Block Potion"},{"floor":21,"key":"GamblersBrew"},{"floor":22,"key":"Energy Potion"},{"floor":25,"key":"SmokeBomb"},{"floor":30,"key":"Energy Potion"},{"floor":33,"key":"PowerPotion"},{"floor":34,"key":"Fire Potion"},{"floor":35,"key":"Strength Potion"},{"floor":36,"key":"Block Potion"},{"floor":38,"key":"Ancient Potion"},{"floor":44,"key":"Ancient Potion"},{"floor":46,"key":"Energy Potion"}],"is_trial":false,"path_per_floor":["M","?","?","$","M","E","R","M","T","R","E","M","M","M","R","B",null,"M","$","?","M","M","R","?","E","T","?","R","$","M","?","R","B",null,"M","M","?","?","$","R","$","R","T","M","?","E","R","$","R"],"character_chosen":"THE_SILENT","items_purchased":["Cloak And Dagger","Accuracy","ClockworkSouvenir","Footwork","Escape Plan+1","Mind Blast","Cloak And Dagger+1"],"campfire_rested":4,"item_purchase_floors":[4,4,19,29,29,41,48],"current_hp_per_floor":[70,70,70,70,70,14,35,34,34,34,10,7,7,7,28,17,70,70,70,54,54,54,54,54,53,53,53,53,53,48,48,48,6,75,75,72,72,69,69,69,69,69,69,69,64,37,59,59,75,0],"gold":27,"neow_bonus":"","is_prod":false,"is_daily":false,"chose_seed":false,"campfire_upgraded":6,"win_rate":0,"timestamp":1531760493,"path_taken":["M","?","?","$","M","E","R","?","T","R","E","M","M","?","R","BOSS","M","$","?","M","M","R","?","E","T","?","R","$","?","?","R","BOSS","M","M","?","?","$","R","$","R","T","M","?","E","R","$","R","BOSS"],"build_version":"2018-07-12","purchased_purges":3,"victory":false,"max_hp_per_floor":[70,70,70,70,70,70,70,70,70,70,70,70,70,70,70,70,70,70,70,70,70,70,70,70,70,70,70,70,70,70,70,70,70,75,75,75,75,75,75,75,75,75,75,75,75,75,75,75,75,75],"card_choices":[{"not_picked":["Well Laid Plans","Dodge and Roll"],"picked":"Dagger Spray","floor":1},{"not_picked":["Bouncing Flask","Heel Hook","Acrobatics"],"picked":"SKIP","floor":5},{"not_picked":["PiercingWail","Deadly Poison"],"picked":"Adrenaline","floor":6},{"not_picked":["Dodge and Roll","Blur"],"picked":"Backstab","floor":8},{"not_picked":["Bane","Sucker Punch"],"picked":"Infinite Blades","floor":11},{"not_picked":["Outmaneuver+1","Prepared+1"],"picked":"PiercingWail+1","floor":12},{"not_picked":["Acrobatics+1","Bane"],"picked":"Backflip+1","floor":13},{"not_picked":["Masterful Stab","Dagger Throw"],"picked":"Backstab","floor":14},{"not_picked":["Dagger Throw","Acrobatics+1"],"picked":"Backflip+1","floor":15},{"not_picked":["Venomology+1","Grand Finale"],"picked":"Tools of the Trade","floor":16},{"not_picked":["Dagger Spray","Flying Knee"],"picked":"Dodge and Roll+1","floor":18},{"not_picked":["Quick Slash","Slice"],"picked":"Terror+1","floor":21},{"not_picked":["Dagger Spray","Masterful Stab+1"],"picked":"Cloak And Dagger+1","floor":22},{"not_picked":["Doppelganger+1","Catalyst+1","Dagger Throw+1"],"picked":"SKIP","floor":25},{"not_picked":["Dagger Spray","Finisher"],"picked":"Backstab+1","floor":30},{"not_picked":["Tools of the Trade","Storm of Steel+1"],"picked":"After Image","floor":33},{"not_picked":["Poisoned Stab","Prepared+1"],"picked":"Well Laid Plans","floor":34},{"not_picked":["Masterful Stab+1","Quick Slash","Well Laid Plans+1"],"picked":"SKIP","floor":35},{"not_picked":["Flying Knee","Quick Slash+1"],"picked":"Predator+1","floor":36},{"not_picked":["Grand Finale","Footwork"],"picked":"Predator+1","floor":38},{"not_picked":["Catalyst+1","Slice+1"],"picked":"Cloak And Dagger+1","floor":44},{"not_picked":["Calculated Gamble+1","Caltrops+1"],"picked":"Riddle With Holes+1","floor":44},{"not_picked":["Madness+1","Secret Technique+1"],"picked":"Master of Strategy+1","floor":45},{"not_picked":["Prepared+1","Tools of the Trade","Catalyst+1"],"picked":"SKIP","floor":46}],"player_experience":284901,"relics_obtained":[{"floor":6,"key":"Bronze Scales"},{"floor":9,"key":"Toxic Egg 2"},{"floor":11,"key":"Dream Catcher"},{"floor":20,"key":"Necronomicon"},{"floor":25,"key":"Anchor"},{"floor":26,"key":"Turnip"},{"floor":38,"key":"Prayer Wheel"},{"floor":43,"key":"Orichalcum"},{"floor":46,"key":"Molten Egg 2"}],"event_choices":[{"event_name":"The Cleric","player_choice":"Card Removal","floor":2,"damage_taken":0},{"event_name":"Liars Game","player_choice":"agreed","floor":3,"damage_taken":0},{"event_name":"Cursed Tome","player_choice":"Obtained Book","floor":20,"damage_taken":0},{"event_name":"Bonfire Elementals","player_choice":"BASIC","floor":24,"damage_taken":0},{"event_name":"Nest","player_choice":"Stole From Cult","floor":27,"damage_taken":0},{"event_name":"N\u0027loth","player_choice":"Traded a Bronze Scales","floor":31,"damage_taken":0},{"event_name":"Duplicator","player_choice":"One dupe","floor":37,"damage_taken":0},{"event_name":"Mysterious Sphere","player_choice":"Fight","floor":38,"damage_taken":0},{"event_name":"SensoryStone","player_choice":"Memory 2","floor":45,"damage_taken":0}],"boss_relics":[{"not_picked":["Fusion Hammer","Lizard Tail"],"picked":"White Beast Statue"},{"not_picked":["Eternal Feather","Pandora\u0027s Box"],"picked":"Tiny House"}],"items_purged_floors":[4,29,39],"is_endless":false,"potions_floor_spawned":[8,14,16,18,21,22,25,30,33,35,36,38,44,46],"killed_by":"Awakened One","ascension_level":4}