{"gold_per_floor":[212,226,238,188,16,44,44,70,70,70,129,147,166,180,180,275,275,294,393,75,155,30,30],"floor_reached":23,"playtime":1280,"items_purged":["Defend_R","Strike_R","Strike_R"],"score":269,"play_id":"599ac9f0-bc3e-404e-ba75-634af77e06bd","local_time":"20181001201229","is_ascension_mode":true,"campfire_choices":[{"data":"Bash","floor":7,"key":"SMITH"},{"floor":10,"key":"REST"},{"floor":15,"key":"DIG"}],"neow_cost":"NONE","seed_source_timestamp":25613145423898,"circlet_count":0,"master_deck":["Strike_R","Strike_R","Defend_R","Defend_R","Defend_R","Bash+1","Wild Strike","Thunderclap","Sword Boomerang","Reckless Charge","Shockwave","Feed","Dropkick","Fiend Fire","Warcry+1","Shrug It Off"],"relics":["Burning Blood","Dodecahedron","Pocketwatch","Shovel","Sundial","Dream Catcher","Eternal Feather","ClockworkSouvenir","Frozen Egg 2"],"potions_floor_usage":[5,8,11,16,16],"damage_taken":[{"damage":1,"enemies":"Cultist","floor":1,"turns":3},{"damage":4,"enemies":"Jaw Worm","floor":2,"turns":4},{"damage":12,"enemies":"Small Slimes","floor":3,"turns":2},{"damage":20,"enemies":"Gremlin Nob","floor":6,"turns":4},{"damage":50,"enemies":"3 Sentries","floor":8,"turns":9},{"damage":20,"enemies":"Lagavulin Event","floor":11,"turns":3},{"damage":2,"enemies":"Blue Slaver","floor":12,"turns":4},{"damage":3,"enemies":"2 Fungi Beasts","floor":13,"turns":3},{"damage":0,"enemies":"Exordium Wildlife","floor":14,"turns":3},{"damage":41,"enemies":"The Guardian","floor":16,"turns":9},{"damage":24,"enemies":"2 Thieves","floor":18,"turns":3},{"damage":57,"enemies":"Book of Stabbing","floor":23,"turns":5}],"seed_played":"-7532674589801439179","potions_obtained":[{"floor":2,"key":"FearPotion"},{"floor":8,"key":"PowerPotion"},{"floor":11,"key":"Block Potion"},{"floor":12,"key":"Swift Potion"}],"is_trial":false,"path_per_floor":["M","M","M","?","$","E","R","E","T","R","?","M","M","M","R","B",null,"M","?","$","T","$"],"character_chosen":"IRONCLAD","items_purchased":["Fruit Juice","ClockworkSouvenir","Shrug It Off"],"campfire_rested":1,"item_purchase_floors":[5,20,20],"current_hp_per_floor":[77,79,73,73,78,64,64,20,20,45,31,35,41,50,50,15,72,57,57,57,57,57,0],"gold":30,"neow_bonus":"HUNDRED_GOLD","is_prod":false,"is_daily":false,"chose_seed":false,"campfire_upgraded":1,"win_rate":0,"timestamp":1538442749,"path_taken":["M","M","?","?","$","E","R","E","T","R","?","?","M","M","R","BOSS","M","?","$","?","$","E"],"build_version":"2018-09-27","purchased_purges":3,"victory":false,"max_hp_per_floor":[80,80,80,80,85,85,85,85,85,85,85,85,88,91,91,91,91,94,94,94,94,94,94],"card_choices":[{"not_picked":["Iron Wave","True Grit"],"picked":"Wild Strike","floor":1},{"not_picked":["Clash","True Grit"],"picked":"Thunderclap","floor":2},{"not_picked":["Cleave","Armaments","Second Wind"],"picked":"SKIP","floor":3},{"not_picked":["Entrench","Havoc"],"picked":"Sword Boomerang","floor":6},{"not_picked":["Headbutt","Seeing Red"],"picked":"Reckless Charge","floor":8},{"not_picked":["Carnage","Clothesline"],"picked":"Shockwave","floor":11},{"not_picked":["Thunderclap","Twin Strike"],"picked":"Feed","floor":12},{"not_picked":["Armaments","Shockwave"],"picked":"Dropkick","floor":13},{"not_picked":["Searing Blow","Clothesline","Cleave"],"picked":"SKIP","floor":14},{"not_picked":["Brutality","Berserk"],"picked":"Fiend Fire","floor":16},{"not_picked":["Anger","Flex"],"picked":"Warcry+1","floor":18}],"player_experience":420011,"relics_obtained":[{"floor":6,"key":"Dodecahedron"},{"floor":8,"key":"Pocketwatch"},{"floor":9,"key":"Shovel"},{"floor":11,"key":"Sundial"},{"floor":15,"key":"Dream Catcher"},{"floor":21,"key":"Frozen Egg 2"}],"event_choices":[{"event_name":"The Cleric","player_choice":"Card Removal","floor":4,"damage_taken":0},{"event_name":"Dead Adventurer","player_choice":"Searched \u00271\u0027 times","floor":11,"damage_taken":0},{"event_name":"Nest","player_choice":"Stole From Cult","floor":19,"damage_taken":0}],"is_beta":false,"boss_relics":[{"not_picked":["Calling Bell","Runic Dome"],"picked":"Eternal Feather"}],"items_purged_floors":[5,20,22],"is_endless":false,"potions_floor_spawned":[2,8,11,12],"killed_by":"Book of Stabbing","ascension_level":7}