{"gold_per_floor":[20,38,55,68,84,84,113,113,138,63,63,73,73,88,88,187,187,187],"floor_reached":18,"playtime":899,"items_purged":["Strike_G"],"score":189,"play_id":"ffde9aff-d93e-4fe3-a138-09a8be6630a9","local_time":"20181006195349","is_ascension_mode":false,"campfire_choices":[{"data":"Footwork","floor":6,"key":"SMITH"},{"data":"Predator","floor":8,"key":"SMITH"},{"data":"Dodge and Roll","floor":11,"key":"SMITH"},{"data":"Dagger Spray","floor":15,"key":"SMITH"}],"neow_cost":"NO_GOLD","seed_source_timestamp":4094651728876,"circlet_count":0,"master_deck":["Defend_G","Defend_G","Defend_G","Defend_G","Defend_G","Strike_G","Strike_G","Strike_G","Survivor","Neutralize","Well Laid Plans","Dodge and Roll+1","Backstab","Deflect","Footwork+1","Predator+1","Dagger Spray+1","Masterful Stab","A Thousand Cuts"],"relics":["Ring of the Snake","StoneCalendar","Ginger","Bag of Marbles","HoveringKite"],"potions_floor_usage":[16],"damage_taken":[{"damage":1,"enemies":"Jaw Worm","floor":1,"turns":5},{"damage":0,"enemies":"Small Slimes","floor":2,"turns":3},{"damage":0,"enemies":"2 Louse","floor":3,"turns":3},{"damage":2,"enemies":"Large Slime","floor":4,"turns":7},{"damage":0,"enemies":"Gremlin Gang","floor":5,"turns":7},{"damage":0,"enemies":"Lagavulin","floor":7,"turns":7},{"damage":0,"enemies":"Exordium Thugs","floor":12,"turns":3},{"damage":0,"enemies":"Looter","floor":14,"turns":2},{"damage":16,"enemies":"Hexaghost","floor":16,"turns":10},{"damage":0,"enemies":"Spheric Guardian","floor":18,"turns":3}],"seed_played":"-7818044571715834674","potions_obtained":[{"floor":1,"key":"Ancient Potion"},{"floor":4,"key":"Poison Potion"},{"floor":7,"key":"SteroidPotion"},{"floor":14,"key":"Weak Potion"}],"is_trial":false,"path_per_floor":["M","M","M","M","M","R","E","R","T","$","R","M","?","M","R","B",null],"character_chosen":"THE_SILENT","items_purchased":[],"campfire_rested":0,"item_purchase_floors":[],"current_hp_per_floor":[69,69,69,67,67,67,67,67,67,67,67,67,67,67,67,51,70,70],"gold":187,"neow_bonus":"ONE_RARE_RELIC","is_prod":false,"is_daily":false,"chose_seed":false,"campfire_upgraded":4,"win_rate":0,"timestamp":1538880829,"path_taken":["M","M","M","M","M","R","E","R","T","$","R","M","?","M","R","BOSS","M"],"build_version":"2018-10-04v2","purchased_purges":1,"victory":false,"max_hp_per_floor":[70,70,70,70,70,70,70,70,70,70,70,70,70,70,70,70,70,70],"card_choices":[{"not_picked":["Setup","Prepared"],"picked":"Well Laid Plans","floor":1},{"not_picked":["Poisoned Stab","Blade Dance"],"picked":"Dodge and Roll","floor":2},{"not_picked":["Bane","PiercingWail"],"picked":"Backstab","floor":3},{"not_picked":["Endless Agony","Slice"],"picked":"Deflect","floor":4},{"not_picked":["Backflip","Adrenaline"],"picked":"Footwork","floor":5},{"not_picked":["Dagger Throw","Poisoned Stab"],"picked":"Predator","floor":7},{"not_picked":["Prepared","Skewer"],"picked":"Dagger Spray","floor":12},{"not_picked":["Sucker Punch","Expertise","Bullet Time"],"picked":"SKIP","floor":14},{"not_picked":["Storm of Steel","Phantasmal Killer"],"picked":"A Thousand Cuts","floor":16}],"player_experience":897483,"relics_obtained":[{"floor":7,"key":"Ginger"},{"floor":9,"key":"Bag of Marbles"}],"event_choices":[{"event_name":"Living Wall","player_choice":"Change","floor":13,"damage_taken":0}],"is_beta":false,"boss_relics":[{"not_picked":["Orrery","Philosopher\u0027s Stone"],"picked":"HoveringKite"}],"items_purged_floors":[10],"is_endless":false,"potions_floor_spawned":[1,4,7,14],"killed_by":"Spheric Guardian","ascension_level":0}