{"gold_per_floor":[19,37,84,102,132,162,162,181,181,72,105,105,5,15,15,93,93,48,48,48,48,48,48,48,48,48,48,48,48,48,48,48,48],"floor_reached":33,"playtime":1353,"items_purged":["Strike_R","Strike_R"],"score":520,"play_id":"11e9cef8-0602-4b05-815a-6db273e21387","local_time":"20180818193516","is_ascension_mode":true,"campfire_choices":[{"data":"Bludgeon","floor":7.0,"key":"SMITH"},{"data":"Bludgeon","floor":12.0,"key":"SMITH"},{"data":"Metallicize","floor":15,"key":"SMITH"},{"data":"Metallicize","floor":23,"key":"SMITH"},{"data":"Metallicize","floor":25,"key":"SMITH"},{"data":"True Grit","floor":27,"key":"SMITH"},{"floor":30,"key":"REST"},{"data":"Intimidate","floor":32,"key":"SMITH"}],"neow_cost":"NO_GOLD","seed_source_timestamp":0,"circlet_count":0,"master_deck":["Strike_R","Strike_R","Strike_R","Defend_R","Defend_R","Defend_R","Defend_R","Bash","AscendersBane","Bludgeon+1","Shrug It Off","Cleave","Combust","Clash","Metallicize+1","Bludgeon+1","Intimidate+1","Impervious","Clothesline","Metallicize+1","Iron Wave","True Grit+1","Metallicize+1","Iron Wave","Iron Wave"],"special_seed":0,"relics":["Burning Blood","Oddly Smooth Stone","Tiny Chest","Kunai","Letter Opener","Art of War","Ectoplasm","Self Forming Clay","The Courier","Vajra"],"potions_floor_usage":[16,24,29,29,33],"damage_taken":[{"damage":1.0,"enemies":"Cultist","floor":1.0,"turns":3.0},{"damage":4.0,"enemies":"Jaw Worm","floor":2.0,"turns":3.0},{"damage":2.0,"enemies":"Small Slimes","floor":4.0,"turns":4.0},{"damage":22.0,"enemies":"Lagavulin","floor":6.0,"turns":5.0},{"damage":9.0,"enemies":"2 Fungi Beasts","floor":8.0,"turns":3.0},{"damage":18.0,"enemies":"Gremlin Nob","floor":11.0,"turns":3.0},{"damage":3,"enemies":"Red Slaver","floor":14,"turns":2},{"damage":39,"enemies":"Hexaghost","floor":16,"turns":9},{"damage":7,"enemies":"2 Thieves","floor":18,"turns":4},{"damage":7,"enemies":"Chosen","floor":20,"turns":4},{"damage":12,"enemies":"Shelled Parasite and Fungi","floor":21,"turns":7},{"damage":1,"enemies":"Centurion and Healer","floor":22,"turns":6},{"damage":26,"enemies":"Book of Stabbing","floor":24,"turns":7},{"damage":5,"enemies":"Snecko","floor":28,"turns":5},{"damage":34,"enemies":"Gremlin Leader","floor":29,"turns":7},{"damage":0,"enemies":"Snake Plant","floor":31,"turns":4},{"damage":50,"enemies":"Automaton","floor":33,"turns":12}],"seed_played":"-740562924971295124","potions_obtained":[{"floor":6.0,"key":"GamblersBrew"},{"floor":8.0,"key":"FearPotion"},{"floor":11.0,"key":"GamblersBrew"},{"floor":20,"key":"Weak Potion"},{"floor":22,"key":"SkillPotion"},{"floor":24,"key":"BloodPotion"},{"floor":29,"key":"AttackPotion"}],"is_trial":false,"path_per_floor":["M","M","T","M","T","E","R","M","T","$","E","R","$","M","R","B",null,"M","?","M","M","M","R","E","R","T","R","M","E","R","M","R"],"character_chosen":"IRONCLAD","items_purchased":["Metallicize"],"campfire_rested":1,"item_purchase_floors":[10],"current_hp_per_floor":[73,75,75,75,75,59,59,56,56,56,44,44,44,47,47,14,60,59,59,58,52,57,57,37,37,37,37,38,17,39,45,45,0],"gold":48,"neow_bonus":"THREE_RARE_CARDS","is_prod":false,"is_daily":false,"chose_seed":false,"campfire_upgraded":7,"win_rate":0,"timestamp":1534646116,"path_taken":["M","M","?","M","?","E","R","M","T","$","E","R","$","M","R","BOSS","M","?","M","M","M","R","E","R","T","R","M","E","R","M","R","BOSS"],"build_version":"2018-08-16","purchased_purges":2,"victory":false,"max_hp_per_floor":[75,75,75,75,75,75,75,75,75,75,75,75,75,75,75,75,75,75,75,75,75,75,75,75,75,75,75,75,75,75,75,75,75],"card_choices":[{"not_picked":["Impervious","Fiend Fire"],"picked":"Bludgeon","floor":0.0},{"not_picked":["Pommel Strike","Havoc"],"picked":"Shrug It Off","floor":1.0},{"not_picked":["Perfected Strike","Hemokinesis"],"picked":"Cleave","floor":2.0},{"not_picked":["Rampage","Havoc"],"picked":"Combust","floor":4.0},{"not_picked":["Twin Strike","Cleave","Rampage"],"picked":"SKIP","floor":6.0},{"not_picked":["Anger","Flex"],"picked":"Clash","floor":8.0},{"not_picked":["Inflame","Carnage"],"picked":"Bludgeon","floor":11.0},{"not_picked":["Cleave","Armaments"],"picked":"Intimidate","floor":14},{"not_picked":["Juggernaut","Limit Break"],"picked":"Impervious","floor":16},{"not_picked":["Clash","Shrug It Off"],"picked":"Clothesline","floor":18},{"not_picked":["Twin Strike","Armaments"],"picked":"Iron Wave","floor":20},{"not_picked":["Anger","Perfected Strike","Twin Strike"],"picked":"SKIP","floor":21},{"not_picked":["Wild Strike","Havoc"],"picked":"True Grit","floor":22},{"not_picked":["Sword Boomerang","Body Slam"],"picked":"Metallicize","floor":24},{"not_picked":["Body Slam","Rage+1","Clothesline"],"picked":"SKIP","floor":28},{"not_picked":["Perfected Strike","Dark Embrace"],"picked":"Iron Wave","floor":29},{"not_picked":["Body Slam","Searing Blow+1"],"picked":"Iron Wave","floor":31}],"player_experience":774711,"relics_obtained":[{"floor":3.0,"key":"Oddly Smooth Stone"},{"floor":5.0,"key":"Tiny Chest"},{"floor":6.0,"key":"Kunai"},{"floor":9.0,"key":"Letter Opener"},{"floor":11.0,"key":"Art of War"},{"floor":24,"key":"Self Forming Clay"},{"floor":26,"key":"The Courier"},{"floor":29,"key":"Vajra"}],"event_choices":[{"event_name":"The Library","player_choice":"Read","floor":19,"damage_taken":0}],"is_beta":false,"boss_relics":[{"not_picked":["Black Blood","Philosopher\u0027s Stone"],"picked":"Ectoplasm"}],"items_purged_floors":[10,13],"is_endless":false,"potions_floor_spawned":[6,8,11,20,22,24,29],"killed_by":"Automaton","ascension_level":15}