{"gold_per_floor":[116,116,135,40,40,40,40,75,102,114,152,164,186,214,226,334,346,369,20,33,33,33,33,58,58,139,154,171,2,0,12,12,113,113,128,128,50,50,67,67,83,83,83,83,93,125,125,137,137,137],"floor_reached":50,"playtime":6771,"items_purged":[],"score":598,"play_id":"22bc34ce-57f4-47c9-b921-f0dcd135a5a0","local_time":"20190123202420","is_ascension_mode":true,"campfire_choices":[{"data":"Neutralize","floor":6.0,"key":"SMITH"},{"data":"Survivor","floor":10.0,"key":"SMITH"},{"data":"Backflip","floor":15.0,"key":"SMITH"},{"data":"Noxious Fumes","floor":23.0,"key":"SMITH"},{"floor":25.0,"key":"REST"},{"floor":32.0,"key":"REST"},{"data":"Noxious Fumes","floor":40.0,"key":"SMITH"},{"data":"Footwork","floor":42.0,"key":"SMITH"},{"floor":44.0,"key":"REST"},{"data":"Cloak And Dagger","floor":47.0,"key":"SMITH"},{"floor":49.0,"key":"REST"}],"neow_cost":"NONE","seed_source_timestamp":243018009169599,"circlet_count":0,"master_deck":["Defend_G","Defend_G","Defend_G","Defend_G","Defend_G+1","Strike_G","Strike_G","Strike_G+1","Strike_G","Survivor+1","Neutralize+1","Terror","Calculated Gamble","Backflip+1","Dagger Throw","Regret","Flying Knee","Dagger Spray","Endless Agony","Wraith Form v2","Noxious Fumes+1","Noxious Fumes+1","Blind","Blade Dance+1","Good Instincts","Noxious Fumes","Sucker Punch","Night Terror","Heel Hook","Footwork+1","Dagger Spray","Blade Dance+1","Cloak And Dagger+1"],"special_seed":0,"relics":["Busted Crown","CultistMask","Kunai","Nunchaku","MawBank","Pen Nib","Lizard Tail","DollysMirror","Turnip","Paper Crane","Black Star","Shuriken","Bag of Marbles","Gremlin Horn"],"potions_floor_usage":[50,50],"damage_taken":[{"damage":10.0,"enemies":"Jaw Worm","floor":1.0,"turns":4.0},{"damage":0.0,"enemies":"Cultist","floor":3.0,"turns":3.0},{"damage":2.0,"enemies":"Lagavulin","floor":8.0,"turns":8.0},{"damage":15.0,"enemies":"Gremlin Nob","floor":11.0,"turns":4.0},{"damage":7.0,"enemies":"Small Slimes","floor":13.0,"turns":3.0},{"damage":3.0,"enemies":"Blue Slaver","floor":14.0,"turns":2.0},{"damage":9.0,"enemies":"Slime Boss","floor":16.0,"turns":11.0},{"damage":2.0,"enemies":"3 Byrds","floor":18.0,"turns":6.0},{"damage":28.0,"enemies":"2 Thieves","floor":20.0,"turns":5.0},{"damage":1.0,"enemies":"Colosseum Slavers","floor":21.0,"turns":5.0},{"damage":34.0,"enemies":"Book of Stabbing","floor":24.0,"turns":6.0},{"damage":4.0,"enemies":"Snake Plant","floor":27.0,"turns":4.0},{"damage":20.0,"enemies":"Centurion and Healer","floor":28.0,"turns":7.0},{"damage":0.0,"enemies":"Cultist and Chosen","floor":31.0,"turns":4.0},{"damage":22.0,"enemies":"Automaton","floor":33.0,"turns":9.0},{"damage":49.0,"enemies":"3 Darklings","floor":35.0,"turns":9.0},{"damage":12.0,"enemies":"3 Shapes","floor":39.0,"turns":6.0},{"damage":6.0,"enemies":"Spire Growth","floor":41.0,"turns":6.0},{"damage":10.0,"enemies":"Transient","floor":45.0,"turns":5.0},{"damage":33.0,"enemies":"Reptomancer","floor":46.0,"turns":7.0},{"damage":11.0,"enemies":"Sphere and 2 Shapes","floor":48.0,"turns":7.0},{"damage":37,"enemies":"Time Eater","floor":50,"turns":5}],"seed_played":"4345150130223274832","potions_obtained":[{"floor":1.0,"key":"Explosive Potion"},{"floor":8.0,"key":"SpeedPotion"},{"floor":14.0,"key":"SteroidPotion"},{"floor":33.0,"key":"EssenceOfSteel"},{"floor":39.0,"key":"GamblersBrew"},{"floor":45.0,"key":"GamblersBrew"},{"floor":46.0,"key":"GamblersBrew"}],"is_trial":false,"path_per_floor":["M","?","M","$","?","R","$","E","T","R","E","?","M","M","R","B",null,"M","$","M","?","?","R","E","R","T","M","M","$","?","M","R","B",null,"M","?","$","?","M","R","M","R","T","R","M","E","R","M","R","B"],"character_chosen":"THE_SILENT","items_purchased":["Backflip","Dagger Throw","Noxious Fumes","DollysMirror","Blind","Good Instincts","Noxious Fumes","Footwork"],"campfire_rested":4,"item_purchase_floors":[4,4,19,19,19,29,29,37],"current_hp_per_floor":[60,60,60,60,60,60,60,58,58,58,43,29,22,19,19,10,70,68,68,40,39,39,39,5,26,26,22,2,2,2,2,23,1,70,21,21,21,21,9,9,3,3,3,24,14,27,27,16,37,0],"gold":137,"neow_bonus":"BOSS_RELIC","is_prod":false,"is_daily":false,"chose_seed":false,"campfire_upgraded":7,"win_rate":0,"timestamp":1548271460,"path_taken":["M","?","?","$","?","R","$","E","T","R","E","?","M","M","R","BOSS","M","$","M","?","?","R","E","R","T","M","M","$","?","M","R","BOSS","M","?","$","?","M","R","?","R","T","R","M","E","R","M","R","BOSS"],"build_version":"2018-12-20","purchased_purges":0,"victory":false,"max_hp_per_floor":[70,70,70,70,70,70,70,70,70,70,70,70,70,70,70,70,70,70,70,70,70,70,70,70,70,70,70,70,70,70,70,70,70,70,70,70,70,70,70,70,70,70,70,70,70,70,70,70,70,70],"card_choices":[{"not_picked":[],"picked":"Terror","floor":1.0},{"not_picked":[],"picked":"Calculated Gamble","floor":3.0},{"not_picked":[],"picked":"Flying Knee","floor":8.0},{"not_picked":[],"picked":"Dagger Spray","floor":11.0},{"not_picked":[],"picked":"Endless Agony","floor":13.0},{"not_picked":["Poisoned Stab"],"picked":"SKIP","floor":14.0},{"not_picked":[],"picked":"Wraith Form v2","floor":16.0},{"not_picked":["Acrobatics"],"picked":"SKIP","floor":18.0},{"not_picked":["Dagger Spray"],"picked":"SKIP","floor":20.0},{"not_picked":[],"picked":"Blade Dance+1","floor":24.0},{"not_picked":["Acrobatics"],"picked":"SKIP","floor":27.0},{"not_picked":["Dagger Spray+1"],"picked":"SKIP","floor":28.0},{"not_picked":[],"picked":"Sucker Punch","floor":31.0},{"not_picked":[],"picked":"Night Terror","floor":33.0},{"not_picked":[],"picked":"Heel Hook","floor":35.0},{"not_picked":["Quick Slash"],"picked":"SKIP","floor":39.0},{"not_picked":[],"picked":"Blade Dance+1","floor":41.0},{"not_picked":["Underhanded Strike"],"picked":"SKIP","floor":45.0},{"not_picked":[],"picked":"Cloak And Dagger","floor":46.0},{"not_picked":["Reflex"],"picked":"SKIP","floor":48.0}],"player_experience":128972,"relics_obtained":[{"floor":8.0,"key":"Nunchaku"},{"floor":9.0,"key":"MawBank"},{"floor":11.0,"key":"Pen Nib"},{"floor":24.0,"key":"Turnip"},{"floor":26.0,"key":"Paper Crane"},{"floor":43.0,"key":"Shuriken"},{"floor":46.0,"key":"Bag of Marbles"},{"floor":46.0,"key":"Gremlin Horn"}],"event_choices":[{"damage_healed":0.0,"max_hp_gain":0.0,"max_hp_loss":0.0,"gold_gain":0.0,"event_name":"FaceTrader","player_choice":"Trade","floor":2.0,"gold_loss":0.0,"damage_taken":0.0,"relics_obtained":["CultistMask"]},{"damage_healed":0.0,"max_hp_gain":0.0,"max_hp_loss":0.0,"gold_gain":0.0,"event_name":"Big Fish","player_choice":"Box","floor":5.0,"gold_loss":0.0,"damage_taken":0.0,"relics_obtained":["Kunai"],"cards_obtained":["Regret"]},{"damage_healed":0.0,"max_hp_gain":0.0,"max_hp_loss":0.0,"gold_gain":0.0,"event_name":"Shining Light","player_choice":"Entered Light","floor":12.0,"gold_loss":0.0,"damage_taken":14.0,"cards_upgraded":["Defend_G","Strike_G"]},{"damage_healed":0.0,"max_hp_gain":0.0,"max_hp_loss":0.0,"gold_gain":0.0,"event_name":"Colosseum","player_choice":"Fight","floor":21.0,"gold_loss":0.0,"damage_taken":0.0},{"damage_healed":0.0,"max_hp_gain":0.0,"max_hp_loss":0.0,"gold_gain":0.0,"event_name":"Colosseum","player_choice":"Fled From Nobs","floor":21.0,"gold_loss":0.0,"damage_taken":0.0},{"damage_healed":0.0,"max_hp_gain":0.0,"max_hp_loss":0.0,"gold_gain":0.0,"event_name":"Beggar","player_choice":"Ignored","floor":22.0,"gold_loss":0.0,"damage_taken":0.0},{"damage_healed":0.0,"max_hp_gain":0.0,"max_hp_loss":0.0,"gold_gain":0.0,"event_name":"Masked Bandits","player_choice":"Paid Fearfully","floor":30.0,"gold_loss":2.0,"damage_taken":0.0},{"damage_healed":0.0,"max_hp_gain":0.0,"max_hp_loss":0.0,"gold_gain":0.0,"event_name":"Mysterious Sphere","player_choice":"Ignored","floor":36.0,"gold_loss":0.0,"damage_taken":0.0},{"damage_healed":0.0,"max_hp_gain":0.0,"max_hp_loss":0.0,"gold_gain":0.0,"cards_transformed":["Strike_G"],"event_name":"Transmorgrifier","player_choice":"Transformed","floor":38.0,"gold_loss":0.0,"damage_taken":0.0,"cards_obtained":["Dagger Spray"]}],"is_beta":false,"boss_relics":[{"not_picked":["Cursed Key","Astrolabe"],"picked":"Lizard Tail"},{"not_picked":["Runic Dome","Tiny House"],"picked":"Black Star"}],"items_purged_floors":[],"is_endless":false,"potions_floor_spawned":[1,8,14,16,18,24,27,28,33,39,45,46],"killed_by":"Time Eater","ascension_level":4}