{"gold_per_floor":[114,124,124,299,299,325,99,128,128,128,148,72,99,52,52,148,148,159,159,159,173,173,198,218,218,218,14,14,14,14,44,44,145,145,155,170,190,190,190,190,219,219,246,279,34,34,52,52,52,52,52,52,1,29,29],"floor_reached":56,"playtime":5451,"items_purged":["Doubt"],"score":1885,"play_id":"a65e5fdb-aaf3-4424-b19d-cb96648823ba","local_time":"20190415232155","is_ascension_mode":true,"campfire_choices":[{"data":"Noxious Fumes","floor":10,"key":"SMITH"},{"data":"Deadly Poison","floor":15,"key":"SMITH"},{"data":"Footwork","floor":28,"key":"SMITH"},{"data":"Footwork","floor":30,"key":"SMITH"},{"data":"Outmaneuver","floor":32,"key":"SMITH"},{"data":"After Image","floor":40,"key":"SMITH"},{"data":"Burst","floor":42,"key":"SMITH"},{"floor":49,"key":"RECALL"},{"data":"Caltrops","floor":52,"key":"SMITH"}],"neow_cost":"NONE","seed_source_timestamp":25923319593282,"circlet_count":0,"master_deck":["AscendersBane","Defend_G+1","Defend_G+1","Defend_G+1","Defend_G+1","Survivor","Neutralize+1","Skewer","Caltrops+1","Noxious Fumes+1","Footwork+1","Poisoned Stab","Deadly Poison+1","PiercingWail","Blur","Bullet Time","Outmaneuver+1","Bite","Bite","Bite","Footwork+1","PiercingWail+1","After Image+1","Caltrops","Catalyst+1","Blur+1","Burst+1","Flechettes+1","Dodge and Roll+1"],"relics":["Ring of the Serpent","NeowsBlessing","Gremlin Horn","Anchor","Juzu Bracelet","Art of War","Vajra","Runic Pyramid","Bronze Scales","Meat on the Bone","Strawberry","Prayer Wheel","Medical Kit","Dead Branch","Snake Skull","Bag of Preparation","Paper Crane","Bag of Marbles","Bottled Lightning"],"potions_floor_usage":[8,13,16,16,41,47,55],"damage_taken":[{"damage":0,"enemies":"Cultist","floor":1,"turns":1},{"damage":0,"enemies":"Small Slimes","floor":2,"turns":1},{"damage":0,"enemies":"3 Sentries","floor":6,"turns":1},{"damage":19,"enemies":"Lagavulin","floor":8,"turns":9},{"damage":0,"enemies":"2 Louse","floor":11,"turns":3},{"damage":20,"enemies":"Gremlin Nob","floor":13,"turns":5},{"damage":17,"enemies":"Slime Boss","floor":16,"turns":9},{"damage":5,"enemies":"3 Byrds","floor":18,"turns":7},{"damage":0,"enemies":"Chosen","floor":21,"turns":5},{"damage":23,"enemies":"Gremlin Leader","floor":23,"turns":8},{"damage":6,"enemies":"3 Cultists","floor":24,"turns":6},{"damage":2,"enemies":"Book of Stabbing","floor":31,"turns":5},{"damage":41,"enemies":"Automaton","floor":33,"turns":14},{"damage":1,"enemies":"3 Darklings","floor":35,"turns":10},{"damage":0,"enemies":"3 Shapes","floor":36,"turns":6},{"damage":0,"enemies":"Spire Growth","floor":37,"turns":5},{"damage":0,"enemies":"Reptomancer","floor":41,"turns":7},{"damage":0,"enemies":"Giant Head","floor":44,"turns":10},{"damage":0,"enemies":"3 Darklings","floor":47,"turns":4},{"damage":14,"enemies":"Time Eater","floor":50,"turns":8},{"damage":0,"enemies":"Shield and Spear","floor":54,"turns":8},{"damage":59,"enemies":"The Heart","floor":55,"turns":7}],"seed_played":"-1841342090408276496","potions_obtained":[{"floor":1,"key":"SpeedPotion"},{"floor":2,"key":"SkillPotion"},{"floor":6,"key":"Dexterity Potion"},{"floor":8,"key":"Energy Potion"},{"floor":13,"key":"Dexterity Potion"},{"floor":21,"key":"SteroidPotion"},{"floor":23,"key":"EssenceOfSteel"},{"floor":35,"key":"SteroidPotion"},{"floor":37,"key":"PowerPotion"},{"floor":44,"key":"SkillPotion"},{"floor":54,"key":"SteroidPotion"}],"is_trial":false,"path_per_floor":["M","M","?","?","?","E","$","E","T","R","M","$","E","?","R","B",null,"M","?","T","M","?","E","M","?","T","$","R","?","R","E","R","B",null,"M","M","M","?","$","R","E","R","T","E","$","?","M","?","R","B",null,"R","$","E","B",null],"character_chosen":"THE_SILENT","items_purchased":["Anchor","Deadly Poison","PiercingWail","Medical Kit","Paper Crane","Energy Potion"],"campfire_rested":0,"item_purchase_floors":[7,12,12,27,45,53],"current_hp_per_floor":[63,63,63,63,68,68,68,49,49,49,49,49,29,29,29,12,59,54,54,54,54,52,56,59,59,59,59,59,59,59,59,59,42,55,59,59,59,59,59,59,59,59,59,59,59,59,59,59,59,47,56,56,56,59,16],"gold":29,"neow_bonus":"THREE_ENEMY_KILL","is_prod":false,"is_daily":false,"chose_seed":false,"campfire_upgraded":8,"win_rate":0,"timestamp":1555388515,"path_taken":["M","M","?","?","?","E","$","E","T","R","M","$","E","?","R","BOSS","M","?","?","M","?","E","M","?","T","$","R","?","R","E","R","BOSS","M","M","M","?","?","R","E","R","T","E","$","?","M","?","R","BOSS","R","$","E","BOSS"],"build_version":"2019-01-23","purchased_purges":1,"victory":true,"max_hp_per_floor":[70,70,70,70,75,75,75,75,75,75,75,75,75,75,75,75,75,75,75,75,75,52,59,59,59,59,59,59,59,59,59,59,59,59,59,59,59,59,59,59,59,59,59,59,59,59,59,59,59,59,59,59,59,59,59],"card_choices":[{"not_picked":["Underhanded Strike","Distraction"],"picked":"Skewer","floor":1},{"not_picked":["Sucker Punch","Skewer"],"picked":"Caltrops","floor":2},{"not_picked":["Predator","Concentrate"],"picked":"Noxious Fumes","floor":6},{"not_picked":["Bouncing Flask","Slice"],"picked":"Footwork","floor":8},{"not_picked":["Flying Knee","Slice"],"picked":"Poisoned Stab","floor":11},{"not_picked":["Prepared","Crippling Poison"],"picked":"Blur","floor":13},{"not_picked":["Grand Finale","A Thousand Cuts"],"picked":"Bullet Time","floor":16},{"not_picked":["Quick Slash","Sucker Punch"],"picked":"Outmaneuver","floor":18},{"not_picked":["Distraction","Deadly Poison","Well Laid Plans"],"picked":"SKIP","floor":21},{"not_picked":["Expertise","Blade Dance+1"],"picked":"Footwork","floor":23},{"not_picked":["Bane","Sucker Punch","Underhanded Strike"],"picked":"SKIP","floor":24},{"not_picked":["Crippling Poison","Sucker Punch"],"picked":"PiercingWail+1","floor":31},{"not_picked":["Tools of the Trade","Unload"],"picked":"After Image","floor":33},{"not_picked":["Prepared+1","All Out Attack+1"],"picked":"Caltrops","floor":35},{"not_picked":["Cloak And Dagger+1","Deflect+1","Sucker Punch"],"picked":"SKIP","floor":35},{"not_picked":["Poisoned Stab","Cloak And Dagger+1"],"picked":"Catalyst+1","floor":36},{"not_picked":["Quick Slash","Eviscerate","Cloak And Dagger+1"],"picked":"SKIP","floor":36},{"not_picked":["Dagger Throw+1","Prepared"],"picked":"Blur+1","floor":37},{"not_picked":["All Out Attack","Prepared","Poisoned Stab"],"picked":"SKIP","floor":37},{"not_picked":["Skewer+1","Heel Hook+1"],"picked":"Burst","floor":41},{"not_picked":["Tools of the Trade","Acrobatics"],"picked":"Flechettes+1","floor":44},{"not_picked":["Reflex","Blade Dance+1"],"picked":"Dodge and Roll+1","floor":47},{"not_picked":["Deflect","Bane","Cloak And Dagger"],"picked":"SKIP","floor":47},{"not_picked":["Dash","Masterful Stab","Bouncing Flask"],"picked":"SKIP","floor":54}],"player_experience":753233,"relics_obtained":[{"floor":6,"key":"Gremlin Horn"},{"floor":8,"key":"Juzu Bracelet"},{"floor":9,"key":"Art of War"},{"floor":13,"key":"Vajra"},{"floor":20,"key":"Meat on the Bone"},{"floor":23,"key":"Strawberry"},{"floor":26,"key":"Prayer Wheel"},{"floor":31,"key":"Dead Branch"},{"floor":41,"key":"Snake Skull"},{"floor":44,"key":"Bag of Preparation"},{"floor":54,"key":"Bottled Lightning"}],"event_choices":[{"damage_healed":0,"gold_gain":0,"player_choice":"Grow","damage_taken":0,"max_hp_gain":0,"max_hp_loss":0,"event_name":"Living Wall","floor":3,"gold_loss":0,"cards_upgraded":["Neutralize"]},{"damage_healed":0,"gold_gain":175,"player_choice":"AGREE","damage_taken":0,"max_hp_gain":0,"max_hp_loss":0,"event_name":"Liars Game","floor":4,"gold_loss":0,"cards_obtained":["Doubt"]},{"damage_healed":0,"gold_gain":0,"player_choice":"Donut","damage_taken":0,"max_hp_gain":5,"max_hp_loss":0,"event_name":"Big Fish","floor":5,"gold_loss":0},{"damage_healed":0,"gold_gain":0,"player_choice":"Left Gold","damage_taken":0,"max_hp_gain":0,"max_hp_loss":0,"event_name":"World of Goop","floor":14,"gold_loss":47},{"damage_healed":0,"gold_gain":0,"player_choice":"Opened","damage_taken":0,"relics_obtained":["Bronze Scales"],"max_hp_gain":0,"max_hp_loss":0,"event_name":"The Mausoleum","floor":19,"gold_loss":0},{"damage_healed":0,"gold_gain":0,"player_choice":"Became a vampire","damage_taken":0,"max_hp_gain":0,"max_hp_loss":23,"event_name":"Vampires","floor":22,"gold_loss":0,"cards_obtained":["Bite","Bite","Bite","Bite","Bite"]},{"cards_removed":["Bite"],"damage_healed":5,"gold_gain":0,"player_choice":"Offered Special","damage_taken":0,"max_hp_gain":0,"max_hp_loss":0,"event_name":"Bonfire Elementals","floor":25,"gold_loss":0},{"damage_healed":0,"gold_gain":0,"player_choice":"Simplicity","damage_taken":0,"max_hp_gain":0,"max_hp_loss":0,"event_name":"Back to Basics","floor":29,"gold_loss":0,"cards_upgraded":["Defend_G","Defend_G","Defend_G","Defend_G","Defend_G"]},{"cards_removed":["Bite"],"damage_healed":0,"gold_gain":0,"player_choice":"Purged","damage_taken":0,"max_hp_gain":0,"max_hp_loss":0,"event_name":"Purifier","floor":38,"gold_loss":0},{"damage_healed":0,"gold_gain":0,"player_choice":"Gave Potion","damage_taken":0,"relics_obtained":["Bag of Marbles"],"max_hp_gain":0,"max_hp_loss":0,"event_name":"WeMeetAgain","floor":46,"gold_loss":0},{"cards_removed":["Defend_G"],"damage_healed":0,"gold_gain":0,"player_choice":"Removed Skill","damage_taken":0,"max_hp_gain":0,"max_hp_loss":0,"event_name":"Falling","floor":48,"gold_loss":0}],"is_beta":false,"boss_relics":[{"not_picked":["Eternal Feather","Velvet Choker"],"picked":"Runic Pyramid"},{"not_picked":["Snecko Eye","Orrery"],"picked":"Ring of the Serpent"}],"items_purged_floors":[7],"is_endless":false,"potions_floor_spawned":[1,2,6,8,13,21,23,33,35,37,44,54],"ascension_level":11}