{"gold_per_floor":[118,129,139,139,44,76,76,110,110,110],"floor_reached":10,"playtime":316,"items_purged":[],"score":133,"play_id":"6fa2560e-e84d-4f2c-ada4-315e0f5ab338","local_time":"20190204195402","is_ascension_mode":true,"campfire_choices":[{"data":"Bash","floor":7.0,"key":"SMITH"}],"neow_cost":"NONE","seed_source_timestamp":294485640343728,"circlet_count":0,"master_deck":["AscendersBane","Strike_R","Strike_R","Strike_R","Strike_R","Defend_R","Defend_R","Defend_R","Defend_R","Bash+1","Cleave","Disarm","Blind","Reaper","Thunderclap"],"special_seed":0,"relics":["Burning Blood","NeowsBlessing","Unceasing Top","Champion Belt","Girya"],"potions_floor_usage":[8],"damage_taken":[{"damage":0.0,"enemies":"2 Louse","floor":1.0,"turns":2.0},{"damage":0.0,"enemies":"Jaw Worm","floor":2.0,"turns":1.0},{"damage":0.0,"enemies":"Small Slimes","floor":3.0,"turns":1.0},{"damage":40.0,"enemies":"Gremlin Nob","floor":6.0,"turns":5.0},{"damage":27,"enemies":"Lagavulin","floor":8,"turns":9}],"seed_played":"501360465710161632","potions_obtained":[{"floor":2.0,"key":"SpeedPotion"}],"is_trial":false,"path_per_floor":["M","M","M","?","$","E","R","E","T","?"],"character_chosen":"IRONCLAD","items_purchased":["Blind"],"campfire_rested":0,"item_purchase_floors":[5],"current_hp_per_floor":[74,75,75,68,68,34,34,17,17,0],"gold":110,"neow_bonus":"THREE_ENEMY_KILL","is_prod":false,"is_daily":false,"chose_seed":false,"campfire_upgraded":1,"win_rate":0,"timestamp":1549306442,"path_taken":["M","M","M","?","$","E","R","E","T","?"],"build_version":"2019-01-23","purchased_purges":0,"victory":false,"max_hp_per_floor":[75,75,75,75,75,75,75,75,75,75],"card_choices":[{"not_picked":["Thunderclap","Perfected Strike"],"picked":"Cleave","floor":1.0},{"not_picked":["Perfected Strike","Wild Strike","Sword Boomerang"],"picked":"SKIP","floor":2.0},{"not_picked":["Flex","Hemokinesis"],"picked":"Disarm","floor":3.0},{"not_picked":["Cleave","Armaments"],"picked":"Reaper","floor":6.0},{"not_picked":["Pommel Strike","Dark Embrace"],"picked":"Thunderclap","floor":8}],"player_experience":297977,"relics_obtained":[{"floor":6.0,"key":"Unceasing Top"},{"floor":8,"key":"Champion Belt"},{"floor":9,"key":"Girya"}],"event_choices":[{"cards_removed":["Strike_R"],"damage_healed":0.0,"max_hp_gain":0.0,"max_hp_loss":0.0,"gold_gain":0.0,"event_name":"Golden Wing","player_choice":"Card Removal","floor":4.0,"gold_loss":0.0,"damage_taken":7.0}],"is_beta":false,"boss_relics":[],"items_purged_floors":[],"is_endless":false,"potions_floor_spawned":[2],"ascension_level":15}