{"gold_per_floor":[115,38,53,65,65,65,97,97,97,130,130,143,143,143,143,242,242,253,265,190,204,204,204,219,245,245,245,245,274,274,292,292,292],"floor_reached":33,"playtime":2214,"items_purged":[],"score":425,"play_id":"b9aa330f-e3c6-495c-9c86-4fbe7f4d15f7","local_time":"20190204095006","is_ascension_mode":true,"campfire_choices":[{"data":"Zap","floor":6.0,"key":"SMITH"},{"data":"Go for the Eyes","floor":8.0,"key":"SMITH"},{"data":"Dualcast","floor":11.0,"key":"SMITH"},{"data":"Redo","floor":13.0,"key":"SMITH"},{"floor":15.0,"key":"REST"},{"data":"Streamline","floor":23.0,"key":"SMITH"},{"data":"Seek","floor":27.0,"key":"SMITH"},{"data":"Capacitor","floor":30.0,"key":"SMITH"},{"floor":32.0,"key":"REST"}],"neow_cost":"NONE","seed_source_timestamp":256029534002775,"circlet_count":0,"master_deck":["Strike_B","Strike_B","Defend_B","Defend_B","Defend_B","Defend_B","Zap+1","Dualcast+1","Redo+1","Scrape","Go for the Eyes+1","Turbo","Chill","Self Repair","Gash","Seek+1","Cold Snap+1","Barrage","Gash","Streamline+1","FTL","Glacier","Capacitor+1","Hologram+1"],"special_seed":0,"relics":["Cracked Core","NeowsBlessing","Bottled Flame","Oddly Smooth Stone","Bronze Scales","Sozu","Strawberry","Nunchaku","Singing Bowl"],"potions_floor_usage":[],"damage_taken":[{"damage":0.0,"enemies":"Cultist","floor":1.0,"turns":1.0},{"damage":0.0,"enemies":"2 Louse","floor":3.0,"turns":1.0},{"damage":0.0,"enemies":"Small Slimes","floor":4.0,"turns":1.0},{"damage":35.0,"enemies":"Gremlin Nob","floor":7.0,"turns":4.0},{"damage":5.0,"enemies":"3 Sentries","floor":10.0,"turns":11.0},{"damage":10.0,"enemies":"Gremlin Gang","floor":12.0,"turns":3.0},{"damage":32.0,"enemies":"The Guardian","floor":16.0,"turns":9.0},{"damage":19.0,"enemies":"2 Thieves","floor":18.0,"turns":4.0},{"damage":7.0,"enemies":"Shell Parasite","floor":19.0,"turns":7.0},{"damage":14.0,"enemies":"Centurion and Healer","floor":21.0,"turns":8.0},{"damage":8.0,"enemies":"3 Cultists","floor":24.0,"turns":5.0},{"damage":7.0,"enemies":"Slavers","floor":25.0,"turns":6.0},{"damage":32.0,"enemies":"Gremlin Leader","floor":29.0,"turns":9.0},{"damage":4.0,"enemies":"Chosen and Byrds","floor":31.0,"turns":5.0},{"damage":65,"enemies":"Collector","floor":33,"turns":14}],"seed_played":"8700651326685295019","potions_obtained":[{"floor":3.0,"key":"Energy Potion"},{"floor":7.0,"key":"LiquidBronze"},{"floor":10.0,"key":"SpeedPotion"}],"is_trial":false,"path_per_floor":["M","$","M","M","?","R","E","R","T","E","R","M","R","?","R","B",null,"M","M","?","M","?","R","M","E","T","R","?","E","R","M","R","B"],"character_chosen":"DEFECT","items_purchased":["Scrape"],"campfire_rested":2,"item_purchase_floors":[2],"current_hp_per_floor":[68,68,68,68,61,61,26,26,26,21,21,11,11,11,33,8,58,46,46,46,39,39,39,38,45,45,45,45,20,20,23,47,0],"gold":292,"neow_bonus":"THREE_ENEMY_KILL","is_prod":false,"is_daily":false,"chose_seed":false,"campfire_upgraded":7,"win_rate":0,"timestamp":1549270206,"path_taken":["M","$","?","M","?","R","E","R","T","E","R","M","R","?","R","BOSS","M","M","?","M","?","R","?","E","T","R","?","E","R","M","R","BOSS"],"build_version":"2019-01-23","purchased_purges":0,"victory":false,"max_hp_per_floor":[75,75,75,75,75,75,75,75,75,75,75,75,75,75,75,75,75,75,75,75,75,75,75,75,82,82,82,82,82,82,82,82,82],"card_choices":[{"not_picked":["Beam Cell","Tempest"],"picked":"Redo","floor":1.0},{"not_picked":["Sweeping Beam","Redo"],"picked":"Go for the Eyes","floor":3.0},{"not_picked":["Static Discharge","Redo"],"picked":"Turbo","floor":4.0},{"not_picked":["Lockon","Barrage"],"picked":"Chill","floor":7.0},{"not_picked":["Chill","Biased Cognition"],"picked":"Self Repair","floor":10.0},{"not_picked":["Scrape","Glacier"],"picked":"Gash","floor":12.0},{"not_picked":["Core Surge","Hyperbeam"],"picked":"Seek","floor":16.0},{"not_picked":["Rebound","Stack"],"picked":"Cold Snap+1","floor":18.0},{"not_picked":["Heatsinks","Turbo"],"picked":"Barrage","floor":19.0},{"not_picked":["Go for the Eyes","Cold Snap"],"picked":"Gash","floor":21.0},{"not_picked":["Compile Driver","Stack","Hello World+1"],"picked":"SKIP","floor":24.0},{"not_picked":["Blizzard","Rebound"],"picked":"Glacier","floor":25.0},{"not_picked":["Leap","Coolheaded"],"picked":"Capacitor","floor":29.0},{"not_picked":["Redo","Melter"],"picked":"Hologram+1","floor":31.0}],"player_experience":279709,"relics_obtained":[{"floor":7.0,"key":"Bottled Flame"},{"floor":9.0,"key":"Oddly Smooth Stone"},{"floor":10.0,"key":"Bronze Scales"},{"floor":25.0,"key":"Strawberry"},{"floor":26.0,"key":"Nunchaku"},{"floor":29.0,"key":"Singing Bowl"}],"event_choices":[{"cards_removed":["Strike_B"],"damage_healed":0.0,"max_hp_gain":0.0,"max_hp_loss":0.0,"gold_gain":0.0,"event_name":"Golden Wing","player_choice":"Card Removal","floor":5.0,"gold_loss":0.0,"damage_taken":7.0},{"damage_healed":0.0,"max_hp_gain":0.0,"max_hp_loss":0.0,"gold_gain":0.0,"event_name":"Liars Game","player_choice":"Ignored","floor":14.0,"gold_loss":0.0,"damage_taken":0.0},{"cards_removed":["Strike_B"],"damage_healed":0.0,"max_hp_gain":0.0,"max_hp_loss":0.0,"gold_gain":0.0,"event_name":"Beggar","player_choice":"Gave Gold","floor":20.0,"gold_loss":75.0,"damage_taken":0.0},{"damage_healed":0.0,"max_hp_gain":0.0,"max_hp_loss":0.0,"gold_gain":0.0,"event_name":"Match and Keep!","player_choice":"2 cards matched","floor":22.0,"gold_loss":0.0,"damage_taken":0.0,"cards_obtained":["Streamline","FTL"]},{"damage_healed":0.0,"max_hp_gain":0.0,"max_hp_loss":0.0,"gold_gain":0.0,"event_name":"Ghosts","player_choice":"Ignored","floor":28.0,"gold_loss":0.0,"damage_taken":0.0}],"is_beta":false,"boss_relics":[{"not_picked":["Coffee Dripper","Inserter"],"picked":"Sozu"}],"items_purged_floors":[],"is_endless":false,"potions_floor_spawned":[3,7,10,12,19,25,29,31],"killed_by":"Collector","ascension_level":9}