{"gold_per_floor":[114,128,53,68,88,88,121,121,121,139,139,214,214,229,229,333,333,347,347,359,369,388,388,388],"floor_reached":24,"playtime":1393,"items_purged":[],"score":310,"play_id":"718e9f63-7194-4b61-b853-1319f4641a28","local_time":"20190428212831","is_ascension_mode":true,"campfire_choices":[{"data":"Defragment","floor":6.0,"key":"SMITH"},{"floor":8.0,"key":"REST"},{"data":"Leap","floor":11.0,"key":"SMITH"},{"data":"Coolheaded","floor":15.0,"key":"SMITH"},{"floor":23,"key":"REST"}],"neow_cost":"NONE","seed_source_timestamp":0,"circlet_count":0,"master_deck":["AscendersBane","Strike_B","Strike_B","Strike_B","Strike_B","Defend_B","Defend_B","Defend_B","Defend_B","Zap","Dualcast","Ball Lightning","Chill+1","Defragment+1","Barrage","Leap+1","Coolheaded+1","Cold Snap","Hyperbeam","Self Repair","Ball Lightning+1","Streamline"],"special_seed":0,"relics":["Cracked Core","Centennial Puzzle","Art of War","Inserter"],"potions_floor_usage":[24],"damage_taken":[{"damage":0.0,"enemies":"Small Slimes","floor":1.0,"turns":3.0},{"damage":7.0,"enemies":"Jaw Worm","floor":2.0,"turns":3.0},{"damage":2.0,"enemies":"Cultist","floor":4.0,"turns":4.0},{"damage":4.0,"enemies":"Looter","floor":5.0,"turns":3.0},{"damage":30.0,"enemies":"Gremlin Nob","floor":7.0,"turns":4.0},{"damage":5.0,"enemies":"Large Slime","floor":10.0,"turns":4.0},{"damage":1.0,"enemies":"Blue Slaver","floor":14.0,"turns":4.0},{"damage":23.0,"enemies":"The Guardian","floor":16.0,"turns":17.0},{"damage":5,"enemies":"3 Byrds","floor":18,"turns":4},{"damage":7,"enemies":"Chosen","floor":20,"turns":6},{"damage":1,"enemies":"Centurion and Healer","floor":21,"turns":9},{"damage":36,"enemies":"3 Cultists","floor":22,"turns":5},{"damage":50,"enemies":"Book of Stabbing","floor":24,"turns":6}],"seed_played":"-8678797906771759965","potions_obtained":[{"floor":1.0,"key":"Explosive Potion"},{"floor":7.0,"key":"GamblersBrew"},{"floor":10.0,"key":"PowerPotion"}],"is_trial":false,"path_per_floor":["M","M","$","M","M","R","E","R","T","M","R","?","?","M","R","B",null,"M","?","M","M","M","R","E"],"character_chosen":"DEFECT","items_purchased":["Defragment"],"campfire_rested":2,"item_purchase_floors":[3],"current_hp_per_floor":[75,68,68,66,62,62,32,56,56,51,51,40,40,39,39,16,66,61,53,53,59,23,47,0],"gold":388,"neow_bonus":"TEN_PERCENT_HP_BONUS","is_prod":false,"is_daily":false,"chose_seed":false,"campfire_upgraded":3,"win_rate":0,"timestamp":1556458111,"path_taken":["M","M","$","M","M","R","E","R","T","M","R","?","?","M","R","BOSS","M","?","M","?","M","R","E"],"build_version":"2019-01-23","purchased_purges":0,"victory":false,"max_hp_per_floor":[82,82,82,82,82,82,82,82,82,82,82,82,82,82,82,82,82,82,82,82,82,82,82,82],"card_choices":[{"not_picked":["Skim","Turbo"],"picked":"Ball Lightning","floor":1.0},{"not_picked":["Compile Driver","Force Field"],"picked":"Chill","floor":2.0},{"not_picked":["Hologram","White Noise"],"picked":"Barrage","floor":4.0},{"not_picked":["Hello World","Barrage","Stack"],"picked":"SKIP","floor":5.0},{"not_picked":["Melter","BootSequence"],"picked":"Leap","floor":7.0},{"not_picked":["Sunder","Doom and Gloom"],"picked":"Coolheaded","floor":10.0},{"not_picked":["Steam","Beam Cell"],"picked":"Cold Snap","floor":14.0},{"not_picked":["Seek","Biased Cognition"],"picked":"Hyperbeam","floor":16.0},{"not_picked":["Redo","Steam+1"],"picked":"Self Repair","floor":18},{"not_picked":["Rip and Tear","Compile Driver"],"picked":"Ball Lightning+1","floor":20},{"not_picked":["Beam Cell","Reinforced Body+1"],"picked":"Streamline","floor":21},{"not_picked":["Cold Snap","Hologram+1","Loop"],"picked":"SKIP","floor":22}],"player_experience":729704,"relics_obtained":[{"floor":7.0,"key":"Centennial Puzzle"},{"floor":9.0,"key":"Art of War"}],"event_choices":[{"damage_healed":0.0,"max_hp_gain":0.0,"max_hp_loss":0.0,"gold_gain":75.0,"event_name":"World of Goop","player_choice":"Gather Gold","floor":12.0,"gold_loss":0.0,"damage_taken":11.0},{"damage_healed":0.0,"max_hp_gain":0.0,"max_hp_loss":0.0,"gold_gain":0.0,"event_name":"Living Wall","player_choice":"Grow","floor":13.0,"gold_loss":0.0,"damage_taken":0.0,"cards_upgraded":["Chill"]},{"damage_healed":0,"gold_gain":0,"player_choice":"Damaged","damage_taken":8,"max_hp_gain":0,"max_hp_loss":0,"event_name":"Wheel of Change","floor":19,"gold_loss":0}],"is_beta":false,"boss_relics":[{"not_picked":["Velvet Choker","Tiny House"],"picked":"Inserter"}],"items_purged_floors":[],"is_endless":false,"potions_floor_spawned":[1,7,10,18],"killed_by":"Book of Stabbing","ascension_level":11}