{"gold_per_floor":[20,20,20,32,46,46,63,63,141,161,11,0,25,39,39,118,118,128,161,172,188,0,0,0],"floor_reached":24,"playtime":1631,"items_purged":[],"score":476,"play_id":"0d331971-25ac-4e6a-8e80-c18829276f69","local_time":"20190401125802","is_ascension_mode":true,"campfire_choices":[{"data":"1","floor":6.0,"key":"LIFT"},{"data":"2","floor":8.0,"key":"LIFT"},{"data":"3","floor":15.0,"key":"LIFT"},{"floor":23,"key":"REST"}],"neow_cost":"NO_GOLD","seed_source_timestamp":76584111389941,"circlet_count":0,"master_deck":["AscendersBane","Defend_G","Defend_G","Defend_G","Defend_G","Defend_G","Strike_G","Strike_G","Strike_G","Strike_G","Survivor","Neutralize","Escape Plan","Quick Slash","Concentrate","Dagger Spray","Prepared","Well Laid Plans","Good Instincts","Riddle With Holes","Cloak And Dagger","After Image","Leg Sweep","Flying Knee","Blur+1","Leg Sweep","Acrobatics","Underhanded Strike"],"special_seed":0,"relics":["Ring of the Snake","Girya","Pen Nib","Bottled Flame","Odd Mushroom","Snecko Eye","Red Mask"],"potions_floor_usage":[],"damage_taken":[{"damage":7.0,"enemies":"Small Slimes","floor":1.0,"turns":5.0},{"damage":4.0,"enemies":"Jaw Worm","floor":4.0,"turns":7.0},{"damage":1.0,"enemies":"Cultist","floor":5.0,"turns":4.0},{"damage":11.0,"enemies":"Lots of Slimes","floor":7.0,"turns":7.0},{"damage":18.0,"enemies":"Large Slime","floor":10.0,"turns":7.0},{"damage":5.0,"enemies":"The Mushroom Lair","floor":13.0,"turns":3.0},{"damage":2.0,"enemies":"2 Fungi Beasts","floor":14.0,"turns":3.0},{"damage":0.0,"enemies":"Slime Boss","floor":16.0,"turns":5.0},{"damage":0.0,"enemies":"Spheric Guardian","floor":18.0,"turns":1.0},{"damage":4.0,"enemies":"Masked Bandits","floor":19.0,"turns":3.0},{"damage":15.0,"enemies":"Shell Parasite","floor":20.0,"turns":6.0},{"damage":17,"enemies":"Cultist and Chosen","floor":21,"turns":6},{"damage":10,"enemies":"Book of Stabbing","floor":24,"turns":7}],"seed_played":"7787029164546288895","potions_obtained":[{"floor":1.0,"key":"Fire Potion"},{"floor":7.0,"key":"GamblersBrew"},{"floor":10.0,"key":"Energy Potion"},{"floor":14.0,"key":"GamblersBrew"},{"floor":19.0,"key":"GamblersBrew"}],"is_trial":false,"path_per_floor":["M","?","?","M","M","R","M","R","T","M","$","?","?","M","R","B",null,"M","?","M","M","$","R","E"],"character_chosen":"THE_SILENT","items_purchased":["Well Laid Plans","Good Instincts","Leg Sweep","Acrobatics","Underhanded Strike"],"campfire_rested":1,"item_purchase_floors":[11,11,22,22,22],"current_hp_per_floor":[52,47,47,43,42,42,31,31,31,13,13,13,8,6,6,6,51,51,47,32,15,15,34,24],"gold":0,"neow_bonus":"ONE_RARE_RELIC","is_prod":false,"is_daily":false,"chose_seed":true,"campfire_upgraded":0,"win_rate":0,"timestamp":1554116282,"path_taken":["M","?","?","M","?","R","?","R","T","M","$","?","?","M","R","BOSS","M","?","M","M","$","R","E"],"build_version":"2019-01-23","purchased_purges":0,"victory":false,"max_hp_per_floor":[66,66,66,66,66,66,66,66,66,66,66,66,66,66,66,66,66,66,66,66,66,66,66,66],"card_choices":[{"not_picked":["Sucker Punch","Deadly Poison"],"picked":"Escape Plan","floor":1.0},{"not_picked":["Bane","Dodge and Roll"],"picked":"Quick Slash","floor":4.0},{"not_picked":["Quick Slash","Bane"],"picked":"Concentrate","floor":5.0},{"not_picked":["Sucker Punch","Tactician"],"picked":"Dagger Spray","floor":7.0},{"not_picked":["Dodge and Roll","Quick Slash"],"picked":"Prepared","floor":10.0},{"not_picked":["Slice","Deadly Poison"],"picked":"Riddle With Holes","floor":13.0},{"not_picked":["Blade Dance","Slice"],"picked":"Cloak And Dagger","floor":14.0},{"not_picked":["Storm of Steel","Corpse Explosion"],"picked":"After Image","floor":16.0},{"not_picked":["Predator","Heel Hook"],"picked":"Leg Sweep","floor":18.0},{"not_picked":["PiercingWail","Concentrate"],"picked":"Flying Knee","floor":19.0},{"not_picked":["Backstab","Bane","Backflip"],"picked":"SKIP","floor":20.0},{"not_picked":["Bane","Prepared"],"picked":"Blur+1","floor":21}],"player_experience":562398,"relics_obtained":[{"floor":9.0,"key":"Bottled Flame"},{"floor":13.0,"key":"Odd Mushroom"},{"floor":19.0,"key":"Red Mask"}],"event_choices":[{"damage_healed":0.0,"max_hp_gain":0.0,"max_hp_loss":0.0,"gold_gain":0.0,"event_name":"Scrap Ooze","player_choice":"Success","floor":2.0,"gold_loss":0.0,"damage_taken":5.0,"relics_obtained":["Pen Nib"]},{"cards_removed":["Strike_G"],"damage_healed":0.0,"max_hp_gain":0.0,"max_hp_loss":0.0,"gold_gain":0.0,"event_name":"Bonfire Elementals","player_choice":"Offered Basic","floor":3.0,"gold_loss":0.0,"damage_taken":0.0},{"damage_healed":0.0,"max_hp_gain":0.0,"max_hp_loss":0.0,"gold_gain":0.0,"event_name":"World of Goop","player_choice":"Left Gold","floor":12.0,"gold_loss":11.0,"damage_taken":0.0},{"damage_healed":0.0,"max_hp_gain":0.0,"max_hp_loss":0.0,"gold_gain":0.0,"event_name":"Mushrooms","player_choice":"Fought Mushrooms","floor":13.0,"gold_loss":0.0,"damage_taken":0.0},{"damage_healed":0.0,"max_hp_gain":0.0,"max_hp_loss":0.0,"gold_gain":0.0,"event_name":"Masked Bandits","player_choice":"Fought Bandits","floor":19.0,"gold_loss":0.0,"damage_taken":0.0}],"is_beta":false,"boss_relics":[{"not_picked":["Calling Bell","Runic Dome"],"picked":"Snecko Eye"}],"items_purged_floors":[],"is_endless":false,"potions_floor_spawned":[1,7,10,14,19],"killed_by":"Book of Stabbing","ascension_level":20}