{"path_per_floor":["M","M","?","M","M","R","E","R","T","M","M","M","M","M","R","B",null,"M","?","M","M","M","E","?","$","T","M","R","E","R","M","R"],"character_chosen":"IRONCLAD","items_purchased":["Iron Wave","Inflame"],"gold_per_floor":[114,125,125,144,164,164,194,194,194,207,218,232,250,270,270,370,370,370,370,370,370,370,370,370,200,200,200,200,200,200,200,200,200],"floor_reached":33,"campfire_rested":2,"playtime":2705,"current_hp_per_floor":[70,76,76,76,50,50,29,53,53,53,50,45,47,46,46,10,63,51,51,56,56,41,32,23,23,23,31,49,50,50,52,52,0],"items_purged":["Defend_R"],"gold":200,"score":423,"play_id":"02efcd87-dff4-433c-98e1-2d8bd1139467","local_time":"20180422024301","is_prod":false,"is_daily":false,"chose_seed":false,"is_ascension_mode":true,"campfire_upgraded":4,"timestamp":1524390181,"path_taken":["M","M","?","M","M","R","E","R","T","?","?","M","M","M","R","BOSS","M","?","M","M","?","E","?","?","T","M","R","E","R","M","R","BOSS"],"build_version":"2018-04-19","seed_source_timestamp":0,"purchased_purges":1,"victory":false,"master_deck":["Defend_R","Defend_R","Defend_R","Bash+1","Shrug It Off","Cleave","Shockwave+1","Fire Breathing+1","Reckless Charge","Iron Wave","Intimidate","Shrug It Off","Clash","Iron Wave","Offering","Battle Trance","Bite","Bite","Bite","Bite","Bite","Dropkick","Rage","Iron Wave","Inflame+1","Immolate","Disarm+1"],"max_hp_per_floor":[80,80,80,80,80,80,80,80,80,80,80,80,80,80,80,80,80,80,56,56,56,56,56,61,61,61,61,61,61,61,61,61,61],"relics":["Burning Blood","Pen Nib","Question Card","Ectoplasm","Bottled Flame","Paper Frog","Orichalcum"],"card_choices":[{"not_picked":["Thunderclap","Pommel Strike"],"picked":"Shrug It Off","floor":1.0},{"not_picked":["Intimidate","Pommel Strike"],"picked":"Cleave","floor":2.0},{"not_picked":["Twin Strike","Bloodletting"],"picked":"Fire Breathing","floor":4.0},{"not_picked":["Warcry","Intimidate"],"picked":"Reckless Charge","floor":5.0},{"not_picked":["Armaments","Body Slam"],"picked":"Iron Wave","floor":7.0},{"not_picked":["Bloodletting","Limit Break","Entrench"],"picked":"Intimidate","floor":10.0},{"not_picked":["Armaments","Anger","Body Slam"],"picked":"Shrug It Off","floor":11.0},{"not_picked":["Flame Barrier","Headbutt","Disarm"],"picked":"Clash","floor":12.0},{"not_picked":["Cleave","Flex","Thunderclap"],"picked":"Iron Wave","floor":13.0},{"not_picked":["Dark Embrace","Fiend Fire","Double Tap"],"picked":"Offering","floor":16.0},{"not_picked":["Rage","Wild Strike","True Grit"],"picked":"Battle Trance","floor":18.0},{"not_picked":["Combust","True Grit","Bloodletting"],"picked":"Dropkick","floor":22.0},{"not_picked":["Body Slam","Reckless Charge","Ghostly Armor"],"picked":"Rage","floor":23.0},{"not_picked":["Inflame","Whirlwind","Twin Strike"],"picked":"Immolate","floor":29.0},{"not_picked":["Heavy Blade","Clothesline","Shrug It Off"],"picked":"Disarm","floor":31}],"player_experience":351258,"potions_floor_usage":[33],"damage_taken":[{"damage":8.0,"enemies":"Small Slimes","floor":1.0,"turns":5.0},{"damage":0.0,"enemies":"Cultist","floor":2.0,"turns":3.0},{"damage":6.0,"enemies":"2 Louse","floor":4.0,"turns":4.0},{"damage":32.0,"enemies":"Gremlin Gang","floor":5.0,"turns":5.0},{"damage":27.0,"enemies":"3 Sentries","floor":7.0,"turns":6.0},{"damage":6.0,"enemies":"2 Fungi Beasts","floor":10.0,"turns":3.0},{"damage":9.0,"enemies":"Blue Slaver","floor":11.0,"turns":5.0},{"damage":11.0,"enemies":"3 Louse","floor":12.0,"turns":3.0},{"damage":4.0,"enemies":"Exordium Wildlife","floor":13.0,"turns":4.0},{"damage":7.0,"enemies":"Red Slaver","floor":14.0,"turns":3.0},{"damage":42.0,"enemies":"Slime Boss","floor":16.0,"turns":14.0},{"damage":18.0,"enemies":"Shell Parasite","floor":18.0,"turns":4.0},{"damage":4.0,"enemies":"Spheric Guardian","floor":20.0,"turns":3.0},{"damage":6.0,"enemies":"3 Cultists","floor":21.0,"turns":4.0},{"damage":29.0,"enemies":"Snake Plant","floor":22.0,"turns":5.0},{"damage":23.0,"enemies":"Slavers","floor":23.0,"turns":5.0},{"damage":6.0,"enemies":"Snecko","floor":27.0,"turns":5.0},{"damage":15.0,"enemies":"Gremlin Leader","floor":29.0,"turns":6.0},{"damage":14,"enemies":"Cultist and Chosen","floor":31,"turns":6},{"damage":67,"enemies":"Automaton","floor":33,"turns":8}],"event_choices":[{"event_name":"Transmorgrifier","player_choice":"Transform","floor":3.0,"damage_taken":0.0},{"event_name":"Vampires","player_choice":"Became a vampire","floor":19.0,"damage_taken":0.0},{"event_name":"Forgotten Altar","player_choice":"Shed Blood","floor":24.0,"damage_taken":0.0}],"boss_relics":[],"potions_floor_spawned":[7,11,12,13,16,18,21,22,27],"seed_played":"-2268001299006856842","killed_by":"Automaton","ascension_level":7,"is_trial":false}