{"path_per_floor":["M","M","M","$","M","R","$","M","T","M","E","M","R","E","R","B",null,"M","M","?","?","M","R","M","R","T","$","R","T","M","M","R"],"character_chosen":"IRONCLAD","items_purchased":["Metallicize","Shrug It Off","Secret Weapon"],"gold_per_floor":[118,131,146,64,79,79,31,44,90,100,131,147,147,174,174,269,269,258,270,270,270,290,290,305,305,305,35,35,35,46,60,60,60],"floor_reached":33,"campfire_rested":0,"playtime":2236,"current_hp_per_floor":[80,82,80,80,79,79,79,81,81,86,85,88,88,69,69,32,74,70,73,73,73,77,77,65,65,65,65,65,65,60,60,60,0],"items_purged":["Strike_R"],"gold":60,"score":365,"play_id":"2685a7d0-3d66-4d5c-a1e4-36c8c7a4b33b","local_time":"20180422230947","is_prod":false,"is_daily":false,"chose_seed":false,"is_ascension_mode":true,"campfire_upgraded":7,"timestamp":1524463787,"path_taken":["M","M","M","?","M","R","$","M","T","M","E","M","R","E","R","BOSS","M","M","?","?","M","R","?","R","T","$","R","?","M","M","R","BOSS"],"build_version":"2018-04-19","seed_source_timestamp":216217439479642,"purchased_purges":3,"victory":false,"master_deck":["Strike_R","Strike_R","Strike_R","Defend_R","Defend_R","Defend_R","Defend_R","Bash","Searing Blow+7","Warcry","Metallicize","Shrug It Off","Shrug It Off","Shrug It Off","Double Tap","Pummel","Armaments","Secret Weapon"],"max_hp_per_floor":[88,88,88,88,88,88,88,88,88,88,88,88,88,88,88,88,88,88,88,88,88,88,88,88,88,88,88,88,88,88,88,88,88],"relics":["Burning Blood","Vajra","Dodecahedron","Lantern","Sozu","Champion Belt","Mummified Hand"],"card_choices":[{"not_picked":["Warcry","Entrench"],"picked":"Searing Blow","floor":1},{"not_picked":["Twin Strike","Sword Boomerang"],"picked":"Warcry","floor":2},{"not_picked":["Shockwave","Feel No Pain"],"picked":"Shrug It Off","floor":8},{"not_picked":["Corruption","Pommel Strike"],"picked":"Shrug It Off","floor":10},{"not_picked":["Fiend Fire","Reaper"],"picked":"Double Tap","floor":16},{"not_picked":["Havoc","Flex"],"picked":"Armaments","floor":22}],"player_experience":364301,"potions_floor_usage":[14,16,33],"damage_taken":[{"damage":6,"enemies":"Cultist","floor":1,"turns":3},{"damage":4,"enemies":"Small Slimes","floor":2,"turns":4},{"damage":8,"enemies":"Jaw Worm","floor":3,"turns":4},{"damage":7,"enemies":"Looter","floor":5,"turns":5},{"damage":4,"enemies":"Exordium Wildlife","floor":8,"turns":7},{"damage":1,"enemies":"Exordium Thugs","floor":10,"turns":5},{"damage":7,"enemies":"3 Sentries","floor":11,"turns":16},{"damage":0,"enemies":"2 Fungi Beasts","floor":12,"turns":5},{"damage":25,"enemies":"Lagavulin","floor":14,"turns":6},{"damage":43,"enemies":"Hexaghost","floor":16,"turns":13},{"damage":10,"enemies":"2 Thieves","floor":18,"turns":4},{"damage":3,"enemies":"Shell Parasite","floor":19,"turns":10},{"damage":2,"enemies":"Snecko","floor":22,"turns":5},{"damage":18,"enemies":"Snake Plant","floor":24,"turns":4},{"damage":11,"enemies":"Slaver and Parasite","floor":30,"turns":5},{"damage":6,"enemies":"Centurion and Healer","floor":31,"turns":4},{"damage":79,"enemies":"Collector","floor":33,"turns":5}],"event_choices":[{"event_name":"Transmorgrifier","player_choice":"Transform","floor":20,"damage_taken":0},{"event_name":"Drug Dealer","player_choice":"Ignored","floor":21,"damage_taken":0}],"boss_relics":[{"not_picked":["Mark of Pain","Orrery"],"picked":"Sozu"}],"potions_floor_spawned":[3,5,10,19,30],"seed_played":"-9136018421323223372","killed_by":"Collector","ascension_level":8,"is_trial":false}