{"gold_per_floor":[117,67,67,83,98,98,8,8,8,21,21,32,42,42,42,144,144,154,164,164,164,183,183,193,205,205,205],"floor_reached":27,"playtime":2025,"items_purged":[],"score":207,"play_id":"2694259f-e247-4748-bb92-4e00b28a3627","local_time":"20180822131247","is_ascension_mode":false,"campfire_choices":[{"data":"Flex","floor":6,"key":"SMITH"},{"data":"Flame Barrier","floor":11,"key":"SMITH"},{"data":"Body Slam","floor":15,"key":"SMITH"},{"data":"Barricade","floor":23,"key":"SMITH"}],"neow_cost":"NONE","seed_source_timestamp":6329261119699,"circlet_count":0,"master_deck":["Bash","Flame Barrier+1","Sever Soul","Sword Boomerang+1","Combust","Flex","Inflame","Warcry","Body Slam+1","Armaments","Flex+1","Metallicize","Body Slam+1","Shrug It Off","Iron Wave","Barricade+1"],"relics":["Pandora\u0027s Box"],"potions_floor_usage":[13,13,22,22],"damage_taken":[{"damage":0,"enemies":"Jaw Worm","floor":1,"turns":2},{"damage":0,"enemies":"2 Louse","floor":4,"turns":1},{"damage":9,"enemies":"Small Slimes","floor":5,"turns":3},{"damage":4,"enemies":"2 Fungi Beasts","floor":10,"turns":2},{"damage":11,"enemies":"3 Louse","floor":12,"turns":3},{"damage":7,"enemies":"Lots of Slimes","floor":13,"turns":3},{"damage":8,"enemies":"Slime Boss","floor":16,"turns":8},{"damage":15,"enemies":"Shell Parasite","floor":18,"turns":4},{"damage":13,"enemies":"2 Thieves","floor":19,"turns":4},{"damage":36,"enemies":"Snake Plant","floor":22,"turns":5},{"damage":9,"enemies":"Centurion and Healer","floor":24,"turns":7},{"damage":5,"enemies":"Snecko","floor":25,"turns":6},{"damage":17,"enemies":"Sentry and Sphere","floor":27,"turns":3}],"seed_played":"-4927317921511322367","potions_obtained":[{"floor":5,"key":"SteroidPotion"},{"floor":12,"key":"LiquidBronze"},{"floor":16,"key":"SpeedPotion"},{"floor":19,"key":"BloodPotion"}],"is_trial":false,"path_per_floor":["M","?","?","M","M","R","$","?","T","M","R","M","M","?","R","B",null,"M","M","?","?","M","R","M","M","T"],"character_chosen":"IRONCLAD","items_purchased":["Metallicize","Energy Potion"],"campfire_rested":0,"item_purchase_floors":[7,7],"current_hp_per_floor":[80,80,64,64,55,55,55,55,55,51,51,40,33,33,33,25,80,65,52,52,52,24,24,15,10,10,0],"gold":205,"neow_bonus":"BOSS_RELIC","is_prod":false,"is_daily":false,"chose_seed":false,"campfire_upgraded":4,"win_rate":0,"timestamp":1534961567,"path_taken":["M","?","?","M","M","R","$","?","T","M","R","M","?","?","R","BOSS","M","M","?","?","M","R","M","M","T","M"],"build_version":"2018-08-16","purchased_purges":0,"victory":false,"max_hp_per_floor":[80,80,80,80,80,80,80,80,80,80,80,80,80,80,80,80,80,80,80,80,80,80,80,80,80,80,80],"card_choices":[{"not_picked":["Bloodletting","Anger","Wild Strike"],"picked":"SKIP","floor":1},{"not_picked":["Dual Wield","Thunderclap"],"picked":"Armaments","floor":4},{"not_picked":["Burning Pact","Corruption"],"picked":"Flex","floor":5},{"not_picked":["Blood for Blood","Heavy Blade"],"picked":"Body Slam","floor":10},{"not_picked":["Uppercut","Pommel Strike"],"picked":"Shrug It Off","floor":12},{"not_picked":["Headbutt","Cleave"],"picked":"Iron Wave","floor":13},{"not_picked":["Brutality","Reaper"],"picked":"Barricade","floor":16},{"not_picked":["Thunderclap+1","Body Slam+1","Headbutt"],"picked":"SKIP","floor":18},{"not_picked":["Wild Strike+1","Clothesline","Pommel Strike"],"picked":"SKIP","floor":19},{"not_picked":["Clothesline+1","Disarm+1","Armaments"],"picked":"SKIP","floor":22},{"not_picked":["Clothesline+1","Searing Blow+1","Clash"],"picked":"SKIP","floor":24},{"not_picked":["Second Wind","Inflame+1","Warcry"],"picked":"SKIP","floor":25}],"player_experience":368548,"relics_obtained":[],"event_choices":[{"event_name":"The Cleric","player_choice":"Card Removal","floor":2,"damage_taken":0},{"event_name":"Shining Light","player_choice":"Entered Light","floor":3,"damage_taken":0},{"event_name":"Match and Keep!","player_choice":"0 cards matched","floor":8,"damage_taken":0},{"event_name":"Liars Game","player_choice":"disagreed","floor":14,"damage_taken":0},{"event_name":"Addict","player_choice":"Ignored","floor":20,"damage_taken":0},{"event_name":"Drug Dealer","player_choice":"Ignored","floor":21,"damage_taken":0}],"is_beta":false,"boss_relics":[{"not_picked":["Eternal Feather","Coffee Dripper","Sozu"]}],"items_purged_floors":[],"is_endless":false,"potions_floor_spawned":[5,12,16,19],"killed_by":"Sentry and Sphere","ascension_level":0}