{"gold_per_floor":[116,136,136,136,153,153,180,32,32,66,66,84,101,276,276,381,381,393,413,111,111,125,156,156,166,166,166,166,166,178,203,203,299,349,360,378,392,392,243,243,257,257,281,312,75,75,75,75,75,75],"floor_reached":51,"playtime":3064,"items_purged":["Strike_R","Defend_R"],"score":762,"play_id":"bdc3fac9-5224-4eef-84c7-f54287ed175f","local_time":"20181130215640","is_ascension_mode":true,"campfire_choices":[{"data":"Body Slam","floor":6,"key":"SMITH"},{"floor":11,"key":"REST"},{"data":"True Grit","floor":15,"key":"SMITH"},{"floor":24,"key":"REST"},{"floor":27,"key":"REST"},{"floor":32,"key":"REST"},{"floor":40,"key":"REST"},{"floor":42,"key":"REST"},{"floor":47,"key":"REST"},{"floor":49,"key":"REST"}],"neow_cost":"NONE","seed_source_timestamp":700488359652511,"circlet_count":0,"master_deck":["Strike_R+1","Strike_R+1","Strike_R+1","Strike_R+1","Defend_R+1","Defend_R+1","Defend_R+1","Bash","Pommel Strike","Body Slam+1","Disarm","Inflame","True Grit","True Grit+1","Whirlwind","Doubt","Double Tap","Shrug It Off","Armaments","Entrench","Shockwave","Heavy Blade","Flame Barrier","Spot Weakness","Feel No Pain+1","Demon Form+1","Heavy Blade+1","Anger+1","Armaments+1","Fiend Fire","Metallicize","Apotheosis","Pommel Strike+1"],"relics":["Burning Blood","Bronze Scales","Orichalcum","Champion Belt","Dream Catcher","Red Skull","Sozu","Oddly Smooth Stone","Singing Bowl","Lantern","Ancient Tea Set","Pen Nib","Tiny House","Blood Vial","MawBank","Bottled Flame"],"potions_floor_usage":[18,18,50],"damage_taken":[{"damage":6,"enemies":"Cultist","floor":1,"turns":4},{"damage":18,"enemies":"Jaw Worm","floor":2,"turns":4},{"damage":0,"enemies":"2 Louse","floor":5,"turns":3},{"damage":16,"enemies":"Gremlin Nob","floor":7,"turns":4},{"damage":23,"enemies":"Lagavulin","floor":10,"turns":6},{"damage":2,"enemies":"Blue Slaver","floor":12,"turns":4},{"damage":1,"enemies":"3 Louse","floor":13,"turns":2},{"damage":30,"enemies":"Hexaghost","floor":16,"turns":9},{"damage":5,"enemies":"2 Thieves","floor":18,"turns":4},{"damage":18,"enemies":"Spheric Guardian","floor":19,"turns":5},{"damage":22,"enemies":"Snecko","floor":22,"turns":6},{"damage":37,"enemies":"Book of Stabbing","floor":23,"turns":7},{"damage":9,"enemies":"Cultist and Chosen","floor":25,"turns":5},{"damage":17,"enemies":"Snake Plant","floor":30,"turns":3},{"damage":14,"enemies":"Slavers","floor":31,"turns":4},{"damage":71,"enemies":"Automaton","floor":33,"turns":11},{"damage":4,"enemies":"Orb Walker","floor":35,"turns":3},{"damage":13,"enemies":"3 Shapes","floor":36,"turns":3},{"damage":29,"enemies":"3 Darklings","floor":37,"turns":7},{"damage":44,"enemies":"Writhing Mass","floor":41,"turns":5},{"damage":69,"enemies":"Transient","floor":44,"turns":5},{"damage":71,"enemies":"Time Eater","floor":50,"turns":7}],"seed_played":"5879887495574542270","potions_obtained":[{"floor":5,"key":"AttackPotion"},{"floor":7,"key":"Ancient Potion"},{"floor":10,"key":"LiquidBronze"}],"is_trial":false,"path_per_floor":["M","M","?","T","M","R","E","$","T","E","R","M","M","?","R","B",null,"M","M","$","?","M","E","R","M","T","R","?","?","M","E","R","B",null,"M","M","M","?","$","R","M","R","T","M","$","?","R","?","R","B",null],"character_chosen":"IRONCLAD","items_purchased":["Inflame","Armaments","Oddly Smooth Stone","Blood Vial","Bottled Flame"],"campfire_rested":8,"item_purchase_floors":[8,20,20,39,45],"current_hp_per_floor":[80,68,52,52,58,58,48,48,48,31,55,59,64,64,64,40,80,80,68,68,68,52,21,47,44,44,70,70,70,59,53,78,13,91,91,86,63,63,63,88,50,78,78,17,17,17,46,46,73,10],"gold":75,"neow_bonus":"RANDOM_COMMON_RELIC","is_prod":false,"is_daily":false,"chose_seed":false,"campfire_upgraded":2,"win_rate":0,"timestamp":1543611400,"path_taken":["M","M","?","?","M","R","E","$","T","E","R","?","M","?","R","BOSS","M","M","$","?","M","E","R","M","T","R","?","?","M","E","R","BOSS","M","M","M","?","$","R","M","R","T","M","$","?","R","?","R","BOSS"],"build_version":"2018-11-15","purchased_purges":2,"victory":true,"max_hp_per_floor":[80,80,80,80,80,80,80,80,80,80,80,80,80,80,80,80,80,80,80,80,80,80,80,82,82,82,84,84,84,84,86,86,86,91,91,93,93,88,88,88,88,90,90,90,90,90,92,92,92,92],"card_choices":[{"not_picked":["Wild Strike","Infernal Blade","Pummel"],"picked":"SKIP","floor":1},{"not_picked":["Ghostly Armor","Thunderclap"],"picked":"Pommel Strike","floor":2},{"not_picked":["Headbutt","Evolve"],"picked":"Body Slam","floor":5},{"not_picked":["Intimidate","Wild Strike"],"picked":"Disarm","floor":7},{"not_picked":["Cleave","Feed"],"picked":"True Grit","floor":10},{"not_picked":["Sword Boomerang","Heavy Blade"],"picked":"True Grit","floor":11},{"not_picked":["Anger","Clothesline"],"picked":"Whirlwind","floor":12},{"not_picked":["Pommel Strike","Twin Strike","Iron Wave"],"picked":"SKIP","floor":13},{"not_picked":["Offering","Immolate"],"picked":"Double Tap","floor":16},{"not_picked":["Disarm","Bloodletting+1"],"picked":"Shrug It Off","floor":18},{"not_picked":["Burning Pact","Blood for Blood+1","Flex"],"picked":"SKIP","floor":19},{"not_picked":["Reckless Charge+1","Twin Strike+1"],"picked":"Entrench","floor":22},{"not_picked":["Pommel Strike+1","Whirlwind"],"picked":"Shockwave","floor":23},{"not_picked":["Corruption","Headbutt","Power Through+1"],"picked":"Singing Bowl","floor":24},{"not_picked":["Iron Wave+1","Intimidate"],"picked":"Heavy Blade","floor":25},{"not_picked":["Sever Soul","Sentinel+1","Hemokinesis"],"picked":"Singing Bowl","floor":27},{"not_picked":["Headbutt+1","Clash"],"picked":"Spot Weakness","floor":30},{"not_picked":["Dark Embrace","Warcry","Heavy Blade"],"picked":"Singing Bowl","floor":31},{"not_picked":["Sword Boomerang","Clash"],"picked":"Feel No Pain+1","floor":32},{"not_picked":["Reaper","Feed"],"picked":"Demon Form","floor":33},{"not_picked":["Wild Strike+1","Clash"],"picked":"Heavy Blade+1","floor":34},{"not_picked":["True Grit","Warcry+1"],"picked":"Anger+1","floor":35},{"not_picked":["Rampage","Iron Wave","Sword Boomerang"],"picked":"Singing Bowl","floor":36},{"not_picked":["Sword Boomerang","Clothesline"],"picked":"Inflame","floor":37},{"not_picked":["Iron Wave+1","Clash"],"picked":"Armaments+1","floor":40},{"not_picked":["Rage","Cleave+1"],"picked":"Fiend Fire","floor":41},{"not_picked":["Pommel Strike","Shrug It Off","Headbutt"],"picked":"Singing Bowl","floor":42},{"not_picked":["Entrench","Shrug It Off+1"],"picked":"Metallicize","floor":44},{"not_picked":["Jack Of All Trades","Good Instincts"],"picked":"Apotheosis","floor":46},{"not_picked":["Flex+1","Shrug It Off","Wild Strike"],"picked":"Singing Bowl","floor":47},{"not_picked":["Cleave+1","Flex+1"],"picked":"Pommel Strike+1","floor":49}],"player_experience":131460,"relics_obtained":[{"floor":4,"key":"Orichalcum"},{"floor":7,"key":"Champion Belt"},{"floor":9,"key":"Dream Catcher"},{"floor":10,"key":"Red Skull"},{"floor":23,"key":"Lantern"},{"floor":26,"key":"Ancient Tea Set"},{"floor":31,"key":"Pen Nib"},{"floor":43,"key":"MawBank"}],"event_choices":[{"damage_healed":0,"gold_gain":0,"player_choice":"Entered Light","damage_taken":16,"max_hp_gain":0,"max_hp_loss":0,"event_name":"Shining Light","floor":3,"gold_loss":0,"cards_upgraded":["Strike_R","Strike_R"]},{"damage_healed":0,"gold_gain":175,"player_choice":"AGREE","damage_taken":0,"max_hp_gain":0,"max_hp_loss":0,"event_name":"Liars Game","floor":14,"gold_loss":0,"cards_obtained":["Doubt"]},{"damage_healed":0,"gold_gain":0,"player_choice":"Opened","damage_taken":0,"relics_obtained":["Singing Bowl"],"max_hp_gain":0,"max_hp_loss":0,"event_name":"The Mausoleum","floor":21,"gold_loss":0},{"damage_healed":0,"gold_gain":0,"player_choice":"Simplicity","damage_taken":0,"max_hp_gain":0,"max_hp_loss":0,"event_name":"Back to Basics","floor":28,"gold_loss":0,"cards_upgraded":["Strike_R","Strike_R","Defend_R","Defend_R","Defend_R"]},{"damage_healed":0,"gold_gain":0,"player_choice":"Read","damage_taken":0,"max_hp_gain":0,"max_hp_loss":0,"event_name":"The Library","floor":29,"gold_loss":0,"cards_obtained":["Flame Barrier"]},{"damage_healed":0,"gold_gain":0,"player_choice":"Max HP","damage_taken":0,"max_hp_gain":0,"max_hp_loss":5,"event_name":"Winding Halls","floor":38,"gold_loss":0},{"damage_healed":0,"gold_gain":0,"player_choice":"Memory 1","damage_taken":0,"max_hp_gain":0,"max_hp_loss":0,"event_name":"SensoryStone","floor":46,"gold_loss":0},{"cards_removed":["Inflame"],"damage_healed":0,"gold_gain":0,"player_choice":"Removed Power","damage_taken":0,"max_hp_gain":0,"max_hp_loss":0,"event_name":"Falling","floor":48,"gold_loss":0}],"is_beta":false,"boss_relics":[{"not_picked":["Eternal Feather","Mark of Pain"],"picked":"Sozu"},{"not_picked":["Black Star","Runic Pyramid"],"picked":"Tiny House"}],"items_purged_floors":[8,20],"is_endless":false,"potions_floor_spawned":[5,7,10,18,25,33,37,44],"ascension_level":2}