{"path_per_floor":["M","M","?","?","?","M","R","E","T","M","M","$","M","M","R","B",null,"M","M","$"],"character_chosen":"IRONCLAD","items_purchased":["Ice Cream"],"gold_per_floor":[117,136,136,136,86,102,102,133,204,214,225,165,184,201,201,303,333,347,367,41],"floor_reached":21,"campfire_rested":0,"playtime":1489,"current_hp_per_floor":[80,80,73,73,73,79,79,56,56,62,48,48,39,43,43,32,80,53,45,45],"items_purged":["Defend_R","Decay"],"gold":41,"score":201,"play_id":"1dcc7d4c-fab3-4227-9454-439a6c52b49e","local_time":"20180303201922","is_prod":false,"is_daily":false,"is_ascension_mode":true,"campfire_upgraded":2,"timestamp":1520129962,"path_taken":["M","M","?","?","?","M","R","E","T","M","M","$","M","M","R","BOSS","M","M","$","M"],"build_version":"2018-03-01-PROD1","purchased_purges":2,"victory":false,"master_deck":["Strike_R","Strike_R","Strike_R","Defend_R","Defend_R","Defend_R","Bash+1","Pummel+1","Dropkick","Immolate","Shockwave","Pommel Strike","Clash","Armaments+1","Brutality","Writhe","Clumsy"],"max_hp_per_floor":[80,80,80,80,80,80,80,80,80,80,80,80,80,80,80,80,80,80,80,80],"relics":["Burning Blood","Sundial","The Courier","Calling Bell","Vajra","Tiny Chest","Oddly Smooth Stone","Ice Cream"],"card_choices":[{"not_picked":["True Grit","Thunderclap"],"picked":"Pummel"},{"not_picked":["Entrench","Bloodletting"],"picked":"Dropkick"},{"not_picked":["Sword Boomerang","Anger"],"picked":"Immolate"},{"not_picked":["Blood for Blood","True Grit"],"picked":"Shockwave"},{"not_picked":["True Grit","Anger"],"picked":"Pommel Strike"},{"not_picked":["Rage","Flex"],"picked":"Clash"},{"not_picked":["Havoc","Cleave"],"picked":"Armaments"},{"not_picked":["Fiend Fire","Reaper"],"picked":"Brutality"}],"player_experience":111317,"potions_floor_usage":[10,16,18],"damage_taken":[{"damage":0,"enemies":"Small Slimes","floor":1,"turns":3},{"damage":3,"enemies":"Jaw Worm","floor":2,"turns":5},{"damage":0,"enemies":"Cultist","floor":6,"turns":3},{"damage":29,"enemies":"Gremlin Nob","floor":8,"turns":5},{"damage":0,"enemies":"Lots of Slimes","floor":10,"turns":2},{"damage":20,"enemies":"3 Louse","floor":11,"turns":3},{"damage":15,"enemies":"Large Slime","floor":13,"turns":4},{"damage":2,"enemies":"Gremlin Gang","floor":14,"turns":5},{"damage":32,"enemies":"The Guardian","floor":16,"turns":11},{"damage":33,"enemies":"Spheric Guardian","floor":18,"turns":6},{"damage":14,"enemies":"Chosen","floor":19,"turns":5},{"damage":54,"enemies":"Snecko","floor":21,"turns":8}],"event_choices":[{"event_name":"Golden Wing","player_choice":"Card Removal","floor":3,"damage_taken":0},{"event_name":"Upgrade Shrine","player_choice":"Upgraded","floor":4,"damage_taken":0},{"event_name":"The Cleric","player_choice":"Card Removal","floor":5,"damage_taken":0}],"boss_relics":[{"not_picked":["Runic Cube","Ectoplasm"],"picked":"Calling Bell"}],"potions_floor_spawned":[2,11,13,14,18],"seed_played":"-3264221126260618405","killed_by":"Snecko","ascension_level":2,"is_trial":false}