{"path_per_floor":["M","M","M","?","M","R","$","E","T","M","M","R","M","E","R","B",null,"M","M","$","M"],"character_chosen":"IRONCLAD","items_purchased":["Rage","Kunai"],"gold_per_floor":[113,127,142,142,160,160,85,117,141,161,180,180,160,189,189,286,286,296,315,20,39,39],"floor_reached":22,"campfire_rested":0,"playtime":1554,"current_hp_per_floor":[72,72,72,72,67,67,67,53,53,52,53,53,46,47,47,47,71,70,52,52,7,0],"items_purged":["Strike_R"],"gold":39,"score":270,"play_id":"bb4ad626-8322-409f-acdd-b0dc11941f45","local_time":"20180420150011","is_prod":false,"is_daily":false,"chose_seed":false,"is_ascension_mode":true,"campfire_upgraded":3,"timestamp":1524261611,"path_taken":["M","M","M","?","M","R","$","E","T","M","M","R","M","E","R","BOSS","M","M","$","M","M"],"build_version":"2018-04-19","seed_source_timestamp":14722467937337,"purchased_purges":2,"victory":false,"master_deck":["Strike_R","Strike_R","Strike_R","Strike_R","Defend_R","Defend_R","Defend_R","Defend_R","Bash+1","Shrug It Off","Shrug It Off","Clothesline","Dropkick","Barricade+1","Reckless Charge","Cleave","Corruption","Blood for Blood","Metallicize+1","Body Slam","Dark Embrace","Power Through","Metallicize","Entrench","Bloodletting","Headbutt","Headbutt+1","Rage","Entrench"],"max_hp_per_floor":[72,72,72,72,72,72,72,79,79,79,79,79,79,79,79,79,79,79,79,79,79,79],"relics":["Burning Blood","Bird Faced Urn","Strawberry","Prayer Wheel","Bronze Scales","Orrery","Kunai"],"card_choices":[{"not_picked":["Disarm","Blood for Blood"],"picked":"Shrug It Off","floor":1},{"not_picked":["Burning Pact","Wild Strike"],"picked":"Shrug It Off","floor":2},{"not_picked":["True Grit","Sever Soul"],"picked":"Clothesline","floor":3},{"not_picked":["Evolve","Perfected Strike"],"picked":"Reckless Charge","floor":5},{"not_picked":["Sever Soul","Perfected Strike"],"picked":"Cleave","floor":8},{"not_picked":["Pommel Strike","Warcry"],"picked":"Corruption","floor":10},{"not_picked":["Twin Strike","Barricade"],"picked":"Blood for Blood","floor":11},{"not_picked":["Shrug It Off","Fire Breathing"],"picked":"Metallicize","floor":13},{"not_picked":["Sentinel","Feed"],"picked":"Body Slam","floor":14},{"not_picked":["Limit Break","Immolate"],"picked":"Dark Embrace","floor":16},{"not_picked":["Perfected Strike","Wild Strike"],"picked":"Power Through","floor":17},{"not_picked":["True Grit","Body Slam"],"picked":"Metallicize","floor":17},{"not_picked":["True Grit","Shockwave"],"picked":"Entrench","floor":17},{"not_picked":["Heavy Blade","Anger"],"picked":"Bloodletting","floor":17},{"not_picked":["Pommel Strike","Intimidate"],"picked":"Headbutt","floor":17},{"not_picked":["Heavy Blade","Havoc"],"picked":"Headbutt","floor":18},{"not_picked":["Sever Soul","Body Slam"],"picked":"Entrench","floor":21}],"player_experience":331307,"potions_floor_usage":[14,14,16,21],"damage_taken":[{"damage":6,"enemies":"Cultist","floor":1,"turns":3},{"damage":2,"enemies":"2 Louse","floor":2,"turns":3},{"damage":0,"enemies":"Jaw Worm","floor":3,"turns":3},{"damage":11,"enemies":"Looter","floor":5,"turns":4},{"damage":29,"enemies":"Lagavulin","floor":8,"turns":12},{"damage":7,"enemies":"Red Slaver","floor":10,"turns":3},{"damage":5,"enemies":"Blue Slaver","floor":11,"turns":5},{"damage":15,"enemies":"Exordium Thugs","floor":13,"turns":5},{"damage":5,"enemies":"3 Sentries","floor":14,"turns":3},{"damage":12,"enemies":"Slime Boss","floor":16,"turns":11},{"damage":13,"enemies":"3 Byrds","floor":18,"turns":4},{"damage":30,"enemies":"Shell Parasite","floor":19,"turns":6},{"damage":57,"enemies":"3 Cultists","floor":21,"turns":6},{"damage":9,"enemies":"Snake Plant","floor":22,"turns":2}],"event_choices":[{"event_name":"Match and Keep!","player_choice":"2 cards matched","floor":4,"damage_taken":0}],"boss_relics":[{"not_picked":["Pandora\u0027s Box","Astrolabe"],"picked":"Orrery"}],"potions_floor_spawned":[1,2,5,8,16],"seed_played":"-6932875181859848946","killed_by":"Snake Plant","ascension_level":7,"is_trial":false}