{"gold_per_floor":[117,42,57,69,219,219,219,252,252,252,272,286,316,68,68,141,141,141,66,66,66,66,66,66,66,66,66,66,66,66,19,19,19],"floor_reached":33,"playtime":1262,"items_purged":["Strike_B","Doubt"],"score":516,"play_id":"fed9bdd9-90f6-47cf-8bae-ed0488a654e3","local_time":"20180915023416","is_ascension_mode":true,"campfire_choices":[{"data":"Zap","floor":6.0,"key":"SMITH"},{"data":"White Noise","floor":10,"key":"SMITH"},{"floor":15,"key":"REST"},{"floor":23,"key":"REST"},{"floor":29,"key":"REST"},{"floor":32,"key":"REST"}],"neow_cost":"NONE","seed_source_timestamp":0,"circlet_count":0,"master_deck":["Strike_B","Strike_B","Strike_B","Defend_B","Defend_B","Defend_B","Defend_B","Zap+1","Dualcast","AscendersBane","Hyperbeam","Glacier","Rainbow","Cold Snap+1","Zap","Barrage+1","Core Surge","White Noise+1","Auto Shields","BootSequence","Echo Form","Sunder","Cold Snap","FTL","Auto Shields","Ball Lightning+1","Cold Snap","Go for the Eyes"],"special_seed":0,"relics":["Cracked Core","Whetstone","Cables","DataDisk","Ectoplasm","Mummified Hand","Mercury Hourglass","Ornamental Fan","MutagenicStrength"],"potions_floor_usage":[25,25],"damage_taken":[{"damage":0.0,"enemies":"Cultist","floor":1.0,"turns":2.0},{"damage":5.0,"enemies":"Small Slimes","floor":3.0,"turns":3.0},{"damage":1.0,"enemies":"Jaw Worm","floor":4.0,"turns":4.0},{"damage":13,"enemies":"Gremlin Nob","floor":8,"turns":3},{"damage":12,"enemies":"Exordium Thugs","floor":11,"turns":3},{"damage":0,"enemies":"3 Louse","floor":12,"turns":2},{"damage":13,"enemies":"Lagavulin","floor":13,"turns":7},{"damage":30,"enemies":"The Guardian","floor":16,"turns":12},{"damage":0,"enemies":"Shell Parasite","floor":18,"turns":4},{"damage":3,"enemies":"2 Thieves","floor":19,"turns":4},{"damage":1,"enemies":"Snake Plant","floor":21,"turns":4},{"damage":34,"enemies":"Shelled Parasite and Fungi","floor":22,"turns":6},{"damage":8,"enemies":"Snecko","floor":24,"turns":4},{"damage":14,"enemies":"Slavers","floor":25,"turns":5},{"damage":16,"enemies":"Book of Stabbing","floor":27,"turns":5},{"damage":51,"enemies":"Champ","floor":33,"turns":14}],"seed_played":"2357339843215904003","potions_obtained":[{"floor":11,"key":"Swift Potion"},{"floor":12,"key":"EssenceOfSteel"},{"floor":19,"key":"Dexterity Potion"}],"is_trial":false,"path_per_floor":["M","$","M","M","?","R","?","E","T","R","M","M","E","$","R","B",null,"M","M","?","M","M","R","M","E","T","E","?","R","?","$","R"],"character_chosen":"DEFECT","items_purchased":["DataDisk","Go for the Eyes"],"campfire_rested":4,"item_purchase_floors":[14,31],"current_hp_per_floor":[64,64,59,58,58,58,58,45,45,45,33,33,20,20,41,11,56,56,53,53,52,18,39,31,17,17,1,1,22,22,22,43,0],"gold":19,"neow_bonus":"ONE_RANDOM_RARE_CARD","is_prod":false,"is_daily":false,"chose_seed":false,"campfire_upgraded":2,"win_rate":0,"timestamp":1537004056,"path_taken":["M","?","M","M","?","R","?","E","T","R","M","M","E","?","R","BOSS","M","?","?","M","M","R","M","E","T","E","?","R","?","$","R","BOSS"],"build_version":"2018-09-06","purchased_purges":2,"victory":false,"max_hp_per_floor":[71,71,71,71,71,71,71,71,71,71,71,71,71,71,71,71,71,71,71,71,71,71,71,71,71,71,71,71,71,71,71,71,71],"card_choices":[{"not_picked":["Streamline","Beam Cell"],"picked":"Glacier","floor":1.0},{"not_picked":["Barrage","Rip and Tear"],"picked":"Rainbow","floor":3.0},{"not_picked":["Ball Lightning","Go for the Eyes"],"picked":"Cold Snap","floor":4.0},{"not_picked":["Streamline","Rebound"],"picked":"White Noise","floor":8},{"not_picked":["Gash","Static Discharge"],"picked":"Auto Shields","floor":11},{"not_picked":["Turbo","Double Energy"],"picked":"BootSequence","floor":12},{"not_picked":["Fusion","Turbo","Rebound"],"picked":"SKIP","floor":13},{"not_picked":["Rainbow","All For One"],"picked":"Echo Form","floor":16},{"not_picked":["Steam","Capacitor"],"picked":"Sunder","floor":18},{"not_picked":["Reinforced Body","Skim"],"picked":"Cold Snap","floor":19},{"not_picked":["Stack","Turbo"],"picked":"FTL","floor":21},{"not_picked":["Gash+1","Streamline"],"picked":"Auto Shields","floor":22},{"not_picked":["FTL","White Noise"],"picked":"Ball Lightning+1","floor":24},{"not_picked":["Streamline+1","Darkness","Consume"],"picked":"SKIP","floor":25},{"not_picked":["Storm","Rip and Tear"],"picked":"Cold Snap","floor":27}],"player_experience":824787,"relics_obtained":[{"floor":9,"key":"Whetstone"},{"floor":13,"key":"Cables"},{"floor":25,"key":"Mummified Hand"},{"floor":26,"key":"Mercury Hourglass"},{"floor":27,"key":"Ornamental Fan"}],"event_choices":[{"event_name":"Liars Game","player_choice":"agreed","floor":5.0,"damage_taken":0.0},{"event_name":"Match and Keep!","player_choice":"3 cards matched","floor":7,"damage_taken":0},{"event_name":"Vampires","player_choice":"Ignored","floor":20,"damage_taken":0},{"event_name":"Drug Dealer","player_choice":"Inject Mutagens","floor":28,"damage_taken":0},{"event_name":"Cursed Tome","player_choice":"Ignored","floor":30,"damage_taken":0}],"is_beta":false,"boss_relics":[{"not_picked":["Tiny House","Astrolabe"],"picked":"Ectoplasm"}],"items_purged_floors":[2,14],"is_endless":false,"potions_floor_spawned":[11,12,19,21,22],"killed_by":"Champ","ascension_level":15}