{"gold_per_floor":[115,65,65,76,1,1,19,31,57,57,89,89,104,4,4,100,100,120,130,130,149,74,135,150,150,150,99,24,24,40,56,56,153,203,221,236,262,262,61,81,92,92,119,119,0,0,0,0,0,0],"floor_reached":50,"playtime":1084,"items_purged":["Strike_R","Defend_R","Strike_R"],"score":485,"play_id":"644b4f75-59f9-4bc0-83c8-0d18853d85e7","local_time":"20180807201457","is_ascension_mode":false,"campfire_choices":[{"data":"Flex","floor":6,"key":"SMITH"},{"data":"Bash","floor":12,"key":"SMITH"},{"data":"Iron Wave","floor":15,"key":"SMITH"},{"data":"Hemokinesis","floor":25,"key":"SMITH"},{"floor":32,"key":"REST"},{"floor":42,"key":"REST"},{"floor":46,"key":"REST"},{"data":"Apotheosis","floor":49,"key":"SMITH"}],"neow_cost":"NONE","seed_source_timestamp":14940487354858,"circlet_count":0,"master_deck":["Strike_R+1","Strike_R","Defend_R","Bash+1","Flex+1","Clash","Cleave","Iron Wave+1","Clothesline","Clash","Hemokinesis+1","Thunderclap","Pommel Strike","Pummel","Writhe","Apotheosis+1"],"relics":["Burning Blood","NeowsBlessing","Pen Nib","Ancient Tea Set","Runic Dome","Tiny Chest","Blue Candle","Tiny House","Bronze Scales","Juzu Bracelet","Red Mask"],"potions_floor_usage":[11,16,16,16,16,16,19,23,24,31,33,35,35,50,50],"damage_taken":[{"damage":0,"enemies":"Cultist","floor":1,"turns":1},{"damage":0,"enemies":"2 Louse","floor":4,"turns":1},{"damage":0,"enemies":"Jaw Worm","floor":7,"turns":1},{"damage":14,"enemies":"Blue Slaver","floor":8,"turns":3},{"damage":12,"enemies":"Gremlin Nob","floor":11,"turns":3},{"damage":5,"enemies":"Looter","floor":13,"turns":2},{"damage":45,"enemies":"Hexaghost","floor":16,"turns":7},{"damage":12,"enemies":"Shell Parasite","floor":18,"turns":2},{"damage":0,"enemies":"2 Thieves","floor":19,"turns":2},{"damage":10,"enemies":"3 Cultists","floor":21,"turns":3},{"damage":28,"enemies":"Book of Stabbing","floor":23,"turns":4},{"damage":6,"enemies":"Cultist and Chosen","floor":24,"turns":3},{"damage":25,"enemies":"Snecko","floor":30,"turns":4},{"damage":10,"enemies":"Centurion and Healer","floor":31,"turns":3},{"damage":16,"enemies":"Champ","floor":33,"turns":6},{"damage":2,"enemies":"Flame Bruiser 1 Orb","floor":35,"turns":3},{"damage":10,"enemies":"Orb Walker","floor":36,"turns":2},{"damage":43,"enemies":"Maw","floor":40,"turns":5},{"damage":28,"enemies":"Flame Bruiser 2 Orb","floor":41,"turns":5},{"damage":114,"enemies":"Time Eater","floor":50,"turns":8}],"seed_played":"7978354737888791936","potions_obtained":[{"floor":1,"key":"EntropicBrew"},{"floor":4,"key":"Swift Potion"},{"floor":7,"key":"AttackPotion"},{"floor":16,"key":"Energy Potion"},{"floor":18,"key":"Energy Potion"},{"floor":19,"key":"EssenceOfSteel"},{"floor":23,"key":"Ancient Potion"},{"floor":30,"key":"Block Potion"},{"floor":33,"key":"Fruit Juice"},{"floor":34,"key":"Poison Potion"},{"floor":36,"key":"Strength Potion"}],"is_trial":false,"path_per_floor":["M","?","?","M","$","R","M","M","T","?","E","R","M","$","R","B",null,"M","M","?","M","$","E","M","R","T","$","?","?","M","M","R","B",null,"M","M","T","?","$","M","M","R","T","$","?","R","?","?","R"],"character_chosen":"IRONCLAD","items_purchased":["Hemokinesis","FearPotion","Pummel"],"campfire_rested":3,"item_purchase_floors":[22,27,39],"current_hp_per_floor":[80,80,73,79,79,79,80,72,72,72,66,66,67,67,67,36,80,74,80,80,76,76,54,54,54,54,54,54,54,35,31,55,45,85,90,86,86,86,86,49,27,54,54,54,54,81,90,90,90,0],"gold":0,"neow_bonus":"THREE_ENEMY_KILL","is_prod":false,"is_daily":false,"chose_seed":false,"campfire_upgraded":5,"win_rate":0,"timestamp":1533690897,"path_taken":["M","?","?","?","$","R","M","?","T","?","E","R","M","?","R","BOSS","M","M","?","M","$","E","M","R","T","$","?","?","M","?","R","BOSS","M","M","?","?","$","M","?","R","T","?","?","R","?","?","R","BOSS"],"build_version":"2018-08-02","purchased_purges":3,"victory":false,"max_hp_per_floor":[80,80,80,80,80,80,80,80,80,80,80,80,80,80,80,80,80,80,80,80,80,80,80,80,80,80,80,80,80,80,80,80,80,85,90,90,90,90,90,90,90,90,90,90,90,90,90,90,90,90],"card_choices":[{"not_picked":["Searing Blow","Armaments","Rage"],"picked":"SKIP","floor":1},{"not_picked":["Sentinel","Battle Trance"],"picked":"Flex","floor":4},{"not_picked":["Heavy Blade","Sword Boomerang"],"picked":"Clash","floor":7},{"not_picked":["Iron Wave","Pommel Strike"],"picked":"Cleave","floor":8},{"not_picked":["Fire Breathing","Shrug It Off","True Grit"],"picked":"SKIP","floor":11},{"not_picked":["Bludgeon","True Grit"],"picked":"Iron Wave","floor":13},{"not_picked":["Headbutt","Warcry+1"],"picked":"Clothesline","floor":18},{"not_picked":["Infernal Blade","Twin Strike"],"picked":"Clash","floor":19},{"not_picked":["Searing Blow","Cleave","Warcry"],"picked":"SKIP","floor":21},{"not_picked":["Armaments","Metallicize+1","Iron Wave"],"picked":"SKIP","floor":23},{"not_picked":["Fire Breathing+1","Iron Wave+1","Seeing Red"],"picked":"SKIP","floor":24},{"not_picked":["Headbutt","Clash","Impervious"],"picked":"SKIP","floor":30},{"not_picked":["Spot Weakness","Twin Strike"],"picked":"Thunderclap","floor":31},{"not_picked":["Headbutt+1","Evolve"],"picked":"Pommel Strike","floor":34},{"not_picked":["Rampage+1","Whirlwind","Shrug It Off+1"],"picked":"SKIP","floor":35},{"not_picked":["Twin Strike+1","Clash","Evolve"],"picked":"SKIP","floor":36},{"not_picked":["Blood for Blood","Warcry+1","Hemokinesis+1"],"picked":"SKIP","floor":40},{"not_picked":["Twin Strike","Pommel Strike+1","Whirlwind"],"picked":"SKIP","floor":41},{"not_picked":["Good Instincts","Bandage Up"],"picked":"Apotheosis","floor":48}],"player_experience":335084,"relics_obtained":[{"floor":9,"key":"Pen Nib"},{"floor":11,"key":"Ancient Tea Set"},{"floor":23,"key":"Tiny Chest"},{"floor":26,"key":"Blue Candle"},{"floor":37,"key":"Bronze Scales"},{"floor":43,"key":"Juzu Bracelet"}],"event_choices":[{"event_name":"The Cleric","player_choice":"Card Removal","floor":2,"damage_taken":0},{"event_name":"Golden Wing","player_choice":"Card Removal","floor":3,"damage_taken":0},{"event_name":"Dead Adventurer","player_choice":"Searched \u00270\u0027 times","floor":10,"damage_taken":0},{"event_name":"Match and Keep!","player_choice":"0 cards matched","floor":20,"damage_taken":0},{"event_name":"Beggar","player_choice":"Gave Gold","floor":28,"damage_taken":0},{"event_name":"Accursed Blacksmith","player_choice":"Ignore","floor":29,"damage_taken":0},{"event_name":"Mysterious Sphere","player_choice":"Ignore","floor":38,"damage_taken":0},{"event_name":"Tomb of Lord Red Mask","player_choice":"Paid","floor":45,"damage_taken":0},{"event_name":"Winding Halls","player_choice":"Writhe","floor":47,"damage_taken":0},{"event_name":"SensoryStone","player_choice":"Memory 1","floor":48,"damage_taken":0}],"is_beta":false,"boss_relics":[{"not_picked":["Calling Bell","Philosopher\u0027s Stone"],"picked":"Runic Dome"},{"not_picked":["Black Star","Astrolabe"],"picked":"Tiny House"}],"items_purged_floors":[5,14,39],"is_endless":false,"potions_floor_spawned":[1,4,7,16,18,19,23,30,33,36],"killed_by":"Time Eater","ascension_level":0}