{"gold_per_floor":[116,41,41,41,61,61,15,15,60,88,88,43,43,57,57,178,178,199,213,213,40,40,40,56,56,133,169,139,139,0,20,20,20],"floor_reached":33,"playtime":1782,"items_purged":["Shame","Strike_B"],"score":414,"play_id":"e2798ecc-3ea1-4914-bc00-aa3aef6a2aa9","local_time":"20180907203331","is_ascension_mode":true,"campfire_choices":[{"data":"Zap","floor":6.0,"key":"SMITH"},{"data":"Dualcast","floor":8.0,"key":"SMITH"},{"data":"Gash","floor":11.0,"key":"SMITH"},{"data":"Go for the Eyes","floor":15.0,"key":"SMITH"},{"data":"Fission","floor":23,"key":"SMITH"},{"floor":25,"key":"REST"},{"floor":32,"key":"REST"}],"neow_cost":"CURSE","seed_source_timestamp":36879385452510,"circlet_count":0,"master_deck":["Strike_B","Strike_B","Defend_B","Defend_B","Defend_B","Defend_B","Zap+1","Dualcast+1","AscendersBane","All For One","Ball Lightning","Gash+1","Steam","Go for the Eyes+1","Echo Form","Fission+1","Hologram","Steam Power","BootSequence","Gash"],"special_seed":0,"relics":["FrozenCore","Orichalcum","DataDisk","Bloody Idol","Ornamental Fan","Omamori"],"potions_floor_usage":[24,27,31],"damage_taken":[{"damage":7.0,"enemies":"2 Louse","floor":1.0,"turns":3.0},{"damage":1.0,"enemies":"Cultist","floor":5.0,"turns":3.0},{"damage":9.0,"enemies":"3 Sentries","floor":10.0,"turns":6.0},{"damage":0.0,"enemies":"Small Slimes","floor":14.0,"turns":2.0},{"damage":13.0,"enemies":"Slime Boss","floor":16.0,"turns":6.0},{"damage":17.0,"enemies":"Chosen","floor":18.0,"turns":5.0},{"damage":9.0,"enemies":"2 Thieves","floor":19.0,"turns":3.0},{"damage":23,"enemies":"Snecko","floor":24,"turns":8},{"damage":27,"enemies":"Slavers","floor":27,"turns":5},{"damage":12,"enemies":"Sentry and Sphere","floor":31,"turns":6},{"damage":31,"enemies":"Automaton","floor":33,"turns":8}],"seed_played":"-6940266305404089179","potions_obtained":[{"floor":3.0,"key":"SkillPotion"},{"floor":3.0,"key":"EssenceOfSteel"},{"floor":10.0,"key":"SkillPotion"},{"floor":14.0,"key":"Weak Potion"},{"floor":24,"key":"PowerPotion"},{"floor":27,"key":"SkillPotion"},{"floor":28,"key":"FairyPotion"}],"is_trial":false,"path_per_floor":["M","$","?","?","M","R","$","R","T","E","R","$","?","M","R","B",null,"M","M","?","$","?","R","M","R","T","E","?","?","?","M","R"],"character_chosen":"DEFECT","items_purchased":["Gash","Go for the Eyes","Steam Power"],"campfire_rested":2,"item_purchase_floors":[7,12,21],"current_hp_per_floor":[61,61,61,61,60,60,60,60,60,51,51,51,51,51,51,38,61,44,35,35,35,35,35,12,32,32,5,5,5,5,11,31,0],"gold":20,"neow_bonus":"THREE_RARE_CARDS","is_prod":false,"is_daily":false,"chose_seed":false,"campfire_upgraded":5,"win_rate":0,"timestamp":1536370411,"path_taken":["M","$","?","?","?","R","$","R","T","E","R","$","?","M","R","BOSS","M","M","?","$","?","R","?","R","T","E","?","?","?","?","R","BOSS"],"build_version":"2018-09-06","purchased_purges":2,"victory":false,"max_hp_per_floor":[75,75,75,75,75,75,75,75,75,75,75,75,69,69,69,69,69,69,69,69,69,69,69,69,69,69,69,69,69,69,69,69,69],"card_choices":[{"not_picked":["Amplify","Core Surge"],"picked":"All For One","floor":0.0},{"not_picked":["Barrage","Conserve Battery"],"picked":"Ball Lightning","floor":1.0},{"not_picked":["Heatsinks","Stack","Capacitor"],"picked":"SKIP","floor":5.0},{"not_picked":["Leap","Stack"],"picked":"Steam","floor":10.0},{"not_picked":["Rip and Tear","Coolheaded"],"picked":"Echo Form","floor":14.0},{"not_picked":["Rainbow","Thunder Strike"],"picked":"Fission","floor":16.0},{"not_picked":["Lockon","Cold Snap"],"picked":"Hologram","floor":18.0},{"not_picked":["Barrage","Redo","Hologram"],"picked":"SKIP","floor":19.0},{"not_picked":["Turbo","Ball Lightning"],"picked":"BootSequence","floor":24},{"not_picked":["All For One","Rebound","Ball Lightning"],"picked":"SKIP","floor":27},{"not_picked":["Scrape","Leap"],"picked":"Gash","floor":31}],"player_experience":403876,"relics_obtained":[{"floor":9.0,"key":"Orichalcum"},{"floor":10.0,"key":"DataDisk"},{"floor":26,"key":"Ornamental Fan"},{"floor":27,"key":"Omamori"}],"event_choices":[{"event_name":"The Lab","player_choice":"Got Potions","floor":3.0,"damage_taken":0.0},{"event_name":"Purifier","player_choice":"One Purge","floor":4.0,"damage_taken":0.0},{"event_name":"Golden Idol","player_choice":"Lose Max HP","floor":13.0,"damage_taken":0.0},{"event_name":"Ghosts","player_choice":"Ignored","floor":20.0,"damage_taken":0.0},{"event_name":"N\u0027loth","player_choice":"Ignored","floor":22,"damage_taken":0},{"event_name":"The Woman in Blue","player_choice":"Bought 2 Potions","floor":28,"damage_taken":0},{"event_name":"Forgotten Altar","player_choice":"Gave Idol","floor":29,"damage_taken":0},{"event_name":"Masked Bandits","player_choice":"Paid Fearfully","floor":30,"damage_taken":0}],"is_beta":false,"boss_relics":[{"not_picked":["Fusion Hammer","Busted Crown"],"picked":"FrozenCore"}],"items_purged_floors":[2,21],"is_endless":false,"potions_floor_spawned":[5,10,14,24,27],"killed_by":"Automaton","ascension_level":12}