{"path_per_floor":["M","M","M","$","M","R","M","E","T","M","?","R","M","?","R","B",null,"M","?","$","?","$","E","R","M","T","$","E","R","?","M","R","B",null,"M","?","?","M","$","E","R","M","T","M","$","M","M","M","R","B"],"character_chosen":"THE_SILENT","items_purchased":["Matryoshka","Dodge and Roll","Apotheosis","Fire Potion","Dodge and Roll","Backflip","Letter Opener"],"gold_per_floor":[117,128,145,70,85,85,104,139,139,149,149,149,164,239,239,344,344,360,275,27,27,4,38,38,55,55,55,81,81,31,48,48,152,152,166,166,416,432,22,349,349,363,363,375,5,25,39,57,57,57],"floor_reached":51,"campfire_rested":3,"playtime":4153,"current_hp_per_floor":[63,62,62,62,59,59,36,20,20,14,14,35,30,19,19,13,56,51,51,51,51,51,37,58,45,45,45,41,62,62,54,54,43,63,62,62,62,61,61,29,29,35,35,41,41,47,55,63,63,59],"items_purged":["Strike_G","Regret","Masterful Stab"],"gold":57,"score":1066,"play_id":"8bfd20b0-3173-49c4-b52d-4fb715ebd059","local_time":"20180522200733","is_prod":false,"is_daily":false,"chose_seed":false,"is_ascension_mode":true,"campfire_upgraded":5,"timestamp":1527044853,"campfire_choices":[{"data":"Noxious Fumes","floor":6,"key":"SMITH"},{"floor":12,"key":"REST"},{"data":"Footwork","floor":15,"key":"SMITH"},{"floor":24,"key":"REST"},{"floor":29,"key":"REST"},{"data":"Survivor","floor":32,"key":"SMITH"},{"data":"Apotheosis","floor":41,"key":"SMITH"},{"data":"Adrenaline","floor":49,"key":"SMITH"}],"path_taken":["M","M","M","$","M","R","M","E","T","M","?","R","M","?","R","BOSS","M","?","$","?","$","E","R","M","T","$","E","R","?","M","R","BOSS","M","?","?","M","$","E","R","M","T","M","?","?","M","M","R","BOSS"],"build_version":"2018-05-17","seed_source_timestamp":413930624415527,"purchased_purges":3,"victory":true,"master_deck":["Defend_G","Defend_G","Defend_G","Defend_G","Survivor+1","Neutralize+1","AscendersBane","Poisoned Stab","Crippling Poison","Noxious Fumes+1","Deadly Poison","Footwork+1","Adrenaline+1","Well Laid Plans+1","Outmaneuver+1","Cloak And Dagger+1","Dodge and Roll","Escape Plan","Malaise+1","PiercingWail","Venomology","Deadly Poison","Malaise+1","Backflip","Apotheosis+1","Dodge and Roll","Backflip","Parasite","Corpse Explosion"],"max_hp_per_floor":[70,70,70,70,70,70,70,70,70,70,70,70,70,70,70,70,70,70,70,70,70,70,70,70,70,70,70,70,70,70,70,70,70,70,70,70,70,70,70,70,70,70,70,70,70,70,70,70,70,70],"relics":["Ring of the Snake","Bag of Preparation","Bird Faced Urn","Astrolabe","Ginger","Matryoshka","Girya","Snake Skull","Gremlin Horn","Ornamental Fan","Cursed Key","Old Coin","Letter Opener"],"card_choices":[{"not_picked":["Outmaneuver","Deflect"],"picked":"Poisoned Stab","floor":1},{"not_picked":["Deadly Poison","Quick Slash"],"picked":"Crippling Poison","floor":2},{"not_picked":["Skewer","Dagger Throw","Sucker Punch"],"picked":"SKIP","floor":3},{"not_picked":["Deflect","Acrobatics"],"picked":"Noxious Fumes","floor":5},{"not_picked":["Die Die Die","Dagger Spray"],"picked":"Deadly Poison","floor":7},{"not_picked":["Flying Knee","Expertise","Sucker Punch"],"picked":"SKIP","floor":8},{"not_picked":["Quick Slash","Doppelganger"],"picked":"Footwork","floor":10},{"not_picked":["Flechettes","Dagger Throw","Prepared"],"picked":"SKIP","floor":13},{"not_picked":["A Thousand Cuts","Bullet Time"],"picked":"Adrenaline","floor":16},{"not_picked":["Dagger Spray","Acrobatics+1"],"picked":"Cloak And Dagger+1","floor":18},{"not_picked":["Acrobatics+1","Expertise+1"],"picked":"Escape Plan","floor":23},{"not_picked":["Accuracy","Cloak And Dagger","Endless Agony"],"picked":"SKIP","floor":25},{"not_picked":["Dagger Throw+1","PiercingWail"],"picked":"Malaise+1","floor":28},{"not_picked":["Deflect","Escape Plan"],"picked":"PiercingWail","floor":31},{"not_picked":["Night Terror","Glass Knife"],"picked":"Venomology","floor":33},{"not_picked":["Infinite Blades","Underhanded Strike"],"picked":"Deadly Poison","floor":35},{"not_picked":["Flying Knee+1","Cloak And Dagger+1"],"picked":"Backflip","floor":38},{"not_picked":["PiercingWail+1","Cloak And Dagger","Acrobatics+1"],"picked":"SKIP","floor":40},{"not_picked":["Quick Slash","PiercingWail","Acrobatics"],"picked":"SKIP","floor":42},{"not_picked":["Predator","Deflect","Acrobatics+1"],"picked":"SKIP","floor":44},{"not_picked":["Backflip+1","Distraction","Noxious Fumes"],"picked":"SKIP","floor":46},{"not_picked":["Crippling Poison","Accuracy+1"],"picked":"Corpse Explosion","floor":47},{"not_picked":["Sucker Punch+1","Endless Agony","Underhanded Strike"],"picked":"SKIP","floor":48}],"player_experience":475990,"potions_floor_usage":[10,16,23,28,33,38,38,38,40,42,46,47,47,48,50,50,50],"damage_taken":[{"damage":0,"enemies":"2 Louse","floor":1,"turns":2},{"damage":1,"enemies":"Small Slimes","floor":2,"turns":4},{"damage":0,"enemies":"Cultist","floor":3,"turns":5},{"damage":3,"enemies":"Looter","floor":5,"turns":5},{"damage":23,"enemies":"Large Slime","floor":7,"turns":7},{"damage":16,"enemies":"3 Sentries","floor":8,"turns":6},{"damage":6,"enemies":"Lots of Slimes","floor":10,"turns":4},{"damage":9,"enemies":"Exordium Wildlife","floor":13,"turns":6},{"damage":10,"enemies":"Hexaghost","floor":16,"turns":9},{"damage":11,"enemies":"Spheric Guardian","floor":18,"turns":4},{"damage":20,"enemies":"Slavers","floor":23,"turns":6},{"damage":19,"enemies":"2 Thieves","floor":25,"turns":4},{"damage":10,"enemies":"Book of Stabbing","floor":28,"turns":6},{"damage":14,"enemies":"Cultist and Chosen","floor":31,"turns":7},{"damage":17,"enemies":"Collector","floor":33,"turns":9},{"damage":7,"enemies":"3 Darklings","floor":35,"turns":5},{"damage":7,"enemies":"3 Shapes","floor":38,"turns":6},{"damage":38,"enemies":"Nemesis","floor":40,"turns":9},{"damage":0,"enemies":"Maw","floor":42,"turns":8},{"damage":0,"enemies":"3 Darklings","floor":44,"turns":6},{"damage":0,"enemies":"4 Shapes","floor":46,"turns":4},{"damage":0,"enemies":"Maw","floor":47,"turns":7},{"damage":0,"enemies":"Sphere and 2 Shapes","floor":48,"turns":4},{"damage":10,"enemies":"Awakened One","floor":50,"turns":15}],"relics_obtained":[{"floor":8,"key":"Bag of Preparation"},{"floor":9,"key":"Bird Faced Urn"},{"floor":23,"key":"Girya"},{"floor":26,"key":"Snake Skull"},{"floor":26,"key":"Gremlin Horn"},{"floor":28,"key":"Ornamental Fan"},{"floor":40,"key":"Old Coin"}],"event_choices":[{"event_name":"Living Wall","player_choice":"Forget","floor":11,"damage_taken":0},{"event_name":"World of Goop","player_choice":"Gather Gold","floor":14,"damage_taken":0},{"event_name":"Addict","player_choice":"Obtained Relic","floor":19,"damage_taken":0},{"event_name":"Upgrade Shrine","player_choice":"Upgraded","floor":21,"damage_taken":0},{"event_name":"The Joust","player_choice":"Bet on Murderer","floor":30,"damage_taken":0},{"event_name":"Duplicator","player_choice":"One dupe","floor":36,"damage_taken":0},{"event_name":"Golden Shrine","player_choice":"Desecrate","floor":37,"damage_taken":0}],"boss_relics":[{"not_picked":["Eternal Feather","Snecko Eye"],"picked":"Astrolabe"},{"not_picked":["Runic Pyramid","Velvet Choker"],"picked":"Cursed Key"}],"potions_floor_spawned":[3,5,8,16,18,25,31,38,40,47,48],"seed_played":"4916813508110111182","ascension_level":10,"potions_obtained":[{"floor":3,"key":"Strength Potion"},{"floor":5,"key":"Energy Potion"},{"floor":8,"key":"Energy Potion"},{"floor":16,"key":"GhostInAJar"},{"floor":18,"key":"Ancient Potion"},{"floor":25,"key":"AttackPotion"},{"floor":31,"key":"Energy Potion"},{"floor":38,"key":"Strength Potion"},{"floor":40,"key":"Poison Potion"},{"floor":47,"key":"PowerPotion"}],"is_trial":false}