{"gold_per_floor":[20,20,33,33,46,46,66,66,144,173,173,192,241,241,241,315,315,334,149,248,266,266,266,266],"floor_reached":24,"playtime":1383,"items_purged":["Strike_R"],"score":355,"play_id":"8adb80d3-69f6-443d-96f5-a8a2655bfb97","local_time":"20180711224710","is_ascension_mode":true,"campfire_choices":[{"data":"Bash","floor":6,"key":"SMITH"},{"data":"Clash","floor":8,"key":"SMITH"},{"data":"Iron Wave","floor":11,"key":"SMITH"},{"data":"Whirlwind","floor":15,"key":"SMITH"},{"data":"Metallicize","floor":23,"key":"SMITH"}],"neow_cost":"NO_GOLD","seed_source_timestamp":13281276005580,"circlet_count":0,"master_deck":["Strike_R","Strike_R","Defend_R","Defend_R","Defend_R","Bash+1","AscendersBane","Clash+1","Clash","Iron Wave+1","Whirlwind+1","Reaper","Clash","Metallicize+1","Intimidate","Clash"],"relics":["Burning Blood","Paper Frog","Regal Pillow","Oddly Smooth Stone","Lizard Tail"],"potions_floor_usage":[16,24],"damage_taken":[{"damage":2,"enemies":"Small Slimes","floor":1,"turns":5},{"damage":2,"enemies":"2 Louse","floor":3,"turns":3},{"damage":0,"enemies":"Cultist","floor":5,"turns":3},{"damage":11,"enemies":"Exordium Thugs","floor":7,"turns":5},{"damage":7,"enemies":"Gremlin Nob","floor":10,"turns":3},{"damage":13,"enemies":"Large Slime","floor":12,"turns":6},{"damage":29,"enemies":"The Guardian","floor":16,"turns":7},{"damage":33,"enemies":"Shell Parasite","floor":18,"turns":5},{"damage":9,"enemies":"3 Byrds","floor":21,"turns":6},{"damage":103,"enemies":"Book of Stabbing","floor":24,"turns":7}],"seed_played":"-7668717770504535864","potions_obtained":[{"floor":3,"key":"FairyPotion"},{"floor":10,"key":"LiquidBronze"},{"floor":18,"key":"Poison Potion"}],"is_trial":false,"path_per_floor":["M","?","M","$","M","R","M","R","T","E","R","M","T","?","R","B",null,"M","$","?","M","?","R"],"character_chosen":"IRONCLAD","items_purchased":["Metallicize","Intimidate"],"campfire_rested":0,"item_purchase_floors":[19,19],"current_hp_per_floor":[72,72,75,75,75,75,70,70,70,69,69,62,62,62,62,39,66,39,39,39,42,42,42,0],"gold":266,"neow_bonus":"REMOVE_TWO","is_prod":false,"is_daily":false,"chose_seed":false,"campfire_upgraded":5,"win_rate":0,"timestamp":1531374430,"path_taken":["M","?","M","?","M","R","M","R","T","E","R","?","?","?","R","BOSS","M","$","?","M","?","R","E"],"build_version":"2018-07-05","purchased_purges":1,"victory":false,"max_hp_per_floor":[75,75,75,75,75,75,75,75,75,75,75,75,75,75,75,75,75,75,75,75,75,75,75,75],"card_choices":[{"not_picked":["Headbutt","Wild Strike"],"picked":"Clash","floor":1},{"not_picked":["Anger","Heavy Blade","Cleave"],"picked":"SKIP","floor":3},{"not_picked":["Flex","Corruption"],"picked":"Clash","floor":5},{"not_picked":["Dual Wield","Thunderclap","Entrench"],"picked":"SKIP","floor":7},{"not_picked":["Combust","Heavy Blade"],"picked":"Iron Wave","floor":10},{"not_picked":["Bloodletting","Reckless Charge"],"picked":"Whirlwind","floor":12},{"not_picked":["Brutality","Dark Embrace"],"picked":"Reaper","floor":16},{"not_picked":["Warcry","Armaments"],"picked":"Clash","floor":18},{"not_picked":["Power Through","Battle Trance"],"picked":"Clash","floor":21}],"player_experience":576044,"relics_obtained":[{"floor":9,"key":"Paper Frog"},{"floor":10,"key":"Regal Pillow"},{"floor":13,"key":"Oddly Smooth Stone"}],"event_choices":[{"event_name":"The Cleric","player_choice":"Leave","floor":2,"damage_taken":0},{"event_name":"Living Wall","player_choice":"Forget","floor":14,"damage_taken":0},{"event_name":"Nest","player_choice":"Stole From Cult","floor":20,"damage_taken":0},{"event_name":"Ghosts","player_choice":"Ignored","floor":22,"damage_taken":0}],"boss_relics":[{"not_picked":["Snecko Eye","Mark of Pain"],"picked":"Lizard Tail"}],"items_purged_floors":[19],"is_endless":false,"potions_floor_spawned":[3,10,12,18],"killed_by":"Book of Stabbing","ascension_level":14}