{"gold_per_floor":[16,31,44,119,138,171,96,96,122,122,122,142,42,217,217,322,322,335,335,250,265,140,140,156,156,156,174,174,203,53,83,83,186,186,202,212,8,8,23,23,39,74,74,74,84,100,22,39,39,39],"floor_reached":50,"playtime":3370,"items_purged":["Strike_B","Strike_B","Strike_B"],"score":819,"play_id":"334b83c8-bbcc-4ba6-a1c3-b1610b6a0191","local_time":"20180806214635","is_ascension_mode":true,"campfire_choices":[{"floor":8.0,"key":"REST"},{"floor":15.0,"key":"REST"},{"floor":23.0,"key":"REST"},{"data":"Zap","floor":25.0,"key":"SMITH"},{"data":"Fission","floor":28.0,"key":"SMITH"},{"floor":32.0,"key":"REST"},{"data":"Static Discharge","floor":40.0,"key":"SMITH"},{"floor":44,"key":"REST"},{"floor":49,"key":"REST"}],"neow_cost":"NO_GOLD","seed_source_timestamp":0,"circlet_count":0,"master_deck":["Defend_B","Defend_B","Defend_B","Defend_B","Zap+1","Dualcast","AscendersBane","Electrodynamics","Cold Snap","Leap","Coolheaded","Static Discharge+1","Capacitor","Fission+1","Coolheaded","Ball Lightning","Conserve Battery","Glacier","Cold Snap","Seek","Madness","Madness","Chill","Undo"],"special_seed":0,"relics":["Cracked Core","DataDisk","Anchor","Omamori","Runic Dome","Potion Belt","Mango","Blood Vial","Bag of Preparation","Ancient Tea Set","Busted Crown","Oddly Smooth Stone","Centennial Puzzle","Pen Nib"],"potions_floor_usage":[42,46,50,50,50,50],"damage_taken":[{"damage":8.0,"enemies":"Small Slimes","floor":1.0,"turns":3.0},{"damage":2.0,"enemies":"Jaw Worm","floor":2.0,"turns":3.0},{"damage":0.0,"enemies":"2 Louse","floor":3.0,"turns":3.0},{"damage":10.0,"enemies":"Large Slime","floor":5.0,"turns":5.0},{"damage":19.0,"enemies":"3 Sentries","floor":6.0,"turns":4.0},{"damage":0.0,"enemies":"Exordium Thugs","floor":12.0,"turns":3.0},{"damage":10.0,"enemies":"Hexaghost","floor":16.0,"turns":9.0},{"damage":21.0,"enemies":"2 Thieves","floor":18.0,"turns":2.0},{"damage":14.0,"enemies":"Chosen","floor":21.0,"turns":6.0},{"damage":0.0,"enemies":"3 Cultists","floor":24.0,"turns":4.0},{"damage":11.0,"enemies":"Snake Plant","floor":27.0,"turns":3.0},{"damage":13.0,"enemies":"Slavers","floor":29.0,"turns":6.0},{"damage":22.0,"enemies":"Book of Stabbing","floor":31.0,"turns":7.0},{"damage":34.0,"enemies":"Collector","floor":33.0,"turns":13.0},{"damage":0.0,"enemies":"Orb Walker","floor":35.0,"turns":4.0},{"damage":4.0,"enemies":"Flame Bruiser 1 Orb","floor":36.0,"turns":10.0},{"damage":10.0,"enemies":"Spire Growth","floor":39.0,"turns":8.0},{"damage":17.0,"enemies":"Transient","floor":41.0,"turns":5.0},{"damage":32,"enemies":"2 Orb Walkers","floor":42,"turns":4},{"damage":0,"enemies":"4 Shapes","floor":45,"turns":3},{"damage":2,"enemies":"Sphere and 2 Shapes","floor":46,"turns":5},{"damage":19,"enemies":"Maw","floor":48,"turns":12},{"damage":72,"enemies":"Donu and Deca","floor":50,"turns":15}],"seed_played":"203926420171754409","potions_obtained":[{"floor":1.0,"key":"Energy Potion"},{"floor":6.0,"key":"PowerPotion"},{"floor":21.0,"key":"Dexterity Potion"},{"floor":29.0,"key":"Regen Potion"},{"floor":33.0,"key":"EssenceOfSteel"},{"floor":39.0,"key":"SkillPotion"},{"floor":42,"key":"Swift Potion"},{"floor":45,"key":"Explosive Potion"}],"is_trial":false,"path_per_floor":["M","M","M","?","M","E","$","R","T","?","?","M","$","?","R","B",null,"M","?","?","M","$","R","M","R","T","M","R","E","$","E","R","B",null,"M","M","$","?","M","R","M","E","T","R","M","M","$","M","R"],"character_chosen":"DEFECT","items_purchased":["Bag of Preparation","Oddly Smooth Stone","Strength Potion","Regen Potion"],"campfire_rested":6,"item_purchase_floors":[30,37,37,47],"current_hp_per_floor":[60,58,58,47,37,18,18,40,40,22,15,15,15,15,37,27,63,42,42,42,28,28,50,50,50,64,53,53,40,40,35,61,29,74,76,74,74,63,55,55,40,10,10,36,38,38,38,21,47,0],"gold":39,"neow_bonus":"THREE_RARE_CARDS","is_prod":false,"is_daily":false,"chose_seed":false,"campfire_upgraded":3,"win_rate":0,"timestamp":1533617195,"path_taken":["M","M","M","?","M","E","$","R","T","?","?","M","$","?","R","BOSS","M","?","?","M","$","R","M","R","T","M","R","E","$","E","R","BOSS","M","M","$","?","M","R","M","E","T","R","?","?","?","M","R","BOSS"],"build_version":"2018-08-02","purchased_purges":3,"victory":false,"max_hp_per_floor":[75,75,75,75,75,75,75,75,75,75,75,75,75,75,75,75,75,75,75,75,75,75,75,75,75,89,89,89,89,89,89,89,89,89,89,89,89,89,89,89,89,89,89,89,89,89,89,89,89,89],"card_choices":[{"not_picked":["Meteor Strike","Hyperbeam"],"picked":"Electrodynamics","floor":0.0},{"not_picked":["Doom and Gloom","Reinforced Body"],"picked":"Cold Snap","floor":1.0},{"not_picked":["Storm","Stack"],"picked":"Leap","floor":2.0},{"not_picked":["Beam Cell","Scrape"],"picked":"Coolheaded","floor":3.0},{"not_picked":["Conserve Battery","Beam Cell"],"picked":"Static Discharge","floor":5.0},{"not_picked":["Rip and Tear","Steam Power"],"picked":"Capacitor","floor":6.0},{"not_picked":["Streamline","Turbo","Compile Driver"],"picked":"SKIP","floor":12.0},{"not_picked":["Buffer","Seek"],"picked":"Fission","floor":16.0},{"not_picked":["Rebound","Melter"],"picked":"Coolheaded","floor":18.0},{"not_picked":["Turbo","Sweeping Beam","Force Field"],"picked":"SKIP","floor":21.0},{"not_picked":["Leap","Fusion+1"],"picked":"Conserve Battery","floor":24.0},{"not_picked":["Sunder","White Noise"],"picked":"Glacier","floor":27.0},{"not_picked":["Reinforced Body","Streamline"],"picked":"Cold Snap","floor":29.0},{"not_picked":["Storm","White Noise","Turbo+1"],"picked":"SKIP","floor":31.0},{"not_picked":["All For One","Meteor Strike"],"picked":"Seek","floor":33.0},{"not_picked":["Double Energy"],"picked":"SKIP","floor":35.0},{"not_picked":["Steam"],"picked":"SKIP","floor":36.0},{"not_picked":["Turbo"],"picked":"SKIP","floor":39.0},{"not_picked":["Conserve Battery"],"picked":"SKIP","floor":41.0},{"not_picked":[],"picked":"Chill","floor":42},{"not_picked":[],"picked":"Undo","floor":45},{"not_picked":["Coolheaded"],"picked":"SKIP","floor":46},{"not_picked":["Stack"],"picked":"SKIP","floor":48}],"player_experience":717370,"relics_obtained":[{"floor":6.0,"key":"DataDisk"},{"floor":9.0,"key":"Anchor"},{"floor":26.0,"key":"Mango"},{"floor":29.0,"key":"Blood Vial"},{"floor":31.0,"key":"Ancient Tea Set"},{"floor":42,"key":"Centennial Puzzle"},{"floor":43,"key":"Pen Nib"}],"event_choices":[{"event_name":"World of Goop","player_choice":"Gather Gold","floor":4.0,"damage_taken":0.0},{"event_name":"Scrap Ooze","player_choice":"success","floor":10.0,"damage_taken":18.0},{"event_name":"Golden Wing","player_choice":"Card Removal","floor":11.0,"damage_taken":0.0},{"event_name":"Liars Game","player_choice":"agreed","floor":14.0,"damage_taken":0.0},{"event_name":"The Library","player_choice":"Read","floor":19.0,"damage_taken":0.0},{"event_name":"Addict","player_choice":"Obtained Relic","floor":20.0,"damage_taken":0.0},{"event_name":"Winding Halls","player_choice":"Embrace Madness","floor":38.0,"damage_taken":0.0}],"is_beta":false,"boss_relics":[{"not_picked":["Calling Bell","Astrolabe"],"picked":"Runic Dome"},{"not_picked":["Inserter","Tiny House"],"picked":"Busted Crown"}],"items_purged_floors":[7,13,22],"is_endless":false,"potions_floor_spawned":[1,6,12,21,29,33,39,41,42,45],"killed_by":"Donu and Deca","ascension_level":12}