{"gold_per_floor":[16,31,41,59,71,102,102,131,156,156,156,156,156,170,170,241,241,255,267,280,280,9,9,34,34,110,128,145,156,189,38,38,112,112,131,176,189,189,209,209,241,241,241,241,259,269,282,182,182,182],"floor_reached":51,"playtime":2422,"items_purged":["Regret","Strike_R"],"score":1292,"play_id":"a4a468ad-ef2b-4896-9566-6379219a8caf","local_time":"20180825145745","is_ascension_mode":true,"campfire_choices":[{"data":"Anger","floor":7,"key":"SMITH"},{"data":"True Grit","floor":10,"key":"SMITH"},{"data":"Bash","floor":12,"key":"SMITH"},{"data":"Flame Barrier","floor":15,"key":"SMITH"},{"floor":23,"key":"REST"},{"data":"Immolate","floor":25,"key":"SMITH"},{"floor":32,"key":"REST"},{"data":"Uppercut","floor":40,"key":"SMITH"},{"data":"Heavy Blade","floor":44,"key":"SMITH"},{"floor":49,"key":"REST"}],"neow_cost":"NO_GOLD","seed_source_timestamp":12549859761164,"circlet_count":0,"master_deck":["Strike_R","Strike_R","Defend_R","Defend_R","Defend_R","Bash+1","AscendersBane","Flame Barrier+1","Heavy Blade+1","Iron Wave","Anger+1","True Grit+1","Iron Wave","Iron Wave","Offering","Clash","Shrug It Off","Ghostly Armor","Iron Wave","Immolate+1","Clothesline","Whirlwind+1","Offering","Uppercut+1","Wild Strike","Iron Wave","Evolve"],"relics":["Burning Blood","Mummified Hand","Mercury Hourglass","Happy Flower","Art of War","Lantern","Runic Dome","MutagenicStrength","Bronze Scales","Matryoshka","Blood Vial","Singing Bowl","Vajra","Red Skull","Mark of Pain","Dead Branch","Nunchaku","Juzu Bracelet","Strawberry","Oddly Smooth Stone"],"potions_floor_usage":[5,6,19,24,24,33,33,37,41,50,50],"damage_taken":[{"damage":2,"enemies":"Cultist","floor":1,"turns":5},{"damage":4,"enemies":"Small Slimes","floor":2,"turns":4},{"damage":12,"enemies":"2 Louse","floor":3,"turns":3},{"damage":4,"enemies":"Blue Slaver","floor":4,"turns":5},{"damage":6,"enemies":"Lots of Slimes","floor":5,"turns":4},{"damage":25,"enemies":"3 Sentries","floor":6,"turns":11},{"damage":22,"enemies":"Gremlin Nob","floor":8,"turns":5},{"damage":2,"enemies":"3 Louse","floor":14,"turns":2},{"damage":32,"enemies":"The Guardian","floor":16,"turns":11},{"damage":25,"enemies":"Shell Parasite","floor":18,"turns":6},{"damage":6,"enemies":"3 Byrds","floor":19,"turns":1},{"damage":23,"enemies":"Shelled Parasite and Fungi","floor":20,"turns":4},{"damage":8,"enemies":"Book of Stabbing","floor":24,"turns":4},{"damage":13,"enemies":"Cultist and Chosen","floor":27,"turns":4},{"damage":7,"enemies":"Sentry and Sphere","floor":28,"turns":4},{"damage":8,"enemies":"3 Cultists","floor":29,"turns":3},{"damage":26,"enemies":"Gremlin Leader","floor":30,"turns":4},{"damage":25,"enemies":"Collector","floor":33,"turns":8},{"damage":6,"enemies":"3 Darklings","floor":35,"turns":2},{"damage":1,"enemies":"Mysterious Sphere","floor":36,"turns":2},{"damage":11,"enemies":"Flame Bruiser 1 Orb","floor":37,"turns":5},{"damage":33,"enemies":"Mind Bloom Boss Battle","floor":38,"turns":5},{"damage":0,"enemies":"4 Shapes","floor":39,"turns":1},{"damage":34,"enemies":"Nemesis","floor":41,"turns":4},{"damage":12,"enemies":"Flame Bruiser 2 Orb","floor":45,"turns":2},{"damage":12,"enemies":"Maw","floor":46,"turns":6},{"damage":9,"enemies":"Transient","floor":47,"turns":5},{"damage":92,"enemies":"Time Eater","floor":50,"turns":9}],"seed_played":"6810005217477569069","potions_obtained":[{"floor":2,"key":"Fire Potion"},{"floor":3,"key":"BloodPotion"},{"floor":8,"key":"Poison Potion"},{"floor":18,"key":"AttackPotion"},{"floor":19,"key":"Swift Potion"},{"floor":24,"key":"Weak Potion"},{"floor":27,"key":"Ancient Potion"},{"floor":33,"key":"Swift Potion"},{"floor":35,"key":"SmokeBomb"},{"floor":36,"key":"Regen Potion"},{"floor":38,"key":"Weak Potion"},{"floor":41,"key":"Regen Potion"}],"is_trial":false,"path_per_floor":["M","M","M","M","M","E","R","E","T","R","?","R","?","M","R","B",null,"M","M","M","?","$","R","E","R","T","M","M","M","E","$","R","B",null,"M","?","M","?","M","R","E","?","T","R","M","M","M","$","R","B"],"character_chosen":"IRONCLAD","items_purchased":["Bronze Scales","Iron Wave","Red Skull"],"campfire_rested":3,"item_purchase_floors":[22,22,31],"current_hp_per_floor":[72,74,68,70,70,58,58,42,42,42,42,42,42,46,46,20,61,42,45,28,28,28,51,49,49,49,46,47,47,31,31,55,38,71,75,84,81,58,66,66,54,54,61,61,59,55,54,54,83,13],"gold":182,"neow_bonus":"TRANSFORM_TWO_CARDS","is_prod":false,"is_daily":false,"chose_seed":false,"campfire_upgraded":7,"win_rate":0,"timestamp":1535234265,"path_taken":["M","M","M","M","M","E","R","E","T","R","?","R","?","M","R","BOSS","M","M","?","?","$","R","E","R","T","M","M","?","E","$","R","BOSS","M","?","M","?","M","R","E","?","T","R","M","M","M","$","R","BOSS"],"build_version":"2018-08-23v2","purchased_purges":2,"victory":true,"max_hp_per_floor":[75,75,75,75,75,75,75,75,75,75,75,75,75,75,75,75,75,75,78,78,78,78,78,78,78,78,80,80,80,82,82,82,82,82,84,86,86,88,88,88,90,90,97,97,99,99,99,99,99,99],"card_choices":[{"not_picked":["Flex","Bloodletting"],"picked":"Iron Wave","floor":1},{"not_picked":["Heavy Blade","Rage"],"picked":"Anger","floor":2},{"not_picked":["Sentinel","Burning Pact","Headbutt"],"picked":"SKIP","floor":3},{"not_picked":["Twin Strike","Rampage","Entrench"],"picked":"SKIP","floor":4},{"not_picked":["Combust","Pummel"],"picked":"True Grit","floor":5},{"not_picked":["Burning Pact","Rampage","Juggernaut"],"picked":"SKIP","floor":6},{"not_picked":["Searing Blow","Shrug It Off"],"picked":"Iron Wave","floor":8},{"not_picked":["True Grit","Dropkick"],"picked":"Iron Wave","floor":14},{"not_picked":["Bludgeon","Limit Break"],"picked":"Offering","floor":16},{"not_picked":["Hemokinesis","Flex"],"picked":"Clash","floor":18},{"not_picked":["Pummel","Intimidate"],"picked":"Shrug It Off","floor":19},{"not_picked":["Corruption","Burning Pact"],"picked":"Ghostly Armor","floor":20},{"not_picked":["Hemokinesis","Heavy Blade+1"],"picked":"Immolate","floor":24},{"not_picked":["Pommel Strike","Body Slam","Headbutt+1"],"picked":"Singing Bowl","floor":27},{"not_picked":["Uppercut","Feel No Pain"],"picked":"Clothesline","floor":28},{"not_picked":["Anger","Cleave"],"picked":"Whirlwind+1","floor":29},{"not_picked":["Bloodletting","Pommel Strike","Sever Soul"],"picked":"Singing Bowl","floor":30},{"not_picked":["Dark Embrace","Exhume"],"picked":"Offering","floor":33},{"not_picked":["Dual Wield","Flex+1","Pommel Strike"],"picked":"Singing Bowl","floor":35},{"not_picked":["Spot Weakness","Armaments","Whirlwind"],"picked":"Singing Bowl","floor":36},{"not_picked":["Feel No Pain","Infernal Blade"],"picked":"Uppercut","floor":37},{"not_picked":["Thunderclap+1","Dropkick","Sever Soul+1"],"picked":"Singing Bowl","floor":38},{"not_picked":["Anger","Headbutt"],"picked":"Wild Strike","floor":39},{"not_picked":["Burning Pact+1","Fiend Fire","Pommel Strike"],"picked":"Singing Bowl","floor":41},{"not_picked":["Battle Trance","Havoc+1","Body Slam"],"picked":"Singing Bowl","floor":45},{"not_picked":["Second Wind+1","Bloodletting"],"picked":"Iron Wave","floor":46},{"not_picked":["Pommel Strike","Ghostly Armor"],"picked":"Evolve","floor":47}],"player_experience":796668,"relics_obtained":[{"floor":6,"key":"Mummified Hand"},{"floor":8,"key":"Mercury Hourglass"},{"floor":9,"key":"Happy Flower"},{"floor":13,"key":"Lantern"},{"floor":24,"key":"Matryoshka"},{"floor":26,"key":"Blood Vial"},{"floor":26,"key":"Singing Bowl"},{"floor":30,"key":"Vajra"},{"floor":36,"key":"Dead Branch"},{"floor":38,"key":"Nunchaku"},{"floor":41,"key":"Juzu Bracelet"},{"floor":43,"key":"Strawberry"},{"floor":43,"key":"Oddly Smooth Stone"}],"event_choices":[{"event_name":"Big Fish","player_choice":"Box","floor":11,"damage_taken":0},{"event_name":"Wheel of Change","player_choice":"Relic","floor":13,"damage_taken":0},{"event_name":"Drug Dealer","player_choice":"Inject Mutagens","floor":21,"damage_taken":0},{"event_name":"Mysterious Sphere","player_choice":"Fight","floor":36,"damage_taken":0},{"event_name":"MindBloom","player_choice":"Fight","floor":38,"damage_taken":0},{"event_name":"Falling","player_choice":"Removed Skill","floor":42,"damage_taken":0}],"is_beta":false,"boss_relics":[{"not_picked":["Fusion Hammer","Pandora\u0027s Box"],"picked":"Runic Dome"},{"not_picked":["Astrolabe","Calling Bell"],"picked":"Mark of Pain"}],"items_purged_floors":[22,48],"is_endless":false,"potions_floor_spawned":[2,3,4,8,18,19,24,27,33,35,36,38,41,46,47],"ascension_level":15}