{"path_per_floor":["M","?","?","M","?","R","M","$","T","?","M","E","$","M","R","B",null,"M","M","?","M","?","R","M","R","T","R","$","?","M"],"character_chosen":"THE_SILENT","items_purchased":["Blur","After Image","Well Laid Plans","Lantern"],"gold_per_floor":[116,116,116,136,311,311,330,30,30,30,48,104,4,18,18,117,117,132,145,145,164,164,164,174,174,198,198,15,15,35],"floor_reached":31,"campfire_rested":0,"playtime":3403,"current_hp_per_floor":[63,63,63,62,62,62,60,60,60,53,53,49,49,49,49,26,63,63,59,48,40,40,47,39,53,53,53,53,53,33],"items_purged":["Strike_G","Doubt"],"gold":35,"score":260,"play_id":"6ef693a5-3578-4cfe-89d8-7bfed6d2914e","is_prod":false,"is_daily":false,"is_ascension_mode":false,"campfire_upgraded":1,"path_taken":["M","?","?","M","?","R","M","$","T","?","M","E","?","?","R","BOSS","M","M","?","M","?","R","M","R","T","R","?","?","M","?"],"build_version":"2018-02-15-PROD1","purchased_purges":2,"victory":false,"master_deck":["Defend_G","Defend_G","Defend_G","Defend_G","Strike_G+1","Survivor","Neutralize+1","Quick Slash","Neutralize","Dodge and Roll","Bouncing Flask+1","Dash","Blur","After Image","Backstab","Footwork","Acrobatics","Burst","Outmaneuver+1","Noxious Fumes","Deadly Poison","Footwork+1","Well Laid Plans","Calculated Gamble+1"],"max_hp_per_floor":[63,63,63,63,63,63,63,63,63,63,63,63,63,63,63,63,63,63,63,68,68,68,75,75,89,89,89,89,89,89],"relics":["Ring of the Snake","Shovel","Calipers","Tiny Chest","Mummified Hand","Philosopher\u0027s Stone","Strawberry","Mango","Vajra","Whetstone","Lantern"],"card_choices":[{"not_picked":["Bane","Choke"],"picked":"Quick Slash"},{"not_picked":["Dagger Throw","Skewer"],"picked":"Bouncing Flask"},{"not_picked":["All Out Attack","Dagger Throw"],"picked":"Dash"},{"not_picked":["Dagger Throw","Deflect"],"picked":"Backstab"},{"not_picked":["Prepared","Poisoned Stab"],"picked":"Footwork"},{"not_picked":["Dagger Throw","Masterful Stab"],"picked":"Acrobatics"},{"not_picked":["A Thousand Cuts","Adrenaline"],"picked":"Burst"},{"not_picked":["Sucker Punch","Slice"],"picked":"Outmaneuver"},{"not_picked":["Poisoned Stab","Endless Agony"],"picked":"Noxious Fumes"},{"not_picked":["Deflect","Sucker Punch"],"picked":"Deadly Poison"},{"not_picked":["Flying Knee","Acrobatics"],"picked":"Footwork"},{"not_picked":["Dagger Spray","Dodge and Roll"],"picked":"Calculated Gamble"}],"player_experience":56193,"potions_floor_usage":[16,16,21,21],"damage_taken":[{"damage":0,"enemies":"Small Slimes","floor":1,"turns":5},{"damage":1,"enemies":"Cultist","floor":4,"turns":4},{"damage":2,"enemies":"2 Louse","floor":7,"turns":3},{"damage":0,"enemies":"Blue Slaver","floor":11,"turns":4},{"damage":4,"enemies":"Lagavulin","floor":12,"turns":6},{"damage":0,"enemies":"Looter","floor":14,"turns":3},{"damage":23,"enemies":"Slime Boss","floor":16,"turns":17},{"damage":0,"enemies":"Shell Parasite","floor":18,"turns":8},{"damage":4,"enemies":"Spheric Guardian","floor":19,"turns":3},{"damage":8,"enemies":"3 Cultists","floor":21,"turns":5},{"damage":8,"enemies":"Sentry and Sphere","floor":24,"turns":6},{"damage":20,"enemies":"Chosen and Byrds","floor":30,"turns":8},{"damage":34,"enemies":"Cultist and Chosen","floor":31,"turns":6}],"event_choices":[{"event_name":"Match and Keep!","player_choice":"1 cards matched","floor":2,"damage_taken":0},{"event_name":"Match and Keep!","player_choice":"1 cards matched","floor":2,"damage_taken":0},{"event_name":"Living Wall","player_choice":"Change","floor":3,"damage_taken":0},{"event_name":"Liars Game","player_choice":"agreed","floor":5,"damage_taken":0},{"event_name":"Scrap Ooze","player_choice":"success","floor":10,"damage_taken":7},{"event_name":"Forgotten Altar","player_choice":"Shed Blood","floor":20,"damage_taken":0},{"event_name":"Back to Basics","player_choice":"Elegance","floor":22,"damage_taken":0},{"event_name":"Vampires","player_choice":"Ignored","floor":29,"damage_taken":0}],"boss_relics":[{"not_picked":["Runic Dome","Orrery"],"picked":"Philosopher\u0027s Stone"}],"potions_floor_spawned":[7,12,16,18,19,24],"seed_played":"2993460309716719652","killed_by":"Cultist and Chosen","ascension_level":0,"is_trial":false}