{"gold_per_floor":[114,131,8,8,22,22,22,22,72,89,89,116,116,131,131,231,231,248,248,259,277,13,13,40,40,40,40,54,54],"floor_reached":29,"playtime":1694,"items_purged":["Strike_R"],"score":365,"play_id":"7e309ee9-ebfb-4455-b310-fb497da82a55","local_time":"20190130161511","is_ascension_mode":true,"campfire_choices":[{"data":"Bash","floor":6.0,"key":"SMITH"},{"data":"Double Tap","floor":11.0,"key":"SMITH"},{"data":"Feel No Pain","floor":13.0,"key":"SMITH"},{"data":"Barricade","floor":15.0,"key":"SMITH"},{"data":"Mayhem","floor":23.0,"key":"SMITH"},{"data":"Havoc","floor":25.0,"key":"SMITH"}],"neow_cost":"TEN_PERCENT_HP_LOSS","seed_source_timestamp":0,"circlet_count":0,"master_deck":["AscendersBane","Strike_R","Strike_R","Strike_R","Strike_R","Defend_R","Defend_R","Defend_R","Defend_R","Bash+1","Double Tap+1","Corruption+1","Body Slam+1","Havoc+1","Feel No Pain+1","Ghostly Armor","Barricade+1","Feed","Warcry+1","Dual Wield+1","Mayhem+1","Burning Pact","Clothesline"],"special_seed":0,"relics":["Burning Blood","Nunchaku","Omamori","Ornamental Fan","Philosopher\u0027s Stone","Sundial","Magic Flower","Singing Bowl","MutagenicStrength"],"potions_floor_usage":[],"damage_taken":[{"damage":0.0,"enemies":"Small Slimes","floor":1.0,"turns":3.0},{"damage":10.0,"enemies":"2 Louse","floor":2.0,"turns":4.0},{"damage":8.0,"enemies":"Jaw Worm","floor":5.0,"turns":4.0},{"damage":12.0,"enemies":"Exordium Wildlife","floor":10.0,"turns":5.0},{"damage":17.0,"enemies":"Gremlin Nob","floor":12.0,"turns":5.0},{"damage":0.0,"enemies":"Looter","floor":14.0,"turns":4.0},{"damage":3.0,"enemies":"Hexaghost","floor":16.0,"turns":7.0},{"damage":18.0,"enemies":"2 Thieves","floor":18.0,"turns":4.0},{"damage":5.0,"enemies":"Shell Parasite","floor":20.0,"turns":6.0},{"damage":11.0,"enemies":"Centurion and Healer","floor":21.0,"turns":7.0},{"damage":34.0,"enemies":"Gremlin Leader","floor":24.0,"turns":4.0},{"damage":14.0,"enemies":"Snake Plant","floor":28.0,"turns":4.0},{"damage":29,"enemies":"Book of Stabbing","floor":29,"turns":3}],"seed_played":"8068175798855286475","potions_obtained":[{"floor":1.0,"key":"PowerPotion"},{"floor":10.0,"key":"LiquidBronze"},{"floor":16.0,"key":"GamblersBrew"},{"floor":24.0,"key":"SpeedPotion"}],"is_trial":false,"path_per_floor":["M","M","$","?","M","R","?","$","T","M","R","E","R","M","R","B",null,"M","?","M","M","$","R","E","R","T","?","M","E"],"character_chosen":"IRONCLAD","items_purchased":["Havoc","Mayhem","Burning Pact"],"campfire_rested":0,"item_purchase_floors":[3,22,22],"current_hp_per_floor":[72,68,68,54,52,52,52,52,52,46,46,35,35,41,41,44,65,53,53,57,55,55,55,27,27,27,27,22,0],"gold":54,"neow_bonus":"THREE_RARE_CARDS","is_prod":false,"is_daily":false,"chose_seed":false,"campfire_upgraded":6,"win_rate":0,"timestamp":1548861311,"path_taken":["M","M","$","?","M","R","?","$","T","M","R","E","R","M","R","BOSS","M","?","M","M","$","R","E","R","T","?","M","E"],"build_version":"2019-01-23","purchased_purges":1,"victory":false,"max_hp_per_floor":[72,72,72,72,72,72,72,72,72,72,72,72,72,72,72,72,72,72,72,75,78,78,78,78,78,78,78,78,78],"card_choices":[{"not_picked":["Immolate","Juggernaut"],"picked":"Double Tap","floor":0.0},{"not_picked":["Warcry","Whirlwind"],"picked":"Corruption","floor":1.0},{"not_picked":["Second Wind","Sword Boomerang"],"picked":"Body Slam","floor":2.0},{"not_picked":["Pommel Strike","Armaments"],"picked":"Feel No Pain","floor":5.0},{"not_picked":["Wild Strike","Perfected Strike"],"picked":"Ghostly Armor","floor":10.0},{"not_picked":["Sword Boomerang","Headbutt","Searing Blow"],"picked":"SKIP","floor":12.0},{"not_picked":["Combust","Evolve"],"picked":"Barricade","floor":14.0},{"not_picked":["Immolate","Demon Form"],"picked":"Feed","floor":16.0},{"not_picked":["Clash","Wild Strike"],"picked":"Warcry+1","floor":18.0},{"not_picked":["Clash","Headbutt"],"picked":"Dual Wield+1","floor":20.0},{"not_picked":["Perfected Strike","Blood for Blood","Anger"],"picked":"SKIP","floor":21.0},{"not_picked":["Searing Blow","Headbutt","Juggernaut"],"picked":"SKIP","floor":24.0},{"not_picked":["Armaments","Infernal Blade"],"picked":"Clothesline","floor":28.0}],"player_experience":190768,"relics_obtained":[{"floor":9.0,"key":"Omamori"},{"floor":12.0,"key":"Ornamental Fan"},{"floor":24.0,"key":"Magic Flower"},{"floor":26.0,"key":"Singing Bowl"}],"event_choices":[{"damage_healed":0.0,"max_hp_gain":0.0,"max_hp_loss":0.0,"gold_gain":0.0,"event_name":"Shining Light","player_choice":"Entered Light","floor":4.0,"gold_loss":0.0,"damage_taken":14.0,"cards_upgraded":["Body Slam","Corruption"]},{"damage_healed":0.0,"max_hp_gain":0.0,"max_hp_loss":0.0,"gold_gain":0.0,"event_name":"Dead Adventurer","player_choice":"Searched \u00271\u0027 times","floor":7.0,"gold_loss":0.0,"damage_taken":0.0,"relics_obtained":["Nunchaku"]},{"damage_healed":0.0,"max_hp_gain":0.0,"max_hp_loss":0.0,"gold_gain":0.0,"event_name":"Addict","player_choice":"Stole Relic","floor":19.0,"gold_loss":0.0,"damage_taken":0.0,"relics_obtained":["Sundial"],"cards_obtained":["Shame"]},{"damage_healed":0.0,"max_hp_gain":0.0,"max_hp_loss":0.0,"gold_gain":0.0,"event_name":"Drug Dealer","player_choice":"Inject Mutagens","floor":27.0,"gold_loss":0.0,"damage_taken":0.0,"relics_obtained":["MutagenicStrength"]}],"is_beta":false,"boss_relics":[{"not_picked":["Ectoplasm","Busted Crown"],"picked":"Philosopher\u0027s Stone"}],"items_purged_floors":[3],"is_endless":false,"potions_floor_spawned":[1,10,16,24],"killed_by":"Book of Stabbing","ascension_level":10}