{"gold_per_floor":[20,34,52,327,346,375,375,404,428,428,440,468,480,492,504,617,629,661,673,699,724,736,748,790,802,814,840,852,539,550,580,580,580],"floor_reached":33,"playtime":1838,"items_purged":["Pain"],"score":330,"play_id":"4fc217bd-c9b3-421c-8611-70acaa90a581","local_time":"20180924215307","is_ascension_mode":false,"campfire_choices":[{"floor":7.0,"key":"REST"},{"floor":10.0,"key":"REST"},{"data":"Loop","floor":15.0,"key":"SMITH"},{"data":"Zap","floor":23.0,"key":"SMITH"},{"floor":25.0,"key":"REST"},{"data":"Chill","floor":32.0,"key":"SMITH"}],"neow_cost":"NO_GOLD","seed_source_timestamp":0,"circlet_count":0,"master_deck":["Zap+1","Dualcast","Buffer","Double Energy","Capacitor","Undo","Regret","Leap","Cold Snap","BootSequence","Chill+1","Loop+1","Decay","Core Surge","Conserve Battery","Aggregate","Leap","Barrage","Darkness","Sweeping Beam","Genetic Algorithm","Conserve Battery","Go for the Eyes","Ball Lightning","Sunder+1","Buffer","Cold Snap","FTL","Electrodynamics"],"special_seed":0,"relics":["Cracked Core","Mercury Hourglass","Orichalcum","Oddly Smooth Stone","MawBank","Unceasing Top","Pandora\u0027s Box","WarpedTongs","Bronze Scales","Bag of Marbles","Pear","Symbiotic Virus"],"potions_floor_usage":[33,33],"damage_taken":[{"damage":0.0,"enemies":"Cultist","floor":1.0,"turns":4.0},{"damage":0.0,"enemies":"2 Louse","floor":2.0,"turns":2.0},{"damage":2.0,"enemies":"Small Slimes","floor":3.0,"turns":4.0},{"damage":30.0,"enemies":"Exordium Thugs","floor":5.0,"turns":8.0},{"damage":35.0,"enemies":"Gremlin Nob","floor":6.0,"turns":7.0},{"damage":13.0,"enemies":"Lagavulin","floor":8.0,"turns":8.0},{"damage":2.0,"enemies":"Red Slaver","floor":11.0,"turns":4.0},{"damage":9.0,"enemies":"Gremlin Nob","floor":12.0,"turns":5.0},{"damage":18.0,"enemies":"The Guardian","floor":16.0,"turns":13.0},{"damage":18.0,"enemies":"3 Byrds","floor":18.0,"turns":5.0},{"damage":1.0,"enemies":"Chosen","floor":20.0,"turns":8.0},{"damage":13.0,"enemies":"Snake Plant","floor":21.0,"turns":7.0},{"damage":22.0,"enemies":"Slavers","floor":24.0,"turns":6.0},{"damage":7.0,"enemies":"Snecko","floor":27.0,"turns":5.0},{"damage":0.0,"enemies":"Shelled Parasite and Fungi","floor":30.0,"turns":6.0},{"damage":22.0,"enemies":"Gremlin Leader","floor":31.0,"turns":6.0},{"damage":32,"enemies":"Automaton","floor":33,"turns":8}],"seed_played":"1752374759598000744","potions_obtained":[{"floor":2.0,"key":"Block Potion"},{"floor":5.0,"key":"LiquidBronze"},{"floor":8.0,"key":"LiquidBronze"},{"floor":16.0,"key":"LiquidBronze"},{"floor":24.0,"key":"Weak Potion"},{"floor":27.0,"key":"Fruit Juice"},{"floor":31.0,"key":"Explosive Potion"}],"is_trial":false,"path_per_floor":["M","M","M","?","M","E","R","E","T","R","M","E","?","?","R","B",null,"M","?","M","M","?","R","E","R","T","M","?","$","M","E","R"],"character_chosen":"DEFECT","items_purchased":["Pear"],"campfire_rested":3,"item_purchase_floors":[29],"current_hp_per_floor":[75,75,73,73,43,8,30,17,17,39,37,28,21,21,21,3,75,57,57,56,43,43,43,21,43,43,36,36,46,51,29,29,0],"gold":580,"neow_bonus":"THREE_RARE_CARDS","is_prod":false,"is_daily":false,"chose_seed":false,"campfire_upgraded":3,"win_rate":0,"timestamp":1537851187,"path_taken":["M","M","M","?","M","E","R","E","T","R","?","E","?","?","R","BOSS","M","?","M","M","?","R","E","R","T","M","?","$","M","E","R","BOSS"],"build_version":"2018-09-20","purchased_purges":1,"victory":false,"max_hp_per_floor":[75,75,75,75,75,75,75,75,75,75,75,75,75,75,75,75,75,75,75,75,75,75,75,75,75,75,75,75,85,90,90,90,90],"card_choices":[{"not_picked":["All For One","Machine Learning"],"picked":"Buffer","floor":0.0},{"not_picked":["Redo","Lockon"],"picked":"Double Energy","floor":1.0},{"not_picked":["Loop","Tempest"],"picked":"Capacitor","floor":2.0},{"not_picked":["Beam Cell","Redo"],"picked":"Undo","floor":3.0},{"not_picked":["Fusion","Stack"],"picked":"Leap","floor":5.0},{"not_picked":["Chill","Seek"],"picked":"Cold Snap","floor":6.0},{"not_picked":["Fusion","Steam"],"picked":"BootSequence","floor":8.0},{"not_picked":["White Noise","Coolheaded"],"picked":"Chill","floor":11.0},{"not_picked":["Static Discharge","Hello World"],"picked":"Loop","floor":12.0},{"not_picked":["Creative AI","Machine Learning"],"picked":"Core Surge","floor":16.0},{"not_picked":["Sweeping Beam","Gash"],"picked":"Go for the Eyes","floor":18.0},{"not_picked":["Beam Cell","Scrape"],"picked":"Ball Lightning","floor":20.0},{"not_picked":["Double Energy","Cold Snap"],"picked":"Sunder+1","floor":21.0},{"not_picked":["Gash","Stack"],"picked":"Buffer","floor":24.0},{"not_picked":["Compile Driver","Sweeping Beam"],"picked":"Cold Snap","floor":27.0},{"not_picked":["Sweeping Beam","Static Discharge","Beam Cell+1"],"picked":"SKIP","floor":30.0},{"not_picked":["Ball Lightning","Genetic Algorithm+1"],"picked":"Electrodynamics","floor":31.0}],"player_experience":830198,"relics_obtained":[{"floor":6.0,"key":"Mercury Hourglass"},{"floor":8.0,"key":"Orichalcum"},{"floor":9.0,"key":"Oddly Smooth Stone"},{"floor":12.0,"key":"MawBank"},{"floor":24.0,"key":"Bronze Scales"},{"floor":26.0,"key":"Bag of Marbles"},{"floor":31.0,"key":"Symbiotic Virus"}],"event_choices":[{"event_name":"Golden Shrine","player_choice":"Desecrate","floor":4.0,"damage_taken":0.0},{"event_name":"Scrap Ooze","player_choice":"success","floor":13.0,"damage_taken":7.0},{"event_name":"Wheel of Change","player_choice":"Curse","floor":14.0,"damage_taken":0.0},{"event_name":"Vampires","player_choice":"Ignored","floor":19.0,"damage_taken":0.0},{"event_name":"Accursed Blacksmith","player_choice":"Rummage","floor":22.0,"damage_taken":0.0},{"event_name":"The Library","player_choice":"Read","floor":28.0,"damage_taken":0.0}],"is_beta":false,"boss_relics":[{"not_picked":["Lizard Tail","Nuclear Battery"],"picked":"Pandora\u0027s Box"}],"items_purged_floors":[29],"is_endless":false,"potions_floor_spawned":[2,5,8,16,24,27,31],"killed_by":"Automaton","ascension_level":0}