{"gold_per_floor":[110,130,141,91,110,137,137,155,155,170,187,55,55,68,68,168,168,151,151,163,179,0,29,29],"floor_reached":24,"playtime":2001,"items_purged":["Defend_G","Defend_G"],"score":222,"play_id":"cc01eff0-2cb6-44a3-a4b4-27663cac7b6f","local_time":"20190416233925","is_ascension_mode":false,"campfire_choices":[{"floor":13,"key":"REST"},{"floor":15,"key":"REST"}],"neow_cost":"NONE","seed_source_timestamp":534980753095902,"circlet_count":0,"master_deck":["Defend_G","Defend_G","Strike_G","Strike_G","Strike_G","Strike_G","Strike_G","Survivor","Neutralize","Dagger Spray","Accuracy","Flash of Steel","Phantasmal Killer","Endless Agony+1","Choke","Dagger Spray+1","Flash of Steel"],"relics":["Ring of the Snake","Shuriken","Smiling Mask","Black Star","Orichalcum","Ornamental Fan","Omamori"],"potions_floor_usage":[16,23,23,24,24],"damage_taken":[{"damage":2,"enemies":"Cultist","floor":1,"turns":4},{"damage":1,"enemies":"2 Louse","floor":2,"turns":3},{"damage":0,"enemies":"Jaw Worm","floor":3,"turns":6},{"damage":6,"enemies":"Exordium Wildlife","floor":5,"turns":3},{"damage":35,"enemies":"3 Sentries","floor":6,"turns":11},{"damage":9,"enemies":"3 Louse","floor":8,"turns":3},{"damage":10,"enemies":"Lots of Slimes","floor":10,"turns":5},{"damage":11,"enemies":"Exordium Thugs","floor":11,"turns":4},{"damage":3,"enemies":"Red Slaver","floor":14,"turns":5},{"damage":45,"enemies":"Slime Boss","floor":16,"turns":9},{"damage":19,"enemies":"2 Thieves","floor":18,"turns":4},{"damage":14,"enemies":"Shell Parasite","floor":20,"turns":5},{"damage":13,"enemies":"Cultist and Chosen","floor":21,"turns":5},{"damage":22,"enemies":"Book of Stabbing","floor":23,"turns":5},{"damage":8,"enemies":"Centurion and Healer","floor":24,"turns":1}],"seed_played":"-8288896218834830160","potions_obtained":[{"floor":1,"key":"Block Potion"},{"floor":2,"key":"FearPotion"},{"floor":5,"key":"GhostInAJar"},{"floor":8,"key":"GhostInAJar"},{"floor":20,"key":"Strength Potion"},{"floor":23,"key":"Fire Potion"}],"is_trial":false,"path_per_floor":["M","M","M","?","M","E","?","M","T","M","M","$","R","M","R","B",null,"M","?","M","M","$","E","M"],"character_chosen":"THE_SILENT","items_purchased":["Flash of Steel","Flash of Steel","Poison Potion"],"campfire_rested":2,"item_purchase_floors":[12,22,22],"current_hp_per_floor":[68,67,67,67,61,26,49,40,40,30,19,19,40,37,58,13,70,51,51,37,24,24,2,0],"gold":29,"neow_bonus":"THREE_CARDS","is_prod":false,"is_daily":false,"chose_seed":false,"campfire_upgraded":0,"win_rate":0.0,"timestamp":1555472365,"path_taken":["M","M","?","?","M","E","?","M","T","M","?","$","R","M","R","BOSS","M","?","?","M","?","E","M"],"build_version":"2019-01-23","purchased_purges":2,"victory":false,"max_hp_per_floor":[70,70,70,70,70,70,70,70,70,70,70,70,70,70,70,70,70,70,70,70,70,70,70,70],"card_choices":[{"not_picked":["Distraction","Masterful Stab","Backflip"],"picked":"SKIP","floor":1},{"not_picked":["Slice","All Out Attack"],"picked":"Dagger Spray","floor":2},{"not_picked":["Bane","Dash","Sucker Punch"],"picked":"SKIP","floor":3},{"not_picked":["Acrobatics","Dash","Dodge and Roll"],"picked":"SKIP","floor":5},{"not_picked":["PiercingWail","Sucker Punch","Bane"],"picked":"SKIP","floor":6},{"not_picked":["Deflect","Slice"],"picked":"Accuracy","floor":8},{"not_picked":["Deadly Poison","Tools of the Trade","Flying Knee"],"picked":"SKIP","floor":10},{"not_picked":["Outmaneuver","Deadly Poison","Prepared"],"picked":"SKIP","floor":11},{"not_picked":["Skewer","All Out Attack","Slice"],"picked":"SKIP","floor":14},{"not_picked":["Burst","Glass Knife"],"picked":"Phantasmal Killer","floor":16},{"not_picked":["Skewer","PiercingWail+1"],"picked":"Endless Agony+1","floor":18},{"not_picked":["PiercingWail+1","Backflip"],"picked":"Choke","floor":20},{"not_picked":["Flying Knee","Dagger Throw"],"picked":"Dagger Spray+1","floor":21},{"not_picked":["Outmaneuver","Dagger Throw","Dodge and Roll+1"],"picked":"SKIP","floor":23}],"player_experience":39616,"relics_obtained":[{"floor":6,"key":"Shuriken"},{"floor":9,"key":"Smiling Mask"},{"floor":23,"key":"Ornamental Fan"},{"floor":23,"key":"Omamori"}],"event_choices":[{"cards_removed":["Defend_G"],"damage_healed":0,"gold_gain":0,"player_choice":"Card Removal","damage_taken":0,"max_hp_gain":0,"max_hp_loss":0,"event_name":"The Cleric","floor":4,"gold_loss":50},{"damage_healed":23,"gold_gain":0,"player_choice":"Banana","damage_taken":0,"max_hp_gain":0,"max_hp_loss":0,"event_name":"Big Fish","floor":7,"gold_loss":0},{"damage_healed":0,"gold_gain":0,"player_choice":"Gave Potion","damage_taken":0,"relics_obtained":["Orichalcum"],"max_hp_gain":0,"max_hp_loss":0,"event_name":"WeMeetAgain","floor":19,"gold_loss":0}],"is_beta":false,"boss_relics":[{"not_picked":["Tiny House","Coffee Dripper"],"picked":"Black Star"}],"items_purged_floors":[12,22],"is_endless":false,"potions_floor_spawned":[1,2,5,8,20,23],"killed_by":"Centurion and Healer","ascension_level":0}