{"path_per_floor":["M","?","M","?","M","R","E","R","T","$","R","E","M","?","R","B",null,"M","?","?","$","?","R","M","M","T","M","M","R","E","M","R","B",null,"M","M","M","M","M","R","E","?","T","R","M","R","?","M","R"],"character_chosen":"IRONCLAD","items_purchased":["Metallicize"],"gold_per_floor":[12,12,23,23,42,42,67,67,118,43,43,76,91,91,91,190,190,190,190,190,23,23,23,23,23,23,23,23,23,23,23,23,23,23,23,23,23,23,23,23,23,23,23,23,23,23,23,23,23,23],"floor_reached":50,"campfire_rested":3,"playtime":4308,"item_purchase_floors":[21],"current_hp_per_floor":[90,90,94,75,81,81,43,43,43,43,73,64,67,67,67,56,91,87,71,71,71,75,75,75,79,79,74,78,78,75,81,81,12,71,79,68,51,36,22,78,51,51,51,63,57,69,57,52,99,0],"items_purged":["Strike_R","Regret"],"gold":23,"score":881,"play_id":"1dec3d33-163c-4a0b-aed4-75c190f759ff","local_time":"20180526002522","is_prod":false,"is_daily":false,"chose_seed":false,"is_ascension_mode":true,"campfire_upgraded":8,"win_rate":0,"timestamp":1527319522,"campfire_choices":[{"data":"True Grit","floor":6,"key":"SMITH"},{"data":"Bash","floor":8,"key":"SMITH"},{"floor":11,"key":"REST"},{"data":"Defend_R","floor":15,"key":"SMITH"},{"data":"Feed","floor":23,"key":"SMITH"},{"data":"Immolate","floor":29,"key":"SMITH"},{"data":"Clothesline","floor":32,"key":"SMITH"},{"floor":40,"key":"REST"},{"data":"Bludgeon","floor":44,"key":"SMITH"},{"data":"Metallicize","floor":46,"key":"SMITH"},{"floor":49,"key":"REST"}],"path_taken":["M","?","M","?","M","R","E","R","T","$","R","E","M","?","R","BOSS","M","?","?","$","?","R","M","?","T","M","M","R","E","M","R","BOSS","M","M","M","M","M","R","E","?","T","R","?","R","?","M","R","BOSS"],"build_version":"2018-05-24","seed_source_timestamp":688455314316838,"purchased_purges":2,"victory":false,"master_deck":["Defend_R+1","Defend_R+1","Defend_R+1","Defend_R","Bash+1","AscendersBane","Clash","True Grit+1","Clash","Battle Trance","Pommel Strike","Feed+1","Shrug It Off","Bite","Bite","Bite","Bite","Bite","Metallicize+1","Disarm+1","Intimidate","Immolate+1","Flex","Carnage","Clothesline+1","Bludgeon+1","Warcry","Armaments+1","Clash","Iron Wave+1","Flex+1","Heavy Blade","Madness","Madness","Inflame","Fire Breathing+1"],"max_hp_per_floor":[96,96,96,96,96,96,103,103,103,103,103,103,103,103,103,103,103,103,103,72,72,75,75,75,79,79,79,83,83,87,91,91,91,91,91,91,95,95,99,99,99,99,99,99,99,99,99,99,99,99],"relics":["Burning Blood","Strawberry","Dream Catcher","Regal Pillow","Pen Nib","Ectoplasm","Enchiridion","Red Mask","Unceasing Top","Boot","Eternal Feather","Letter Opener","Tiny Chest"],"card_choices":[{"not_picked":["Dual Wield","Twin Strike"],"picked":"Clash","floor":1},{"not_picked":["Warcry","Wild Strike"],"picked":"True Grit","floor":3},{"not_picked":["Rupture","Exhume","Heavy Blade"],"picked":"SKIP","floor":5},{"not_picked":["Warcry","Twin Strike"],"picked":"Clash","floor":7},{"not_picked":["Twin Strike","Body Slam"],"picked":"Battle Trance","floor":11},{"not_picked":["Clash","Barricade"],"picked":"Dropkick","floor":12},{"not_picked":["Wild Strike","Dual Wield"],"picked":"Pommel Strike","floor":13},{"not_picked":["Juggernaut","Fiend Fire"],"picked":"Feed","floor":16},{"not_picked":["Thunderclap","Armaments"],"picked":"Shrug It Off","floor":18},{"not_picked":["Corruption","True Grit+1"],"picked":"Disarm+1","floor":22},{"not_picked":["Shrug It Off","Twin Strike"],"picked":"Intimidate","floor":24},{"not_picked":["Feel No Pain","Headbutt"],"picked":"Immolate","floor":25},{"not_picked":["Twin Strike","Thunderclap"],"picked":"Flex","floor":27},{"not_picked":["Pummel+1","True Grit","Corruption"],"picked":"SKIP","floor":28},{"not_picked":["Pummel","Heavy Blade"],"picked":"Carnage","floor":30},{"not_picked":["Shrug It Off+1","Iron Wave"],"picked":"Clothesline","floor":31},{"not_picked":["Barricade","Impervious"],"picked":"Bludgeon","floor":33},{"not_picked":["Corruption","Heavy Blade+1"],"picked":"Warcry","floor":35},{"not_picked":["Sever Soul+1","Perfected Strike"],"picked":"Armaments+1","floor":36},{"not_picked":["Power Through","Burning Pact"],"picked":"Clash","floor":37},{"not_picked":["Rage","Flex"],"picked":"Iron Wave+1","floor":38},{"not_picked":["Clash","Seeing Red"],"picked":"Flex+1","floor":39},{"not_picked":["Demon Form","Pummel+1","Pommel Strike"],"picked":"SKIP","floor":41},{"not_picked":["Rupture+1","Havoc","Warcry"],"picked":"SKIP","floor":45},{"not_picked":["Havoc","Pommel Strike"],"picked":"Inflame","floor":48},{"not_picked":["Wild Strike","Feed"],"picked":"Fire Breathing+1","floor":49}],"player_experience":509175,"potions_floor_usage":[16,25,31,33,33,45,50],"damage_taken":[{"damage":4,"enemies":"Small Slimes","floor":1,"turns":4},{"damage":2,"enemies":"Jaw Worm","floor":3,"turns":3},{"damage":0,"enemies":"2 Louse","floor":5,"turns":2},{"damage":51,"enemies":"Gremlin Nob","floor":7,"turns":5},{"damage":15,"enemies":"Lagavulin","floor":12,"turns":7},{"damage":3,"enemies":"Blue Slaver","floor":13,"turns":3},{"damage":17,"enemies":"The Guardian","floor":16,"turns":12},{"damage":10,"enemies":"Spheric Guardian","floor":18,"turns":5},{"damage":7,"enemies":"Masked Bandits","floor":22,"turns":4},{"damage":11,"enemies":"Shell Parasite","floor":24,"turns":3},{"damage":0,"enemies":"Centurion and Healer","floor":25,"turns":5},{"damage":15,"enemies":"Slaver and Parasite","floor":27,"turns":5},{"damage":18,"enemies":"Snecko","floor":28,"turns":8},{"damage":19,"enemies":"Book of Stabbing","floor":30,"turns":5},{"damage":12,"enemies":"Centurion and Healer","floor":31,"turns":10},{"damage":99,"enemies":"Champ","floor":33,"turns":13},{"damage":4,"enemies":"Orb Walker","floor":35,"turns":3},{"damage":25,"enemies":"3 Darklings","floor":36,"turns":5},{"damage":40,"enemies":"Sphere and 2 Shapes","floor":37,"turns":7},{"damage":31,"enemies":"Maw","floor":38,"turns":7},{"damage":26,"enemies":"4 Shapes","floor":39,"turns":3},{"damage":43,"enemies":"Nemesis","floor":41,"turns":7},{"damage":20,"enemies":"Sphere and 2 Shapes","floor":45,"turns":5},{"damage":20,"enemies":"Maw","floor":48,"turns":6},{"damage":108,"enemies":"Time Eater","floor":50,"turns":9}],"relics_obtained":[{"floor":7,"key":"Strawberry"},{"floor":9,"key":"Dream Catcher"},{"floor":12,"key":"Regal Pillow"},{"floor":19,"key":"Enchiridion"},{"floor":22,"key":"Red Mask"},{"floor":26,"key":"Unceasing Top"},{"floor":30,"key":"Boot"},{"floor":41,"key":"Letter Opener"},{"floor":43,"key":"Tiny Chest"}],"event_choices":[{"event_name":"Living Wall","player_choice":"Forget","floor":2,"damage_taken":0},{"event_name":"Shining Light","player_choice":"Entered Light","floor":4,"damage_taken":0},{"event_name":"Big Fish","player_choice":"Box","floor":14,"damage_taken":0},{"event_name":"Cursed Tome","player_choice":"Obtained Book","floor":19,"damage_taken":0},{"event_name":"Vampires","player_choice":"Became a vampire","floor":20,"damage_taken":0},{"event_name":"Masked Bandits","player_choice":"Fought over 23 gold","floor":22,"damage_taken":0},{"event_name":"Transmorgrifier","player_choice":"Transform","floor":42,"damage_taken":0},{"event_name":"Winding Halls","player_choice":"Embrace Madness","floor":47,"damage_taken":0}],"boss_relics":[{"not_picked":["Pandora\u0027s Box","Runic Pyramid"],"picked":"Ectoplasm"},{"not_picked":["Black Blood","Black Star"],"picked":"Eternal Feather"}],"items_purged_floors":[10,21],"potions_floor_spawned":[3,7,12,18,22,30,39,41,45],"seed_played":"8501317634249868478","killed_by":"Time Eater","ascension_level":12,"potions_obtained":[{"floor":3,"key":"Energy Potion"},{"floor":7,"key":"Fire Potion"},{"floor":12,"key":"SkillPotion"},{"floor":18,"key":"Block Potion"},{"floor":30,"key":"Swift Potion"},{"floor":39,"key":"SpeedPotion"},{"floor":41,"key":"SkillPotion"},{"floor":45,"key":"Weak Potion"}],"is_trial":false}