{"gold_per_floor":[116,132,151,131,151,185,185,218,241,254,271,282,61,61,61,162,162,182,182,34,57,157,157],"floor_reached":23,"playtime":2004,"items_purged":["Decay"],"score":231,"play_id":"219b4286-9c57-4366-b425-7eb30cef17d8","local_time":"20190116174021","is_ascension_mode":true,"campfire_choices":[{"data":"Seeing Red","floor":7.0,"key":"SMITH"},{"data":"Bash","floor":15.0,"key":"SMITH"}],"neow_cost":"NONE","seed_source_timestamp":929425587027287,"circlet_count":0,"master_deck":["Strike_R","Strike_R","Strike_R","Strike_R","Strike_R","Defend_R","Defend_R","Defend_R","Defend_R","Bash+1","Finesse","Pommel Strike","Seeing Red+1","Dropkick","Cleave","Double Tap","Searing Blow","Sword Boomerang","Power Through","Twin Strike","Thunderclap","Trip","Intimidate","Parasite","Limit Break","Shrug It Off","Clothesline","Armaments","Cleave+1"],"special_seed":0,"relics":["Burning Blood","Pantograph","Lantern","Bag of Preparation","Busted Crown","Omamori","Girya","Darkstone Periapt"],"potions_floor_usage":[22,22],"damage_taken":[{"damage":6.0,"enemies":"Cultist","floor":1.0,"turns":3.0},{"damage":1.0,"enemies":"2 Louse","floor":2.0,"turns":2.0},{"damage":6.0,"enemies":"Small Slimes","floor":3.0,"turns":3.0},{"damage":20.0,"enemies":"Exordium Thugs","floor":5.0,"turns":4.0},{"damage":31.0,"enemies":"Gremlin Nob","floor":6.0,"turns":4.0},{"damage":31.0,"enemies":"3 Sentries","floor":8.0,"turns":6.0},{"damage":8.0,"enemies":"3 Louse","floor":10.0,"turns":3.0},{"damage":6.0,"enemies":"Looter","floor":11.0,"turns":2.0},{"damage":6.0,"enemies":"Gremlin Gang","floor":12.0,"turns":5.0},{"damage":45.0,"enemies":"The Guardian","floor":16.0,"turns":7.0},{"damage":26.0,"enemies":"2 Thieves","floor":18.0,"turns":4.0},{"damage":17,"enemies":"Colosseum Slavers","floor":22,"turns":5},{"damage":17,"enemies":"Colosseum Nobs","floor":22,"turns":4},{"damage":40,"enemies":"Slavers","floor":23,"turns":2}],"seed_played":"-1674425168852627142","potions_obtained":[{"floor":3.0,"key":"GamblersBrew"},{"floor":4.0,"key":"EntropicBrew"},{"floor":8.0,"key":"PowerPotion"}],"is_trial":false,"path_per_floor":["M","M","M","?","M","E","R","E","T","M","M","M","$","?","R","B",null,"M","?","$","T","?","E"],"character_chosen":"IRONCLAD","items_purchased":["Thunderclap","Trip","Strength Potion","Intimidate","Clothesline","Armaments"],"campfire_rested":0,"item_purchase_floors":[13,13,13,13,20,20],"current_hp_per_floor":[80,80,80,80,66,41,41,16,16,14,14,14,14,34,34,60,80,60,60,60,60,38,0],"gold":157,"neow_bonus":"RANDOM_COLORLESS","is_prod":false,"is_daily":false,"chose_seed":false,"campfire_upgraded":2,"win_rate":0,"timestamp":1547656821,"path_taken":["M","M","?","?","M","E","R","E","T","M","M","?","$","?","R","BOSS","M","?","$","?","?","E"],"build_version":"2018-12-20","purchased_purges":1,"victory":false,"max_hp_per_floor":[80,80,80,80,80,80,80,80,80,80,80,80,80,80,80,80,80,80,80,80,80,80,80],"card_choices":[{"not_picked":["Cleave","Twin Strike"],"picked":"Pommel Strike","floor":1.0},{"not_picked":["Perfected Strike","Body Slam"],"picked":"Seeing Red","floor":2.0},{"not_picked":["Flex","Metallicize"],"picked":"Dropkick","floor":3.0},{"not_picked":["Heavy Blade","Wild Strike"],"picked":"Cleave","floor":5.0},{"not_picked":["Second Wind","Flame Barrier"],"picked":"Double Tap","floor":6.0},{"not_picked":["Blood for Blood","Bloodletting"],"picked":"Searing Blow","floor":8.0},{"not_picked":["Heavy Blade","Second Wind"],"picked":"Sword Boomerang","floor":10.0},{"not_picked":["Fire Breathing","Body Slam"],"picked":"Power Through","floor":11.0},{"not_picked":["Body Slam","Dropkick"],"picked":"Twin Strike","floor":12.0},{"not_picked":["Immolate","Dark Embrace"],"picked":"Limit Break","floor":16.0},{"not_picked":[],"picked":"Shrug It Off","floor":18.0},{"not_picked":[],"picked":"Cleave+1","floor":22}],"player_experience":26547,"relics_obtained":[{"floor":6.0,"key":"Pantograph"},{"floor":8.0,"key":"Lantern"},{"floor":9.0,"key":"Bag of Preparation"},{"floor":21,"key":"Omamori"},{"floor":22,"key":"Girya"},{"floor":22,"key":"Darkstone Periapt"}],"event_choices":[{"damage_healed":0.0,"max_hp_gain":0.0,"max_hp_loss":0.0,"gold_gain":0.0,"event_name":"The Woman in Blue","player_choice":"Bought 1 Potion","floor":4.0,"gold_loss":0.0,"damage_taken":0.0},{"damage_healed":20.0,"max_hp_gain":0.0,"max_hp_loss":0.0,"gold_gain":0.0,"event_name":"Mushrooms","player_choice":"Healed and dodged fight","floor":14.0,"gold_loss":0.0,"damage_taken":0.0,"cards_obtained":["Parasite"]},{"damage_healed":0.0,"max_hp_gain":0.0,"max_hp_loss":0.0,"gold_gain":0.0,"event_name":"Forgotten Altar","player_choice":"Smashed Altar","floor":19.0,"gold_loss":0.0,"damage_taken":0.0,"cards_obtained":["Decay"]},{"damage_healed":0,"gold_gain":0,"player_choice":"Fight","damage_taken":0,"max_hp_gain":0,"max_hp_loss":0,"event_name":"Colosseum","floor":22,"gold_loss":0},{"damage_healed":0,"gold_gain":0,"player_choice":"Fought Nobs","damage_taken":0,"max_hp_gain":0,"max_hp_loss":0,"event_name":"Colosseum","floor":22,"gold_loss":0}],"is_beta":false,"boss_relics":[{"not_picked":["Runic Cube","Runic Dome"],"picked":"Busted Crown"}],"items_purged_floors":[20],"is_endless":false,"potions_floor_spawned":[3,8,11,12],"killed_by":"Slavers","ascension_level":3}