{"path_per_floor":["M","?","?","?","$","E","?","?","T","M","E","R","E","M","R","B",null,"M","?","?","?","M","R","E","$","T","M","?","M","M","E","R","B",null,"M","M","?","T","?","$","R","M","T","E","M","M","M","$","R","B"],"character_chosen":"IRONCLAD","items_purchased":["Shrug It Off","Matryoshka","Metallicize","Happy Flower","Bag of Preparation","Blind","Explosive Potion","Pommel Strike"],"gold_per_floor":[110,110,110,110,11,45,45,10,10,30,71,71,110,125,125,253,253,277,277,277,222,246,246,282,24,24,37,287,300,323,366,366,490,528,544,563,629,675,675,575,575,598,598,636,655,670,691,17,17,17],"floor_reached":51,"campfire_rested":3,"playtime":3242,"current_hp_per_floor":[78,60,44,44,44,50,30,50,50,56,30,54,58,74,80,80,80,67,67,67,67,75,75,62,62,62,59,59,61,63,80,80,53,90,96,95,89,89,89,89,89,92,92,66,55,64,72,72,106,108],"items_purged":["Regret","Bash","Strike_R"],"gold":17,"score":1127,"play_id":"498a2796-fa5b-4568-bb84-d707a223a3de","local_time":"20180502112752","is_prod":false,"is_daily":false,"chose_seed":false,"is_ascension_mode":true,"campfire_upgraded":3,"timestamp":1525285672,"path_taken":["M","?","?","?","$","E","?","?","T","?","E","R","E","M","R","BOSS","M","?","?","?","M","R","E","$","T","M","?","M","M","E","R","BOSS","M","M","?","?","?","$","R","M","T","E","M","M","M","$","R","BOSS"],"build_version":"2018-04-28v2","seed_source_timestamp":0,"purchased_purges":3,"victory":true,"master_deck":["Strike_R","Strike_R+1","Strike_R","Strike_R+1","Defend_R","Defend_R","Defend_R","Defend_R","Shrug It Off+1","Shrug It Off","Headbutt","Cleave","Reaper","Uppercut+1","Feed","Shockwave+1","Wild Strike","Wild Strike","Spot Weakness+1","Iron Wave","Regret","Offering","Iron Wave+1","Feed","Metallicize+1","Whirlwind+1","Carnage+1","Flex+1","Heavy Blade+1","Disarm+1","Impervious","Metallicize+1","Blind","Pommel Strike"],"max_hp_per_floor":[80,80,80,80,80,80,80,80,80,80,80,80,80,80,80,80,80,80,80,80,80,83,83,90,90,90,90,90,90,93,96,96,96,101,101,104,104,104,104,104,104,107,107,107,110,110,116,116,116,119],"relics":["Burning Blood","NeowsBlessing","Shuriken","Vajra","Centennial Puzzle","Golden Idol","Du-Vu Doll","Orichalcum","Lantern","Velvet Choker","Tiny Chest","Strawberry","Matryoshka","Paper Frog","Letter Opener","Kunai","Tiny House","Champion Belt","Blue Candle","Juzu Bracelet","Thread and Needle","Frozen Egg 2","Happy Flower","Bag of Preparation"],"card_choices":[{"not_picked":["Flex","Pommel Strike"],"picked":"Shrug It Off","floor":1.0},{"not_picked":["Bloodletting","Feel No Pain"],"picked":"Headbutt","floor":6.0},{"not_picked":["Evolve","Blood for Blood"],"picked":"Cleave","floor":10.0},{"not_picked":["Havoc","True Grit"],"picked":"Reaper","floor":11.0},{"not_picked":["Headbutt","Limit Break"],"picked":"Uppercut","floor":13.0},{"not_picked":["Juggernaut","Barricade"],"picked":"Feed","floor":16},{"not_picked":["Clothesline","Rupture"],"picked":"Shockwave","floor":18},{"not_picked":["Feel No Pain","Rampage"],"picked":"Spot Weakness","floor":22},{"not_picked":["Wild Strike","Anger"],"picked":"Iron Wave","floor":24},{"not_picked":["Havoc","Body Slam"],"picked":"Offering","floor":30},{"not_picked":["Heavy Blade","Rampage"],"picked":"Iron Wave","floor":31},{"not_picked":["Juggernaut","Fiend Fire"],"picked":"Feed","floor":33},{"not_picked":["True Grit","Headbutt"],"picked":"Metallicize","floor":35},{"not_picked":["Feel No Pain","Havoc"],"picked":"Whirlwind","floor":36},{"not_picked":["Sword Boomerang","Pommel Strike"],"picked":"Carnage","floor":37},{"not_picked":["Sword Boomerang","True Grit"],"picked":"Flex","floor":42},{"not_picked":["Twin Strike","Thunderclap"],"picked":"Heavy Blade","floor":44},{"not_picked":["Shrug It Off","Shockwave"],"picked":"Disarm","floor":46},{"not_picked":["Rage","Heavy Blade"],"picked":"Impervious","floor":47}],"player_experience":418941,"potions_floor_usage":[16,30,33,33,44,50,50,50],"damage_taken":[{"damage":0.0,"enemies":"Jaw Worm","floor":1.0,"turns":1.0},{"damage":0.0,"enemies":"Gremlin Nob","floor":6.0,"turns":1.0},{"damage":0.0,"enemies":"2 Louse","floor":10.0,"turns":1.0},{"damage":32.0,"enemies":"Lagavulin","floor":11.0,"turns":5.0},{"damage":17.0,"enemies":"3 Sentries","floor":13.0,"turns":5.0},{"damage":0.0,"enemies":"Small Slimes","floor":14.0,"turns":2.0},{"damage":10,"enemies":"Slime Boss","floor":16,"turns":8},{"damage":26,"enemies":"Shell Parasite","floor":18,"turns":5},{"damage":1,"enemies":"Spheric Guardian","floor":22,"turns":3},{"damage":37,"enemies":"Book of Stabbing","floor":24,"turns":5},{"damage":14,"enemies":"Snake Plant","floor":27,"turns":3},{"damage":4,"enemies":"Centurion and Healer","floor":29,"turns":3},{"damage":36,"enemies":"Slaver and Parasite","floor":30,"turns":4},{"damage":22,"enemies":"Slavers","floor":31,"turns":3},{"damage":100,"enemies":"Collector","floor":33,"turns":11},{"damage":18,"enemies":"3 Shapes","floor":35,"turns":3},{"damage":10,"enemies":"Orb Walker","floor":36,"turns":2},{"damage":31,"enemies":"Mysterious Sphere","floor":37,"turns":6},{"damage":15,"enemies":"Maw","floor":42,"turns":7},{"damage":32,"enemies":"Nemesis","floor":44,"turns":7},{"damage":27,"enemies":"Sphere and 2 Shapes","floor":45,"turns":6},{"damage":15,"enemies":"3 Darklings","floor":46,"turns":3},{"damage":4,"enemies":"4 Shapes","floor":47,"turns":3},{"damage":27,"enemies":"Awakened One","floor":50,"turns":12}],"event_choices":[{"event_name":"Scrap Ooze","player_choice":"success","floor":2.0,"damage_taken":18.0},{"event_name":"Shining Light","player_choice":"Entered Light","floor":3.0,"damage_taken":0.0},{"event_name":"Big Fish","player_choice":"Box","floor":4.0,"damage_taken":0.0},{"event_name":"Golden Idol","player_choice":"Take Damage","floor":7.0,"damage_taken":0.0},{"event_name":"The Cleric","player_choice":"Healed","floor":8.0,"damage_taken":0.0},{"event_name":"The Library","player_choice":"Read","floor":19,"damage_taken":0},{"event_name":"Duplicator","player_choice":"One dupe","floor":20,"damage_taken":0},{"event_name":"Addict","player_choice":"Obtained Relic","floor":21,"damage_taken":0},{"event_name":"Golden Shrine","player_choice":"Desecrate","floor":28,"damage_taken":0},{"event_name":"Mysterious Sphere","player_choice":"Fight","floor":37,"damage_taken":0},{"event_name":"The Lab","player_choice":"Got Potions","floor":39,"damage_taken":0}],"boss_relics":[{"not_picked":["Calling Bell","Astrolabe"],"picked":"Velvet Choker"},{"not_picked":["Philosopher\u0027s Stone","Orrery"],"picked":"Tiny House"}],"potions_floor_spawned":[6,10,11,14,22,24,31,33,42,44,46,47],"seed_played":"1592473834152138556","ascension_level":9,"is_trial":false}