{"gold_per_floor":[110,35,135,153,164,164,182,238,265,277,310,321,331,351,351,351],"floor_reached":16,"playtime":784,"items_purged":["Strike_B"],"score":133,"play_id":"64f761f5-9f37-4655-805f-1ec2d9c84a74","local_time":"20190423174145","is_ascension_mode":true,"campfire_choices":[{"data":"Coolheaded","floor":6,"key":"SMITH"},{"data":"Defragment","floor":15,"key":"SMITH"}],"neow_cost":"NONE","seed_source_timestamp":1119498626289747,"circlet_count":0,"master_deck":["Strike_B","Strike_B","Strike_B","Defend_B","Defend_B","Defend_B","Defend_B","Zap+1","Dualcast","Coolheaded+1","Chill","Ball Lightning","Self Repair","White Noise","Loop","Defragment+1"],"relics":["Cracked Core","Tiny Chest","Pen Nib","Boot"],"potions_floor_usage":[16],"damage_taken":[{"damage":7,"enemies":"Jaw Worm","floor":1,"turns":3},{"damage":0,"enemies":"Cultist","floor":4,"turns":3},{"damage":2,"enemies":"2 Louse","floor":5,"turns":2},{"damage":4,"enemies":"Exordium Thugs","floor":7,"turns":5},{"damage":45,"enemies":"Gremlin Nob","floor":8,"turns":5},{"damage":4,"enemies":"2 Fungi Beasts","floor":10,"turns":3},{"damage":4,"enemies":"3 Sentries","floor":11,"turns":8},{"damage":9,"enemies":"3 Louse","floor":12,"turns":2},{"damage":10,"enemies":"Exordium Wildlife","floor":13,"turns":3},{"damage":0,"enemies":"2 Fungi Beasts","floor":14,"turns":2},{"damage":18,"enemies":"Slime Boss","floor":16,"turns":3}],"seed_played":"-4982851728139800046","potions_obtained":[{"floor":7,"key":"Dexterity Potion"},{"floor":10,"key":"EssenceOfSteel"},{"floor":11,"key":"SpeedPotion"}],"is_trial":false,"path_per_floor":["M","$","?","M","M","R","M","E","T","M","E","M","M","M","R","B"],"character_chosen":"DEFECT","items_purchased":[],"campfire_rested":0,"item_purchase_floors":[],"current_hp_per_floor":[68,68,68,68,66,66,62,24,24,27,30,28,18,18,18,0],"gold":351,"neow_bonus":"UPGRADE_CARD","is_prod":false,"is_daily":false,"chose_seed":false,"campfire_upgraded":2,"win_rate":0,"timestamp":1556055705,"path_taken":["M","$","?","?","M","R","M","E","T","M","E","M","M","M","R","BOSS"],"build_version":"2019-01-23","purchased_purges":1,"victory":false,"max_hp_per_floor":[75,75,75,75,75,75,75,75,75,75,75,75,75,75,75,75],"card_choices":[{"not_picked":["Steam Power","Sweeping Beam"],"picked":"Coolheaded","floor":1},{"not_picked":["Cold Snap","Aggregate"],"picked":"Chill","floor":4},{"not_picked":["Redo","Compile Driver"],"picked":"Ball Lightning","floor":5},{"not_picked":["BootSequence","Darkness"],"picked":"Self Repair","floor":7},{"not_picked":["Gash","Recycle","Reboot"],"picked":"SKIP","floor":8},{"not_picked":["Coolheaded","Consume"],"picked":"White Noise","floor":10},{"not_picked":["Gash","Steam"],"picked":"Loop","floor":11},{"not_picked":["Fusion","Coolheaded","Undo"],"picked":"SKIP","floor":12},{"not_picked":["Coolheaded","Leap","Undo"],"picked":"SKIP","floor":13},{"not_picked":["Tempest","Beam Cell"],"picked":"Defragment","floor":14}],"player_experience":84462,"relics_obtained":[{"floor":8,"key":"Tiny Chest"},{"floor":9,"key":"Pen Nib"},{"floor":11,"key":"Boot"}],"event_choices":[{"damage_healed":0,"gold_gain":100,"player_choice":"Pray","damage_taken":0,"max_hp_gain":0,"max_hp_loss":0,"event_name":"Golden Shrine","floor":3,"gold_loss":0}],"is_beta":false,"boss_relics":[],"items_purged_floors":[2],"is_endless":false,"potions_floor_spawned":[7,10,11,13],"killed_by":"Slime Boss","ascension_level":3}