{"gold_per_floor":[118,134,25,39,59,59,74,105,105,105,117,117,117,130,130,233,233,248,248,248,54,54,70,70,70,70,90,90,110,124,137,137,137],"floor_reached":33,"playtime":1807,"items_purged":["Strike_B","Defend_B+1"],"score":251,"play_id":"5158ab95-6cf1-42a8-a8d1-ecc3c0100859","local_time":"20180828173314","is_ascension_mode":false,"campfire_choices":[{"data":"Zap","floor":6,"key":"SMITH"},{"data":"Dualcast","floor":10,"key":"SMITH"},{"floor":13,"key":"REST"},{"data":"Scrape","floor":15,"key":"SMITH"},{"data":"Madness","floor":24,"key":"SMITH"},{"data":"Seek","floor":28,"key":"SMITH"},{"floor":32,"key":"REST"}],"neow_cost":"NONE","seed_source_timestamp":80253327625614,"circlet_count":0,"master_deck":["Strike_B+1","Strike_B+1","Strike_B+1","Defend_B+1","Defend_B+1","Defend_B+1","Zap+1","Dualcast+1","Leap+1","Ball Lightning","Compile Driver","Scrape+1","Leap","Conserve Battery","Scrape","Seek+1","Cold Snap+1","Madness+1","Steam Power+1","Go for the Eyes+1","FTL","Gash"],"relics":["Cracked Core"],"potions_floor_usage":[5,8,16,16,18,23,29],"damage_taken":[{"damage":1,"enemies":"Cultist","floor":1,"turns":3},{"damage":6,"enemies":"Jaw Worm","floor":2,"turns":2},{"damage":0,"enemies":"2 Louse","floor":4,"turns":1},{"damage":16,"enemies":"Exordium Thugs","floor":5,"turns":3},{"damage":7,"enemies":"2 Fungi Beasts","floor":7,"turns":3},{"damage":14,"enemies":"Gremlin Nob","floor":8,"turns":3},{"damage":7,"enemies":"Blue Slaver","floor":11,"turns":3},{"damage":0,"enemies":"Looter","floor":14,"turns":3},{"damage":20,"enemies":"Slime Boss","floor":16,"turns":9},{"damage":0,"enemies":"Spheric Guardian","floor":18,"turns":3},{"damage":5,"enemies":"3 Byrds","floor":23,"turns":4},{"damage":11,"enemies":"Colosseum Slavers","floor":25,"turns":5},{"damage":19,"enemies":"Sentry and Sphere","floor":27,"turns":6},{"damage":13,"enemies":"Centurion and Healer","floor":29,"turns":3},{"damage":6,"enemies":"Snake Plant","floor":30,"turns":4},{"damage":0,"enemies":"Sentry and Sphere","floor":31,"turns":4},{"damage":45,"enemies":"Champ","floor":33,"turns":14}],"seed_played":"-5040130003600168188","potions_obtained":[{"floor":2,"key":"PowerPotion"},{"floor":7,"key":"Poison Potion"},{"floor":11,"key":"SkillPotion"},{"floor":14,"key":"FearPotion"},{"floor":16,"key":"Fire Potion"},{"floor":18,"key":"AttackPotion"},{"floor":27,"key":"FearPotion"}],"is_trial":false,"path_per_floor":["M","M","$","M","M","R","M","E","T","R","M","?","R","M","R","B",null,"M","?","?","$","?","M","R","?","T","M","R","M","M","M","R"],"character_chosen":"DEFECT","items_purchased":["Scrape","Madness"],"campfire_rested":2,"item_purchase_floors":[3,21],"current_hp_per_floor":[74,68,68,68,52,52,45,31,31,31,24,9,31,31,31,11,75,75,75,61,61,61,56,56,45,45,26,26,13,7,7,31,0],"gold":137,"neow_bonus":"THREE_CARDS","is_prod":false,"is_daily":false,"chose_seed":false,"campfire_upgraded":5,"win_rate":0,"timestamp":1535495594,"path_taken":["M","M","?","M","M","R","M","E","T","R","M","?","R","M","R","BOSS","M","?","?","$","?","M","R","?","T","M","R","M","M","M","R","BOSS"],"build_version":"2018-08-23v2","purchased_purges":2,"victory":false,"max_hp_per_floor":[75,75,75,75,75,75,75,75,75,75,75,75,75,75,75,75,75,75,75,80,80,80,80,80,80,80,80,80,80,80,80,80,80],"card_choices":[{"not_picked":["Rebound","Sweeping Beam"],"picked":"Leap","floor":0},{"not_picked":["Barrage","Defragment"],"picked":"Ball Lightning","floor":1},{"not_picked":["Melter","Steam"],"picked":"Compile Driver","floor":2},{"not_picked":["Capacitor","Self Repair","Fusion"],"picked":"SKIP","floor":4},{"not_picked":["Barrage","Glacier"],"picked":"Leap","floor":5},{"not_picked":["Double Energy","Steam Power","Streamline"],"picked":"SKIP","floor":7},{"not_picked":["Fusion","Melter","Stack"],"picked":"SKIP","floor":8},{"not_picked":["Barrage","Turbo"],"picked":"Conserve Battery","floor":11},{"not_picked":["Conserve Battery","Redo"],"picked":"Scrape","floor":14},{"not_picked":["Rainbow","Creative AI"],"picked":"Seek","floor":16},{"not_picked":["Compile Driver+1","Scrape"],"picked":"Cold Snap+1","floor":18},{"not_picked":["Conserve Battery","Doom and Gloom","Hello World"],"picked":"SKIP","floor":23},{"not_picked":["Darkness","Redo"],"picked":"Steam Power+1","floor":27},{"not_picked":["Redo+1","Melter"],"picked":"Go for the Eyes+1","floor":29},{"not_picked":["Rip and Tear","Streamline"],"picked":"FTL","floor":30},{"not_picked":["Chill","Redo"],"picked":"Gash","floor":31}],"player_experience":378443,"relics_obtained":[],"event_choices":[{"event_name":"Shining Light","player_choice":"Entered Light","floor":12,"damage_taken":0},{"event_name":"Back to Basics","player_choice":"Simplicity","floor":19,"damage_taken":0},{"event_name":"Forgotten Altar","player_choice":"Shed Blood","floor":20,"damage_taken":0},{"event_name":"The Mausoleum","player_choice":"No","floor":22,"damage_taken":0},{"event_name":"Colosseum","player_choice":"Fight","floor":25,"damage_taken":0},{"event_name":"Colosseum","player_choice":"Fled From Nobs","floor":25,"damage_taken":0}],"is_beta":false,"boss_relics":[{"not_picked":["Calling Bell","Sozu","Busted Crown"]}],"items_purged_floors":[3,21],"is_endless":false,"potions_floor_spawned":[2,7,11,14,16,18,25,27],"killed_by":"Champ","ascension_level":0}