{"gold_per_floor":[115,115,127,142,162,162,237,237,315,315,328,352,352,159,159,257,257,278,278],"floor_reached":19,"playtime":2099,"items_purged":["Strike_B"],"score":310,"play_id":"46734087-82ae-44a9-ab8e-c06435fc93a6","local_time":"20190305210416","is_ascension_mode":true,"campfire_choices":[{"data":"Zap","floor":6.0,"key":"SMITH"},{"data":"Dualcast","floor":10.0,"key":"SMITH"},{"floor":13.0,"key":"REST"},{"data":"Zap","floor":15.0,"key":"SMITH"}],"neow_cost":"NONE","seed_source_timestamp":0,"circlet_count":0,"master_deck":["AscendersBane","Strike_B","Strike_B","Strike_B","Defend_B","Defend_B","Defend_B","Defend_B","Zap+1","Dualcast+1","Coolheaded","Zap+1","Hologram","Hologram","Cold Snap","Cold Snap","Go for the Eyes","Defragment","Undo","Biased Cognition","Reinforced Body"],"special_seed":0,"relics":["Cracked Core","NeowsBlessing","Golden Idol","Question Card","Black Star"],"potions_floor_usage":[],"damage_taken":[{"damage":0.0,"enemies":"Jaw Worm","floor":1.0,"turns":1.0},{"damage":0.0,"enemies":"Cultist","floor":3.0,"turns":1.0},{"damage":0.0,"enemies":"Small Slimes","floor":4.0,"turns":1.0},{"damage":9.0,"enemies":"Blue Slaver","floor":5.0,"turns":4.0},{"damage":14.0,"enemies":"Large Slime","floor":11.0,"turns":7.0},{"damage":0.0,"enemies":"2 Fungi Beasts","floor":12.0,"turns":3.0},{"damage":10.0,"enemies":"The Guardian","floor":16.0,"turns":13.0},{"damage":0.0,"enemies":"Spheric Guardian","floor":18.0,"turns":5.0},{"damage":58,"enemies":"Masked Bandits","floor":19,"turns":3}],"seed_played":"9154986750803658472","potions_obtained":[{"floor":4.0,"key":"Dexterity Potion"},{"floor":5.0,"key":"Poison Potion"},{"floor":12.0,"key":"Dexterity Potion"}],"is_trial":false,"path_per_floor":["M","?","M","M","M","R","?","?","T","R","M","M","R","$","R","B",null,"M","?"],"character_chosen":"DEFECT","items_purchased":["Defragment","Undo"],"campfire_rested":1,"item_purchase_floors":[14,14],"current_hp_per_floor":[64,64,64,64,55,55,44,20,20,20,6,6,27,27,27,17,58,58,0],"gold":278,"neow_bonus":"THREE_ENEMY_KILL","is_prod":false,"is_daily":false,"chose_seed":false,"campfire_upgraded":3,"win_rate":0,"timestamp":1551848656,"path_taken":["M","?","?","M","?","R","?","?","T","R","M","M","R","$","R","BOSS","M","?"],"build_version":"2019-01-23","purchased_purges":1,"victory":false,"max_hp_per_floor":[71,71,71,71,71,71,71,71,71,71,71,71,71,71,71,71,71,71,71],"card_choices":[{"not_picked":["Beam Cell","Skim","Rebound"],"picked":"SKIP","floor":1.0},{"not_picked":["Reprogram","Stack"],"picked":"Hologram","floor":3.0},{"not_picked":["Compile Driver","Fusion"],"picked":"Hologram","floor":4.0},{"not_picked":["Hologram","Streamline"],"picked":"Cold Snap","floor":5.0},{"not_picked":["Thunder Strike","Coolheaded","Storm"],"picked":"Cold Snap","floor":11.0},{"not_picked":["Stack","Chaos","Double Energy"],"picked":"Go for the Eyes","floor":12.0},{"not_picked":["Creative AI","Amplify","Fission"],"picked":"Biased Cognition","floor":16.0},{"not_picked":["Go for the Eyes","Lockon","Scrape"],"picked":"Reinforced Body","floor":18}],"player_experience":1245320,"relics_obtained":[{"floor":9.0,"key":"Question Card"}],"event_choices":[{"damage_healed":0.0,"max_hp_gain":0.0,"max_hp_loss":0.0,"gold_gain":0.0,"event_name":"Match and Keep!","player_choice":"2 cards matched","floor":2.0,"gold_loss":0.0,"damage_taken":0.0,"cards_obtained":["Coolheaded","Zap"]},{"damage_healed":0.0,"max_hp_gain":0.0,"max_hp_loss":0.0,"gold_gain":75.0,"event_name":"World of Goop","player_choice":"Gather Gold","floor":7.0,"gold_loss":0.0,"damage_taken":11.0},{"damage_healed":0.0,"max_hp_gain":0.0,"max_hp_loss":0.0,"gold_gain":0.0,"event_name":"Golden Idol","player_choice":"Take Damage","floor":8.0,"gold_loss":0.0,"damage_taken":24.0,"relics_obtained":["Golden Idol"]},{"damage_healed":0,"gold_gain":0,"player_choice":"Fought Bandits","damage_taken":0,"max_hp_gain":0,"max_hp_loss":0,"event_name":"Masked Bandits","floor":19,"gold_loss":0}],"is_beta":false,"boss_relics":[{"not_picked":["Nuclear Battery","White Beast Statue"],"picked":"Black Star"}],"items_purged_floors":[14],"is_endless":false,"potions_floor_spawned":[4,5,12],"killed_by":"Masked Bandits","ascension_level":19}