{"path_per_floor":["M","M","M","$","M","E","M","?","T","E","M","E","$","M","R","B",null,"M","?","M","M","?","E","M","?","T","M","M"],"character_chosen":"IRONCLAD","items_purchased":["Shuriken"],"gold_per_floor":[112,132,146,71,83,116,136,136,189,219,233,262,23,34,34,135,135,155,155,167,182,182,214,230,230,230,245,262],"floor_reached":29,"campfire_rested":1,"playtime":2756,"current_hp_per_floor":[80,80,80,80,64,55,54,38,38,42,48,38,38,40,64,58,80,67,67,68,85,85,41,41,41,41,38,33],"items_purged":["Defend_R"],"gold":262,"score":296,"play_id":"45c8e0a7-31c2-40c9-b382-bca2a6c25365","is_prod":false,"is_daily":false,"is_ascension_mode":false,"campfire_upgraded":0,"path_taken":["M","?","?","$","M","E","M","?","T","E","M","E","$","M","R","BOSS","M","?","M","?","?","E","M","?","T","M","M","M"],"build_version":"2018-02-22-PROD1","purchased_purges":1,"victory":false,"master_deck":["Strike_R","Strike_R","Strike_R","Strike_R","Strike_R","Defend_R","Defend_R","Defend_R","Bash","Anger+1","Iron Wave","Anger","Heavy Blade","Ghostly Armor+1","Clothesline","Pommel Strike","Heavy Blade","Feed","Cleave","Inflame","Infernal Blade","Bash","Iron Wave","Writhe","Flex+1","Intimidate+1","Pummel"],"max_hp_per_floor":[80,80,80,80,80,80,80,80,80,80,80,80,80,80,80,80,80,83,83,83,86,86,89,92,92,92,95,98],"relics":["Burning Blood","Bag of Marbles","Lantern","Vajra","Prayer Wheel","Shuriken","Snecko Eye","Juzu Bracelet","Calipers","Unceasing Top"],"card_choices":[{"not_picked":["Warcry","Dual Wield"],"picked":"Anger"},{"not_picked":["Twin Strike","Pommel Strike"],"picked":"Iron Wave"},{"not_picked":["Shrug It Off","Flex"],"picked":"Anger"},{"not_picked":["Dual Wield","Uppercut"],"picked":"Heavy Blade"},{"not_picked":["Cleave","Demon Form"],"picked":"Ghostly Armor"},{"not_picked":["True Grit","Evolve"],"picked":"Clothesline"},{"not_picked":["Double Tap","Body Slam"],"picked":"Pommel Strike"},{"not_picked":["Headbutt","Anger"],"picked":"Heavy Blade"},{"not_picked":["Double Tap","Offering"],"picked":"Feed"},{"not_picked":["Body Slam","Bloodletting"],"picked":"Cleave"},{"not_picked":["Searing Blow","Bloodletting"],"picked":"Infernal Blade"},{"not_picked":["Battle Trance","Seeing Red"],"picked":"Iron Wave"},{"not_picked":["Evolve","Anger"],"picked":"Flex"},{"not_picked":["Pommel Strike","True Grit"],"picked":"Intimidate"},{"not_picked":["Cleave","Power Through"],"picked":"Pummel"}],"player_experience":58281,"potions_floor_usage":[10,16,21,23,27,29],"damage_taken":[{"damage":1,"enemies":"Cultist","floor":1,"turns":3},{"damage":4,"enemies":"2 Louse","floor":2,"turns":3},{"damage":6,"enemies":"Jaw Worm","floor":3,"turns":3},{"damage":22,"enemies":"Exordium Thugs","floor":5,"turns":5},{"damage":15,"enemies":"3 Sentries","floor":6,"turns":10},{"damage":7,"enemies":"Blue Slaver","floor":7,"turns":4},{"damage":11,"enemies":"Gremlin Nob","floor":10,"turns":4},{"damage":0,"enemies":"2 Fungi Beasts","floor":11,"turns":3},{"damage":16,"enemies":"Lagavulin","floor":12,"turns":4},{"damage":4,"enemies":"3 Louse","floor":14,"turns":3},{"damage":12,"enemies":"Slime Boss","floor":16,"turns":8},{"damage":22,"enemies":"Chosen","floor":18,"turns":4},{"damage":5,"enemies":"Spheric Guardian","floor":20,"turns":3},{"damage":4,"enemies":"Cultist and Chosen","floor":21,"turns":5},{"damage":60,"enemies":"Slavers","floor":23,"turns":5},{"damage":9,"enemies":"Chosen and Byrds","floor":24,"turns":4},{"damage":12,"enemies":"Slaver and Parasite","floor":27,"turns":5},{"damage":14,"enemies":"Snecko","floor":28,"turns":5},{"damage":37,"enemies":"Sentry and Sphere","floor":29,"turns":5}],"event_choices":[{"event_name":"Shining Light","player_choice":"Entered Light","floor":8,"damage_taken":0},{"event_name":"The Library","player_choice":"Read","floor":19,"damage_taken":0},{"event_name":"Match and Keep!","player_choice":"1 cards matched","floor":22,"damage_taken":0},{"event_name":"The Mausoleum","player_choice":"Yes","floor":25,"damage_taken":0}],"boss_relics":[{"not_picked":["Philosopher\u0027s Stone","Astrolabe"],"picked":"Snecko Eye"}],"potions_floor_spawned":[2,5,11,14,16,20,21,23,28],"seed_played":"-2720012824214548353","killed_by":"Sentry and Sphere","ascension_level":0,"is_trial":false}