{"gold_per_floor":[360,535,550,265,91,91,109,109,109,124,138,138,138,138,138,258,258,279,294,294,317,27,27,42,42,118,118,16,34,49,72,72,72],"floor_reached":33,"playtime":630,"items_purged":["Doubt","Defend_R","Strike_R","Decay"],"score":239,"play_id":"7faea998-de04-4c57-9423-0e207f324f1e","local_time":"20180807202712","is_ascension_mode":false,"campfire_choices":[{"data":"Whirlwind","floor":6,"key":"SMITH"},{"data":"Bash","floor":8,"key":"SMITH"},{"data":"Thunderclap","floor":15,"key":"SMITH"},{"data":"Dramatic Entrance","floor":23,"key":"SMITH"},{"data":"Clash","floor":32,"key":"SMITH"}],"neow_cost":"TEN_PERCENT_HP_LOSS","seed_source_timestamp":16130379001512,"circlet_count":0,"master_deck":["Strike_R","Strike_R","Strike_R","Defend_R","Defend_R","Bash+1","Clash+1","Whirlwind+1","Thunderclap+1","Limit Break","Dramatic Entrance+1"],"relics":["Burning Blood","Chemical X","Smiling Mask","Golden Idol","Red Skull","Busted Crown","Regal Pillow","Paper Frog"],"potions_floor_usage":[16,16,21,24,30,30,33,33],"damage_taken":[{"damage":15,"enemies":"Cultist","floor":1,"turns":4},{"damage":0,"enemies":"2 Louse","floor":3,"turns":2},{"damage":0,"enemies":"Small Slimes","floor":7,"turns":1},{"damage":8,"enemies":"Exordium Thugs","floor":10,"turns":3},{"damage":0,"enemies":"Lots of Slimes","floor":11,"turns":1},{"damage":44,"enemies":"The Guardian","floor":16,"turns":6},{"damage":5,"enemies":"3 Byrds","floor":18,"turns":2},{"damage":20,"enemies":"2 Thieves","floor":19,"turns":3},{"damage":10,"enemies":"Slaver and Parasite","floor":21,"turns":2},{"damage":5,"enemies":"Cultist and Chosen","floor":24,"turns":3},{"damage":0,"enemies":"Snake Plant","floor":29,"turns":1},{"damage":12,"enemies":"Centurion and Healer","floor":30,"turns":2},{"damage":0,"enemies":"Snecko","floor":31,"turns":2},{"damage":67,"enemies":"Champ","floor":33,"turns":6}],"seed_played":"-3413395786881109771","potions_obtained":[{"floor":1,"key":"Strength Potion"},{"floor":3,"key":"LiquidBronze"},{"floor":16,"key":"SteroidPotion"},{"floor":19,"key":"SkillPotion"},{"floor":21,"key":"Explosive Potion"},{"floor":31,"key":"EssenceOfSteel"}],"is_trial":false,"path_per_floor":["M","?","M","$","$","R","M","R","T","M","M","?","?","?","R","B",null,"M","M","?","M","$","R","M","$","T","?","$","M","M","M","R"],"character_chosen":"IRONCLAD","items_purchased":["Chemical X","EssenceOfSteel","Dramatic Entrance","Regal Pillow","PowerPotion"],"campfire_rested":0,"item_purchase_floors":[4,5,22,22,28],"current_hp_per_floor":[63,63,69,69,69,69,72,72,72,70,72,67,60,53,53,15,67,67,53,53,49,49,49,50,50,50,50,50,56,50,56,56,0],"gold":72,"neow_bonus":"TWO_FIFTY_GOLD","is_prod":false,"is_daily":false,"chose_seed":false,"campfire_upgraded":5,"win_rate":0,"timestamp":1533691632,"path_taken":["M","?","M","?","$","R","?","R","T","M","M","?","?","?","R","BOSS","M","M","?","M","$","R","?","?","T","?","$","M","M","M","R","BOSS"],"build_version":"2018-08-02","purchased_purges":4,"victory":false,"max_hp_per_floor":[72,72,72,72,72,72,72,72,72,72,72,67,67,67,67,67,67,67,67,67,67,67,67,67,67,67,67,67,67,67,67,67,67],"card_choices":[{"not_picked":["Metallicize","Body Slam"],"picked":"Clash","floor":1},{"not_picked":["Shrug It Off","Wild Strike"],"picked":"Whirlwind","floor":3},{"not_picked":["Searing Blow","Fire Breathing","Spot Weakness"],"picked":"SKIP","floor":7},{"not_picked":["Rage","Anger","Clash"],"picked":"SKIP","floor":10},{"not_picked":["Searing Blow","Metallicize"],"picked":"Thunderclap","floor":11},{"not_picked":["Impervious","Immolate"],"picked":"Limit Break","floor":16},{"not_picked":["Corruption"],"picked":"SKIP","floor":18},{"not_picked":["Spot Weakness"],"picked":"SKIP","floor":19},{"not_picked":["Clothesline"],"picked":"SKIP","floor":21},{"not_picked":["Twin Strike+1"],"picked":"SKIP","floor":24},{"not_picked":["Anger"],"picked":"SKIP","floor":29},{"not_picked":["Twin Strike+1"],"picked":"SKIP","floor":30},{"not_picked":["Hemokinesis+1"],"picked":"SKIP","floor":31}],"player_experience":336168,"relics_obtained":[{"floor":9,"key":"Smiling Mask"},{"floor":26,"key":"Paper Frog"}],"event_choices":[{"event_name":"Liars Game","player_choice":"agreed","floor":2,"damage_taken":0},{"event_name":"Golden Idol","player_choice":"Lose Max HP","floor":12,"damage_taken":0},{"event_name":"Scrap Ooze","player_choice":"success","floor":13,"damage_taken":7},{"event_name":"Golden Wing","player_choice":"Card Removal","floor":14,"damage_taken":0},{"event_name":"Bonfire Elementals","player_choice":"BASIC","floor":20,"damage_taken":0},{"event_name":"Wheel of Change","player_choice":"Curse","floor":27,"damage_taken":0}],"is_beta":false,"boss_relics":[{"not_picked":["White Beast Statue","Tiny House"],"picked":"Busted Crown"}],"items_purged_floors":[4,5,22,28],"is_endless":false,"potions_floor_spawned":[1,3,16,19,21,31],"killed_by":"Champ","ascension_level":0}