{"path_per_floor":["M","?","M","?","M","R","E","R","T","M","R","M","$","M","R"],"character_chosen":"IRONCLAD","items_purchased":[],"gold_per_floor":[115,115,130,130,149,149,189,189,189,214,214,237,162,177,177,177],"floor_reached":16,"campfire_rested":3,"playtime":911,"current_hp_per_floor":[76,56,44,41,44,68,15,39,39,42,42,43,43,25,49,0],"items_purged":["Strike_R"],"gold":177,"score":128,"play_id":"ae0b2a7c-87d7-4311-bce8-47a3f8ccaf04","local_time":"20180413233654","is_prod":false,"is_daily":false,"chose_seed":false,"is_ascension_mode":true,"campfire_upgraded":1,"timestamp":1523687814,"path_taken":["M","?","M","?","M","R","E","R","T","M","R","?","$","M","R","BOSS"],"build_version":"2018-04-12","seed_source_timestamp":180105462578665,"purchased_purges":2,"victory":false,"master_deck":["Strike_R","Strike_R","Strike_R","Strike_R","Defend_R","Defend_R","Defend_R","Defend_R","Bash","Flex","Metallicize+1","Iron Wave","Rage","Iron Wave","Rage","Infernal Blade"],"max_hp_per_floor":[80,80,80,80,80,80,80,80,80,80,80,80,80,80,80,80],"relics":["Burning Blood","Golden Idol","Frozen Egg 2","Sundial","Self Forming Clay"],"card_choices":[{"not_picked":["Pommel Strike","Warcry"],"picked":"Flex","floor":1},{"not_picked":["Clothesline","Thunderclap"],"picked":"Metallicize","floor":3},{"not_picked":["Flex","Sentinel"],"picked":"Iron Wave","floor":5},{"not_picked":["Barricade","Perfected Strike"],"picked":"Rage","floor":7},{"not_picked":["Sever Soul","Sword Boomerang"],"picked":"Iron Wave","floor":10},{"not_picked":["Heavy Blade","Twin Strike"],"picked":"Rage","floor":12},{"not_picked":["Havoc","Cleave"],"picked":"Infernal Blade","floor":14}],"player_experience":286791,"potions_floor_usage":[16,16],"damage_taken":[{"damage":10,"enemies":"2 Louse","floor":1,"turns":3},{"damage":18,"enemies":"Small Slimes","floor":3,"turns":4},{"damage":3,"enemies":"Cultist","floor":5,"turns":4},{"damage":59,"enemies":"Lagavulin","floor":7,"turns":9},{"damage":3,"enemies":"Exordium Wildlife","floor":10,"turns":5},{"damage":5,"enemies":"2 Fungi Beasts","floor":12,"turns":4},{"damage":24,"enemies":"Lots of Slimes","floor":14,"turns":7},{"damage":52,"enemies":"The Guardian","floor":16,"turns":19}],"event_choices":[{"event_name":"Golden Idol","player_choice":"Take Damage","floor":2,"damage_taken":0},{"event_name":"Scrap Ooze","player_choice":"success","floor":4,"damage_taken":3}],"boss_relics":[],"potions_floor_spawned":[7,14],"seed_played":"3747013257159524162","killed_by":"The Guardian","ascension_level":5,"is_trial":false}