{"gold_per_floor":[109,259,259,259,36,62,62,92,115,142,162,13,13,27,27,100,100,110,110,126,1,11,11,11,42,42,70,90,190,190,209,209,285,285,295,695,695,695,695,695,720,720,720,720,734,584,584,124,124,124],"floor_reached":51,"playtime":3888,"items_purged":["Doubt","Strike_R","Strike_R","Defend_R","Defend_R"],"score":1231,"play_id":"a8aa99b9-a3fd-452d-98cb-ef955a89861e","local_time":"20190403171256","is_ascension_mode":true,"campfire_choices":[{"data":"Pain","floor":7.0,"key":"PURGE"},{"data":"True Grit","floor":13.0,"key":"SMITH"},{"data":"Battle Trance","floor":15.0,"key":"SMITH"},{"data":"Defend_R","floor":23.0,"key":"PURGE"},{"data":"Strike_R","floor":30.0,"key":"PURGE"},{"floor":32.0,"key":"REST"},{"data":"Strike_R","floor":40.0,"key":"PURGE"},{"floor":42,"key":"REST"},{"floor":44,"key":"REST"},{"data":"Bloodletting","floor":49,"key":"SMITH"}],"neow_cost":"CURSE","seed_source_timestamp":7695409866625,"circlet_count":0,"master_deck":["AscendersBane","Defend_R+1","Bash","Rampage","True Grit+1","Rampage","Anger","Armaments","Battle Trance+1","Impervious+1","Clash+1","Clash","Feel No Pain+1","Blind","Bloodletting+1"],"special_seed":0,"relics":["Black Blood","Nunchaku","Pen Nib","Peace Pipe","Singing Bowl","Oddly Smooth Stone","PreservedInsect","Sozu","Dodecahedron","Mercury Hourglass","Matryoshka","Juzu Bracelet","Unceasing Top","Ornamental Fan","Old Coin","Lantern","War Paint","Blue Candle"],"potions_floor_usage":[],"damage_taken":[{"damage":2.0,"enemies":"Small Slimes","floor":1.0,"turns":3.0},{"damage":18.0,"enemies":"3 Sentries","floor":6.0,"turns":9.0},{"damage":23.0,"enemies":"Lagavulin","floor":8.0,"turns":7.0},{"damage":30.0,"enemies":"Gremlin Nob","floor":10.0,"turns":4.0},{"damage":0.0,"enemies":"2 Louse","floor":11.0,"turns":3.0},{"damage":0.0,"enemies":"Cultist","floor":14.0,"turns":2.0},{"damage":8.0,"enemies":"Hexaghost","floor":16.0,"turns":8.0},{"damage":0.0,"enemies":"Chosen","floor":18.0,"turns":4.0},{"damage":2.0,"enemies":"Shell Parasite","floor":20.0,"turns":4.0},{"damage":9.0,"enemies":"Centurion and Healer","floor":22.0,"turns":5.0},{"damage":12.0,"enemies":"Slavers","floor":25.0,"turns":5.0},{"damage":13.0,"enemies":"Book of Stabbing","floor":27.0,"turns":4.0},{"damage":22.0,"enemies":"Shelled Parasite and Fungi","floor":28.0,"turns":4.0},{"damage":22.0,"enemies":"Colosseum Slavers","floor":29.0,"turns":4.0},{"damage":9.0,"enemies":"Colosseum Nobs","floor":29.0,"turns":6.0},{"damage":0.0,"enemies":"3 Cultists","floor":31.0,"turns":5.0},{"damage":16.0,"enemies":"Champ","floor":33.0,"turns":10.0},{"damage":3.0,"enemies":"Orb Walker","floor":35.0,"turns":3.0},{"damage":34.0,"enemies":"Mind Bloom Boss Battle","floor":36.0,"turns":5.0},{"damage":60,"enemies":"Nemesis","floor":41,"turns":9},{"damage":0,"enemies":"3 Shapes","floor":45,"turns":3},{"damage":42,"enemies":"Awakened One","floor":50,"turns":7}],"seed_played":"-4135281042025378546","potions_obtained":[{"floor":8.0,"key":"PowerPotion"},{"floor":10.0,"key":"Weak Potion"},{"floor":16.0,"key":"LiquidBronze"}],"is_trial":false,"path_per_floor":["M","?","?","?","$","E","R","E","T","E","M","$","R","M","R","B",null,"M","?","M","$","M","R","?","E","T","E","M","?","R","M","R","B",null,"M","?","?","?","?","R","E","R","T","R","M","$","?","$","R","B",null],"character_chosen":"IRONCLAD","items_purchased":["True Grit","Fire Potion","PowerPotion","Swift Potion","Bloodletting","Blue Candle"],"campfire_rested":3,"item_purchase_floors":[5,5,5,12,48,48],"current_hp_per_floor":[72,72,61,66,66,54,54,37,37,13,21,21,21,27,27,25,68,74,74,78,78,77,77,77,73,73,68,54,37,37,45,73,65,88,97,75,75,75,75,75,25,55,55,85,97,97,97,97,97,65],"gold":124,"neow_bonus":"ONE_RARE_RELIC","is_prod":false,"is_daily":false,"chose_seed":false,"campfire_upgraded":3,"win_rate":0,"timestamp":1554329576,"path_taken":["M","?","?","?","$","E","R","E","T","E","M","?","R","M","R","BOSS","M","?","?","$","M","R","?","E","T","E","M","?","R","M","R","BOSS","M","?","?","?","?","R","E","R","T","R","M","$","?","$","R","BOSS"],"build_version":"2019-01-23","purchased_purges":5,"victory":true,"max_hp_per_floor":[75,75,75,80,80,80,80,80,80,80,82,82,82,82,82,82,82,82,82,82,82,84,84,84,86,86,88,90,92,92,94,94,96,96,98,100,100,100,100,100,100,100,100,100,102,102,102,102,102,102],"card_choices":[{"not_picked":["Shrug It Off","Entrench"],"picked":"Rampage","floor":1.0},{"not_picked":["Clash","Dual Wield"],"picked":"Rampage","floor":6.0},{"not_picked":["Havoc","Cleave"],"picked":"Anger","floor":8.0},{"not_picked":["Wild Strike","Sword Boomerang"],"picked":"Armaments","floor":10.0},{"not_picked":["Thunderclap","Sword Boomerang","Seeing Red"],"picked":"Singing Bowl","floor":11.0},{"not_picked":["Combust","Warcry"],"picked":"Battle Trance","floor":14.0},{"not_picked":["Dark Embrace","Demon Form"],"picked":"Impervious","floor":16.0},{"not_picked":["Anger","Carnage"],"picked":"Clash+1","floor":18.0},{"not_picked":["Twin Strike","Whirlwind"],"picked":"Clash","floor":20.0},{"not_picked":["Seeing Red","Pommel Strike","Twin Strike"],"picked":"Singing Bowl","floor":22.0},{"not_picked":["Perfected Strike+1","Warcry","Headbutt"],"picked":"Singing Bowl","floor":25.0},{"not_picked":["Anger","Fire Breathing","Sword Boomerang"],"picked":"Singing Bowl","floor":27.0},{"not_picked":["Twin Strike","Carnage","Wild Strike"],"picked":"Singing Bowl","floor":28.0},{"not_picked":["Impervious","Sever Soul","Perfected Strike"],"picked":"Singing Bowl","floor":29.0},{"not_picked":["Pummel+1","Headbutt+1","Inflame"],"picked":"Singing Bowl","floor":31.0},{"not_picked":["Brutality","Exhume","Demon Form"],"picked":"Singing Bowl","floor":33.0},{"not_picked":["Heavy Blade+1","Perfected Strike","Body Slam"],"picked":"Singing Bowl","floor":35.0},{"not_picked":["Wild Strike+1","Heavy Blade","True Grit"],"picked":"Singing Bowl","floor":36.0},{"not_picked":["Cleave+1","Rampage"],"picked":"Feel No Pain+1","floor":41},{"not_picked":["Whirlwind","Cleave","Rupture"],"picked":"Singing Bowl","floor":45},{"not_picked":["Chrysalis","Mind Blast"],"picked":"Blind","floor":47}],"player_experience":678910,"relics_obtained":[{"floor":6.0,"key":"Peace Pipe"},{"floor":8.0,"key":"Singing Bowl"},{"floor":9.0,"key":"Oddly Smooth Stone"},{"floor":10.0,"key":"PreservedInsect"},{"floor":25.0,"key":"Mercury Hourglass"},{"floor":26.0,"key":"Matryoshka"},{"floor":27.0,"key":"Juzu Bracelet"},{"floor":29.0,"key":"Unceasing Top"},{"floor":29.0,"key":"Ornamental Fan"},{"floor":36.0,"key":"Old Coin"},{"floor":41,"key":"Lantern"},{"floor":43,"key":"War Paint"}],"event_choices":[{"damage_healed":0.0,"max_hp_gain":0.0,"max_hp_loss":0.0,"gold_gain":150.0,"event_name":"Liars Game","player_choice":"AGREE","floor":2.0,"gold_loss":0.0,"damage_taken":0.0,"cards_obtained":["Doubt"]},{"damage_healed":0.0,"max_hp_gain":0.0,"max_hp_loss":0.0,"gold_gain":0.0,"event_name":"Scrap Ooze","player_choice":"Success","floor":3.0,"gold_loss":0.0,"damage_taken":11.0,"relics_obtained":["Pen Nib"]},{"damage_healed":0.0,"max_hp_gain":5.0,"max_hp_loss":0.0,"gold_gain":0.0,"event_name":"Big Fish","player_choice":"Donut","floor":4.0,"gold_loss":0.0,"damage_taken":0.0},{"damage_healed":0.0,"max_hp_gain":0.0,"max_hp_loss":0.0,"gold_gain":0.0,"event_name":"WeMeetAgain","player_choice":"Gave Potion","floor":19.0,"gold_loss":0.0,"damage_taken":0.0,"relics_obtained":["Dodecahedron"]},{"damage_healed":0.0,"max_hp_gain":0.0,"max_hp_loss":0.0,"gold_gain":0.0,"event_name":"Vampires","player_choice":"Ignored","floor":24.0,"gold_loss":0.0,"damage_taken":0.0},{"damage_healed":0.0,"max_hp_gain":0.0,"max_hp_loss":0.0,"gold_gain":0.0,"event_name":"Colosseum","player_choice":"Fight","floor":29.0,"gold_loss":0.0,"damage_taken":0.0},{"damage_healed":0.0,"max_hp_gain":0.0,"max_hp_loss":0.0,"gold_gain":0.0,"event_name":"Colosseum","player_choice":"Fought Nobs","floor":29.0,"gold_loss":0.0,"damage_taken":0.0},{"damage_healed":0.0,"max_hp_gain":0.0,"max_hp_loss":0.0,"gold_gain":0.0,"event_name":"MindBloom","player_choice":"Fight","floor":36.0,"gold_loss":0.0,"damage_taken":0.0},{"damage_healed":0.0,"max_hp_gain":0.0,"max_hp_loss":0.0,"gold_gain":0.0,"event_name":"Mysterious Sphere","player_choice":"Ignored","floor":37.0,"gold_loss":0.0,"damage_taken":0.0},{"cards_removed":["Strike_R"],"damage_healed":0.0,"max_hp_gain":0.0,"max_hp_loss":0.0,"gold_gain":0.0,"event_name":"Falling","player_choice":"Removed Attack","floor":38.0,"gold_loss":0.0,"damage_taken":0.0},{"damage_healed":0.0,"max_hp_gain":0.0,"max_hp_loss":0.0,"gold_gain":0.0,"event_name":"Tomb of Lord Red Mask","player_choice":"Ignored","floor":39.0,"gold_loss":0.0,"damage_taken":0.0},{"damage_healed":0,"gold_gain":0,"player_choice":"Memory 1","damage_taken":0,"max_hp_gain":0,"max_hp_loss":0,"event_name":"SensoryStone","floor":47,"gold_loss":0}],"is_beta":false,"boss_relics":[{"not_picked":["Empty Cage","Coffee Dripper"],"picked":"Sozu"},{"not_picked":["Astrolabe","Calling Bell"],"picked":"Black Blood"}],"items_purged_floors":[5,12,21,46,48],"is_endless":false,"potions_floor_spawned":[8,10,16,20,22,28,29,33,36,45],"ascension_level":15}