{"gold_per_floor":[116,96,107,35,51,51,51,51,51,51,62,62,137,167,167,266,266,279,312,8,8,8,8,8,8,8,38,38,66,66,66,66,66],"floor_reached":33,"playtime":1735,"items_purged":[],"score":375,"play_id":"3b558a32-addd-4dcc-beaa-ab6691cf55e6","local_time":"20190122221116","daily_mods":["Colorless Cards","Heirloom","Time Dilation","Flight"],"is_ascension_mode":false,"campfire_choices":[{"data":"Zap","floor":6.0,"key":"SMITH"},{"data":"Dualcast","floor":7.0,"key":"SMITH"},{"data":"Darkness","floor":8.0,"key":"SMITH"},{"data":"White Noise","floor":12.0,"key":"SMITH"},{"data":"Chill","floor":15.0,"key":"SMITH"},{"data":"Ball Lightning","floor":23,"key":"SMITH"},{"data":"Secret Technique","floor":24,"key":"SMITH"},{"data":"Doom and Gloom","floor":25,"key":"SMITH"},{"data":"Leap","floor":28,"key":"SMITH"},{"floor":30,"key":"REST"},{"data":"1","floor":32,"key":"LIFT"}],"neow_cost":"","seed_source_timestamp":0,"circlet_count":0,"master_deck":["Strike_B","Strike_B","Strike_B","Defend_B","Defend_B","Defend_B","Defend_B","Zap+1","Dualcast+1","Turbo","White Noise+1","Chill+1","Darkness+1","Sweeping Beam","Leap+1","Secret Technique+1","Doom and Gloom+1","Ball Lightning+1","Decay","Reprogram","Cold Snap+1","Echo Form+1"],"special_seed":0,"relics":["Cracked Core","Girya","Blue Candle","Frozen Egg 2","Velvet Choker","Red Mask","Torii","Blood Vial","Prayer Wheel","Cables"],"potions_floor_usage":[16,27,33],"damage_taken":[{"damage":1.0,"enemies":"Jaw Worm","floor":1.0,"turns":3.0},{"damage":0.0,"enemies":"Cultist","floor":3.0,"turns":4.0},{"damage":0.0,"enemies":"2 Louse","floor":5.0,"turns":2.0},{"damage":2.0,"enemies":"2 Fungi Beasts","floor":11.0,"turns":4.0},{"damage":9.0,"enemies":"3 Sentries","floor":14.0,"turns":8.0},{"damage":6,"enemies":"Hexaghost","floor":16,"turns":9},{"damage":16,"enemies":"Chosen","floor":18,"turns":7},{"damage":12,"enemies":"Masked Bandits","floor":19,"turns":4},{"damage":1,"enemies":"Colosseum Slavers","floor":22,"turns":5},{"damage":12,"enemies":"Book of Stabbing","floor":27,"turns":4},{"damage":23,"enemies":"Gremlin Leader","floor":29,"turns":5},{"damage":62,"enemies":"Collector","floor":33,"turns":7}],"seed_played":"-58725408159375551","potions_obtained":[{"floor":3.0,"key":"GamblersBrew"},{"floor":14.0,"key":"SkillPotion"},{"floor":16,"key":"Explosive Potion"},{"floor":27,"key":"SpeedPotion"}],"is_trial":true,"path_per_floor":["M","?","M","$","M","R","R","R","T","?","M","R","?","E","R","B",null,"M","?","$","?","?","R","R","R","T","E","R","E","R","?","R","B"],"character_chosen":"DEFECT","items_purchased":["Chill","Torii"],"campfire_rested":1,"item_purchase_floors":[4,20],"current_hp_per_floor":[74,74,74,74,74,74,74,74,74,74,72,72,61,52,52,46,75,59,47,47,47,46,46,46,46,46,36,36,15,37,37,37,0],"gold":66,"neow_bonus":"","is_prod":false,"is_daily":false,"chose_seed":false,"campfire_upgraded":9,"win_rate":0,"timestamp":1548191476,"path_taken":["M","?","M","$","?","R","R","R","T","?","?","R","?","E","R","BOSS","M","?","$","?","?","R","R","R","T","E","R","E","R","?","R","BOSS"],"build_version":"2018-12-20","purchased_purges":0,"victory":false,"max_hp_per_floor":[75,75,75,75,75,75,75,75,75,75,75,75,75,75,75,75,75,75,75,75,75,75,75,75,75,75,75,75,75,75,75,75,75],"card_choices":[{"not_picked":["Compile Driver","Mind Blast"],"picked":"Turbo","floor":1.0},{"not_picked":["Steam","Gash"],"picked":"White Noise","floor":3.0},{"not_picked":["Go for the Eyes","Conserve Battery"],"picked":"Darkness","floor":5.0},{"not_picked":["Compile Driver","Steam Power"],"picked":"Sweeping Beam","floor":11.0},{"not_picked":["Streamline","Beam Cell"],"picked":"Leap","floor":14.0},{"not_picked":["Panache+1","Master of Strategy"],"picked":"Secret Technique","floor":16},{"not_picked":["Genetic Algorithm","Steam"],"picked":"Doom and Gloom","floor":18},{"not_picked":["Redo","Compile Driver"],"picked":"Ball Lightning","floor":19},{"not_picked":["Forethought","Darkness"],"picked":"Reprogram","floor":27},{"not_picked":["Streamline","Sweeping Beam"],"picked":"Cold Snap+1","floor":29}],"player_experience":107607,"relics_obtained":[{"floor":9.0,"key":"Blue Candle"},{"floor":14.0,"key":"Frozen Egg 2"},{"floor":19,"key":"Red Mask"},{"floor":26,"key":"Blood Vial"},{"floor":27,"key":"Prayer Wheel"},{"floor":29,"key":"Cables"}],"event_choices":[{"damage_healed":0.0,"max_hp_gain":0.0,"max_hp_loss":0.0,"gold_gain":0.0,"event_name":"The Woman in Blue","player_choice":"Bought 1 Potion","floor":2.0,"gold_loss":0.0,"damage_taken":0.0},{"cards_removed":["Strike_B"],"damage_healed":0.0,"max_hp_gain":0.0,"max_hp_loss":0.0,"gold_gain":0.0,"event_name":"Purifier","player_choice":"Purged","floor":10.0,"gold_loss":0.0,"damage_taken":0.0},{"damage_healed":0.0,"max_hp_gain":0.0,"max_hp_loss":0.0,"gold_gain":75.0,"event_name":"World of Goop","player_choice":"Gather Gold","floor":13.0,"gold_loss":0.0,"damage_taken":11.0},{"damage_healed":0,"gold_gain":0,"player_choice":"Fought Bandits","damage_taken":0,"max_hp_gain":0,"max_hp_loss":0,"event_name":"Masked Bandits","floor":19,"gold_loss":0},{"damage_healed":0,"gold_gain":0,"player_choice":"Smashed Altar","damage_taken":0,"max_hp_gain":0,"max_hp_loss":0,"event_name":"Forgotten Altar","floor":21,"gold_loss":0,"cards_obtained":["Decay"]},{"damage_healed":0,"gold_gain":0,"player_choice":"Fight","damage_taken":0,"max_hp_gain":0,"max_hp_loss":0,"event_name":"Colosseum","floor":22,"gold_loss":0},{"damage_healed":0,"gold_gain":0,"player_choice":"Fled From Nobs","damage_taken":0,"max_hp_gain":0,"max_hp_loss":0,"event_name":"Colosseum","floor":22,"gold_loss":0},{"damage_healed":0,"gold_gain":0,"player_choice":"Read","damage_taken":0,"max_hp_gain":0,"max_hp_loss":0,"event_name":"The Library","floor":31,"gold_loss":0,"cards_obtained":["Echo Form"]}],"is_beta":false,"boss_relics":[{"not_picked":["Busted Crown","Runic Pyramid"],"picked":"Velvet Choker"}],"items_purged_floors":[],"is_endless":true,"potions_floor_spawned":[3,14,16,27],"killed_by":"Collector","ascension_level":0}