{"path_per_floor":["M","?","?","M","M","?","E","R","T","M","R","M","E","?","R","B",null,"M","?","$","?","M","E","M","R","T","E","M","$","R","?","R","B",null,"M","M","?","$","T","R","?","R","T","M","M"],"character_chosen":"IRONCLAD","items_purchased":["Singing Bowl","Impervious","Vajra","Finesse","Iron Wave","Rage"],"gold_per_floor":[215,215,215,225,244,244,279,279,279,298,298,318,352,352,352,449,449,462,462,233,133,152,187,206,206,277,311,325,5,5,5,5,102,102,118,138,138,13,13,13,13,13,40,52,72,72],"floor_reached":46,"campfire_rested":4,"playtime":2996,"current_hp_per_floor":[80,80,80,71,75,75,31,55,55,46,70,53,43,43,43,15,64,65,49,49,49,57,47,46,46,46,49,30,30,55,55,80,37,72,62,59,59,59,59,69,58,70,70,78,83,0],"items_purged":["Clumsy"],"gold":72,"score":613,"play_id":"1f8b192f-1643-45c5-8c26-4c2e2f909d1c","local_time":"20180413181454","is_prod":false,"is_daily":false,"chose_seed":false,"is_ascension_mode":true,"campfire_upgraded":2,"timestamp":1523668494,"path_taken":["M","?","?","M","M","?","E","R","T","?","R","M","E","?","R","BOSS","M","?","$","?","?","E","M","R","T","E","M","?","R","?","R","BOSS","M","M","?","$","?","R","?","R","T","M","M","E"],"build_version":"2018-04-12","seed_source_timestamp":0,"purchased_purges":3,"victory":false,"master_deck":["Strike_R","Strike_R","Strike_R","Strike_R","Strike_R","Defend_R","Defend_R","Defend_R","Defend_R","Bash","Clothesline+1","Shrug It Off","Flex","Shrug It Off","Metallicize+1","Whirlwind+1","Immolate+1","Pommel Strike+1","Impervious","J.A.X.","Battle Trance","Fire Breathing+1","Inflame","Finesse","Berserk","Iron Wave","Rage","Pain","Madness","Madness","Regret","Reckless Charge","Metallicize"],"max_hp_per_floor":[80,80,80,80,80,80,80,80,80,80,80,80,80,80,80,80,80,80,80,80,80,82,84,84,84,84,84,84,84,84,84,84,84,84,86,91,91,91,91,91,91,91,91,91,91,91],"relics":["Burning Blood","Calipers","Bag of Preparation","Bronze Scales","Anchor","Spirit Poop","Cursed Key","Nilry\u0027s Codex","Singing Bowl","Gambling Chip","Blue Candle","Bag of Marbles","Vajra","Eternal Feather","Girya","Blood Vial"],"card_choices":[{"not_picked":["Twin Strike","Sword Boomerang"],"picked":"Clothesline","floor":1.0},{"not_picked":["Evolve","Sword Boomerang"],"picked":"Shrug It Off","floor":4.0},{"not_picked":["Armaments","Clash"],"picked":"Flex","floor":5.0},{"not_picked":["Bludgeon","Twin Strike"],"picked":"Shrug It Off","floor":7.0},{"not_picked":["Second Wind","Dual Wield"],"picked":"Metallicize","floor":12.0},{"not_picked":["Havoc","Thunderclap"],"picked":"Whirlwind","floor":13.0},{"not_picked":["Dark Embrace","Fiend Fire"],"picked":"Immolate","floor":16},{"not_picked":["Heavy Blade","Twin Strike"],"picked":"Pommel Strike","floor":18},{"not_picked":["Warcry","Inflame"],"picked":"Battle Trance","floor":24},{"not_picked":["Impervious","Twin Strike"],"picked":"Fire Breathing","floor":27},{"not_picked":["Perfected Strike","Flex"],"picked":"Inflame","floor":28},{"not_picked":["Juggernaut","Dark Embrace"],"picked":"Berserk","floor":33},{"not_picked":["Combust","Body Slam"],"picked":"Reckless Charge","floor":44},{"not_picked":["Sword Boomerang","Iron Wave"],"picked":"Metallicize","floor":45}],"player_experience":278690,"potions_floor_usage":[16,16,16,23,23,27,33,46,46],"damage_taken":[{"damage":0.0,"enemies":"2 Louse","floor":1.0,"turns":3.0},{"damage":15.0,"enemies":"Jaw Worm","floor":4.0,"turns":3.0},{"damage":2.0,"enemies":"Small Slimes","floor":5.0,"turns":3.0},{"damage":50.0,"enemies":"3 Sentries","floor":7.0,"turns":13.0},{"damage":15.0,"enemies":"Looter","floor":10.0,"turns":4.0},{"damage":23.0,"enemies":"Large Slime","floor":12.0,"turns":7.0},{"damage":16.0,"enemies":"Gremlin Nob","floor":13.0,"turns":5.0},{"damage":34,"enemies":"Slime Boss","floor":16,"turns":10},{"damage":5,"enemies":"Chosen","floor":18,"turns":6},{"damage":0,"enemies":"Shell Parasite","floor":22,"turns":5},{"damage":18,"enemies":"Slavers","floor":23,"turns":4},{"damage":7,"enemies":"Centurion and Healer","floor":24,"turns":6},{"damage":3,"enemies":"Gremlin Leader","floor":27,"turns":5},{"damage":25,"enemies":"Snake Plant","floor":28,"turns":5},{"damage":49,"enemies":"Collector","floor":33,"turns":9},{"damage":18,"enemies":"Orb Walker","floor":35,"turns":3},{"damage":14,"enemies":"3 Shapes","floor":36,"turns":4},{"damage":0,"enemies":"Sphere and 2 Shapes","floor":44,"turns":1},{"damage":3,"enemies":"4 Shapes","floor":45,"turns":1},{"damage":94,"enemies":"Giant Head","floor":46,"turns":8}],"event_choices":[{"event_name":"Big Fish","player_choice":"Box","floor":2.0,"damage_taken":0.0},{"event_name":"Living Wall","player_choice":"Grow","floor":3.0,"damage_taken":0.0},{"event_name":"The Lab","player_choice":"Got Potions","floor":6.0,"damage_taken":0.0},{"event_name":"Bonfire Elementals","player_choice":"CURSE","floor":14.0,"damage_taken":0.0},{"event_name":"Cursed Tome","player_choice":"Obtained Book","floor":19,"damage_taken":0},{"event_name":"Drug Dealer","player_choice":"Got JAXXED","floor":21,"damage_taken":0},{"event_name":"Ghosts","player_choice":"Ignored","floor":31,"damage_taken":0},{"event_name":"Upgrade Shrine","player_choice":"Upgraded","floor":37,"damage_taken":0},{"event_name":"Winding Halls","player_choice":"Embrace Madness","floor":41,"damage_taken":0}],"boss_relics":[{"not_picked":["White Beast Statue","Black Star"],"picked":"Cursed Key"},{"not_picked":["Lizard Tail","Runic Dome"],"picked":"Eternal Feather"}],"potions_floor_spawned":[7,12,16,18,24,28,33,35,45],"seed_played":"-8352008604513029153","killed_by":"Giant Head","ascension_level":5,"is_trial":false}