{"gold_per_floor":[118,20,31,48,63,63,63,79,150,171,171,204,230,204,204,323,323,337,360,23,23,123,123,142,50,50,50,76,76,92,104,104,202,202,218,218,292,41,58,58,89,89,89,89,89,3,3,16,16,16],"floor_reached":51,"playtime":5228,"items_purged":["Injury","Strike_B"],"score":818,"play_id":"952987d9-ec0e-45f2-8fb0-fb789027d2b5","local_time":"20190122163732","is_ascension_mode":true,"campfire_choices":[{"data":"Dualcast","floor":6.0,"key":"SMITH"},{"data":"Zap","floor":11.0,"key":"SMITH"},{"data":"Defragment","floor":15.0,"key":"SMITH"},{"data":"Hologram","floor":23.0,"key":"SMITH"},{"data":"Chaos","floor":27.0,"key":"SMITH"},{"data":"Echo Form","floor":29.0,"key":"SMITH"},{"data":"Streamline","floor":32.0,"key":"SMITH"},{"data":"Echo Form","floor":40.0,"key":"SMITH"},{"data":"Darkness","floor":44.0,"key":"SMITH"},{"data":"Defragment","floor":47,"key":"SMITH"},{"data":"Coolheaded","floor":49,"key":"SMITH"}],"neow_cost":"NONE","seed_source_timestamp":0,"circlet_count":0,"master_deck":["Strike_B+1","Strike_B+1","Strike_B+1","Defend_B+1","Defend_B+1","Defend_B+1","Defend_B+1","Zap+1","Dualcast+1","Coolheaded+1","Defragment+1","Streamline+1","Turbo+1","Ball Lightning+1","Cold Snap+1","Hologram+1","Auto Shields+1","Glacier+1","Stack+1","Echo Form+1","Capacitor+1","Steam Power+1","Chaos+1","Leap+1","Capacitor+1","Sweeping Beam+1","Leap+1","Blizzard+1","Echo Form+1","Coolheaded+1","Self Repair+1","Consume+1","Coolheaded+1","Darkness+1","Defragment+1","Coolheaded+1","Reinforced Body+1"],"special_seed":0,"relics":["Cracked Core","NeowsBlessing","Bloody Idol","Molten Egg 2","Gambling Chip","Odd Mushroom","Sozu","Mummified Hand","Centennial Puzzle","Whetstone","Blue Candle","Calipers","FossilizedHelix","Mark of the Bloom"],"potions_floor_usage":[50,50],"damage_taken":[{"damage":0.0,"enemies":"Cultist","floor":1.0,"turns":1.0},{"damage":0.0,"enemies":"Small Slimes","floor":3.0,"turns":1.0},{"damage":0.0,"enemies":"Jaw Worm","floor":4.0,"turns":1.0},{"damage":6.0,"enemies":"Looter","floor":5.0,"turns":2.0},{"damage":10.0,"enemies":"Exordium Wildlife","floor":8.0,"turns":4.0},{"damage":11.0,"enemies":"Exordium Thugs","floor":10.0,"turns":3.0},{"damage":10.0,"enemies":"Lagavulin","floor":12.0,"turns":6.0},{"damage":7.0,"enemies":"The Mushroom Lair","floor":13.0,"turns":3.0},{"damage":8.0,"enemies":"Hexaghost","floor":16.0,"turns":13.0},{"damage":3.0,"enemies":"3 Byrds","floor":18.0,"turns":4.0},{"damage":11.0,"enemies":"Spheric Guardian","floor":19.0,"turns":3.0},{"damage":0.0,"enemies":"Snecko","floor":24.0,"turns":5.0},{"damage":27.0,"enemies":"Gremlin Leader","floor":28.0,"turns":8.0},{"damage":6.0,"enemies":"Shelled Parasite and Fungi","floor":30.0,"turns":8.0},{"damage":0.0,"enemies":"Centurion and Healer","floor":31.0,"turns":8.0},{"damage":36.0,"enemies":"Collector","floor":33.0,"turns":10.0},{"damage":23.0,"enemies":"3 Darklings","floor":35.0,"turns":6.0},{"damage":11.0,"enemies":"3 Shapes","floor":39.0,"turns":7.0},{"damage":0.0,"enemies":"Giant Head","floor":41.0,"turns":9.0},{"damage":0,"enemies":"Maw","floor":48,"turns":6},{"damage":7,"enemies":"Time Eater","floor":50,"turns":13}],"seed_played":"-3500865826050589206","potions_obtained":[{"floor":4.0,"key":"EssenceOfSteel"},{"floor":12.0,"key":"Ancient Potion"},{"floor":16.0,"key":"Block Potion"}],"is_trial":false,"path_per_floor":["M","$","M","M","M","R","?","M","T","M","R","E","?","?","R","B",null,"M","M","$","?","?","R","M","$","T","R","E","R","M","M","R","B",null,"M","M","?","T","$","M","R","E","?","T","R","?","$","R","M","R","B",null],"character_chosen":"DEFECT","items_purchased":["Defragment","Streamline","Mummified Hand","Leap","Capacitor","Self Repair","Consume","Defragment","Coolheaded"],"campfire_rested":0,"item_purchase_floors":[2,2,20,25,25,38,38,46,46],"current_hp_per_floor":[75,75,75,75,69,69,69,59,59,48,48,38,31,31,31,23,75,72,61,61,61,66,66,71,71,71,71,49,49,48,53,53,22,75,57,57,62,62,56,56,68,68,68,68,68,68,68,68,68,61],"gold":16,"neow_bonus":"THREE_ENEMY_KILL","is_prod":false,"is_daily":false,"chose_seed":false,"campfire_upgraded":11,"win_rate":0,"timestamp":1548171452,"path_taken":["M","$","M","?","?","R","?","M","T","M","R","E","?","?","R","BOSS","M","M","$","?","?","R","?","$","T","R","E","R","M","M","R","BOSS","M","?","?","$","M","R","E","?","T","R","?","$","R","M","R","BOSS"],"build_version":"2018-12-20","purchased_purges":2,"victory":true,"max_hp_per_floor":[75,75,75,75,75,75,75,75,75,75,75,75,75,75,75,75,75,75,75,75,75,75,75,75,75,75,75,75,75,75,75,75,75,75,75,75,75,75,75,75,75,75,75,75,75,75,75,75,75,75],"card_choices":[{"not_picked":["Compile Driver","Undo"],"picked":"Coolheaded","floor":1.0},{"not_picked":["Fusion","Blizzard"],"picked":"Turbo","floor":3.0},{"not_picked":["Steam Power","Stack"],"picked":"Ball Lightning","floor":4.0},{"not_picked":["Meteor Strike","Streamline"],"picked":"Cold Snap","floor":5.0},{"not_picked":["Leap","Aggregate"],"picked":"Hologram","floor":8.0},{"not_picked":["Beam Cell+1","Go for the Eyes+1"],"picked":"Auto Shields","floor":10.0},{"not_picked":["Storm","Leap"],"picked":"Glacier","floor":12.0},{"not_picked":["Turbo","Coolheaded"],"picked":"Stack","floor":13.0},{"not_picked":["Reboot","Machine Learning"],"picked":"Echo Form","floor":16.0},{"not_picked":["Coolheaded","Hologram"],"picked":"Capacitor+1","floor":18.0},{"not_picked":["Static Discharge+1","Stack+1"],"picked":"Steam Power+1","floor":19.0},{"not_picked":["Heatsinks+1","Redo"],"picked":"Chaos","floor":24.0},{"not_picked":["Stack","Chaos"],"picked":"Sweeping Beam+1","floor":28.0},{"not_picked":["Recycle+1","Sunder+1"],"picked":"Leap","floor":30.0},{"not_picked":["Rainbow","Barrage+1"],"picked":"Blizzard+1","floor":31.0},{"not_picked":["Buffer","Machine Learning"],"picked":"Echo Form","floor":33.0},{"not_picked":["Turbo+1","Go for the Eyes+1"],"picked":"Coolheaded","floor":35.0},{"not_picked":["Conserve Battery+1","Storm+1"],"picked":"Coolheaded+1","floor":39.0},{"not_picked":["Ball Lightning+1","Cold Snap+1"],"picked":"Darkness","floor":41.0},{"not_picked":["White Noise","Beam Cell+1"],"picked":"Reinforced Body+1","floor":48}],"player_experience":90271,"relics_obtained":[{"floor":9.0,"key":"Molten Egg 2"},{"floor":12.0,"key":"Gambling Chip"},{"floor":13.0,"key":"Odd Mushroom"},{"floor":26.0,"key":"Centennial Puzzle"},{"floor":28.0,"key":"Whetstone"},{"floor":37.0,"key":"Blue Candle"},{"floor":41.0,"key":"Calipers"},{"floor":43.0,"key":"FossilizedHelix"}],"event_choices":[{"damage_healed":0.0,"max_hp_gain":0.0,"max_hp_loss":0.0,"gold_gain":0.0,"event_name":"Golden Idol","player_choice":"Take Wound","floor":7.0,"gold_loss":0.0,"damage_taken":0.0,"relics_obtained":["Golden Idol"],"cards_obtained":["Injury"]},{"damage_healed":0.0,"max_hp_gain":0.0,"max_hp_loss":0.0,"gold_gain":0.0,"event_name":"Mushrooms","player_choice":"Fought Mushrooms","floor":13.0,"gold_loss":0.0,"damage_taken":0.0},{"damage_healed":0.0,"max_hp_gain":0.0,"max_hp_loss":0.0,"gold_gain":0.0,"event_name":"World of Goop","player_choice":"Left Gold","floor":14.0,"gold_loss":26.0,"damage_taken":0.0},{"damage_healed":0.0,"max_hp_gain":0.0,"max_hp_loss":0.0,"gold_gain":0.0,"event_name":"Forgotten Altar","player_choice":"Gave Idol","floor":21.0,"relics_lost":["Golden Idol"],"gold_loss":0.0,"damage_taken":0.0,"relics_obtained":["Bloody Idol"]},{"damage_healed":0.0,"max_hp_gain":0.0,"max_hp_loss":0.0,"gold_gain":100.0,"event_name":"Golden Shrine","player_choice":"Pray","floor":22.0,"gold_loss":0.0,"damage_taken":0.0},{"damage_healed":0.0,"max_hp_gain":0.0,"max_hp_loss":0.0,"gold_gain":0.0,"event_name":"Tomb of Lord Red Mask","player_choice":"Ignored","floor":36.0,"gold_loss":0.0,"damage_taken":0.0},{"damage_healed":0.0,"max_hp_gain":0.0,"max_hp_loss":0.0,"gold_gain":0.0,"event_name":"Mysterious Sphere","player_choice":"Ignored","floor":42.0,"gold_loss":0.0,"damage_taken":0.0},{"damage_healed":0,"gold_gain":0,"player_choice":"Upgrade","damage_taken":0,"relics_obtained":["Mark of the Bloom"],"max_hp_gain":0,"max_hp_loss":0,"event_name":"MindBloom","floor":45,"gold_loss":0,"cards_upgraded":["Strike_B","Strike_B","Defend_B","Defend_B","Defend_B","Defend_B","Coolheaded","Turbo","Ball Lightning","Auto Shields","Glacier","Stack","Leap","Capacitor","Leap","Coolheaded","Self Repair","Consume"]}],"is_beta":false,"boss_relics":[{"not_picked":["Lizard Tail","Ectoplasm"],"picked":"Sozu"},{"not_picked":["Philosopher\u0027s Stone","Cursed Key","White Beast Statue"]}],"items_purged_floors":[20,38],"is_endless":false,"potions_floor_spawned":[4,12,16,24,30,31,33,35,41],"ascension_level":3}