{"path_per_floor":["M","?","?","M","?","R","E","M","T","R","E","$","M","M","R"],"character_chosen":"THE_SILENT","items_purchased":["Toolbox"],"gold_per_floor":[114,114,189,209,384,384,411,426,449,449,479,142,153,165,165,165],"floor_reached":16,"campfire_rested":1,"playtime":1313,"current_hp_per_floor":[63,63,52,50,50,50,11,11,11,32,31,31,31,31,31,0],"items_purged":["Doubt"],"gold":165,"score":165,"play_id":"4b92a004-7121-4cc7-9aa9-bd07ef485055","local_time":"20180521201117","is_prod":false,"is_daily":false,"chose_seed":false,"is_ascension_mode":true,"campfire_upgraded":2,"timestamp":1526958677,"campfire_choices":[{"data":"Dagger Spray","floor":6,"key":"SMITH"},{"floor":10,"key":"REST"},{"data":"Survivor","floor":15,"key":"SMITH"}],"path_taken":["M","?","?","?","?","R","E","M","T","R","E","$","M","M","R","BOSS"],"build_version":"2018-05-17","seed_source_timestamp":330609991697553,"purchased_purges":1,"victory":false,"master_deck":["Defend_G","Defend_G","Defend_G","Defend_G","Defend_G","Strike_G","Strike_G","Strike_G","Strike_G","Strike_G","Survivor+1","Neutralize+1","AscendersBane","Heel Hook","Neutralize","Dagger Spray+1","Dagger Throw","Flying Knee","Die Die Die"],"max_hp_per_floor":[70,70,70,70,70,70,70,70,70,70,80,80,80,80,80,80],"relics":["Ring of the Snake","Potion Belt","Bag of Marbles","Pear","Toolbox"],"card_choices":[{"not_picked":["Finisher","Eviscerate"],"picked":"Heel Hook","floor":1},{"not_picked":["Deadly Poison","Crippling Poison"],"picked":"Dagger Spray","floor":4},{"not_picked":["Dagger Spray","Flechettes"],"picked":"Dagger Throw","floor":7},{"not_picked":["Skewer","PiercingWail"],"picked":"Flying Knee","floor":8},{"not_picked":["Poisoned Stab","Backflip"],"picked":"Die Die Die","floor":11},{"not_picked":["Bane","Prepared","PiercingWail"],"picked":"SKIP","floor":13},{"not_picked":["Infinite Blades","Sucker Punch","Finisher"],"picked":"SKIP","floor":14}],"player_experience":466441,"potions_floor_usage":[7,16,16],"damage_taken":[{"damage":0,"enemies":"Small Slimes","floor":1,"turns":3},{"damage":2,"enemies":"Cultist","floor":4,"turns":5},{"damage":39,"enemies":"Lagavulin","floor":7,"turns":9},{"damage":0,"enemies":"Jaw Worm","floor":8,"turns":4},{"damage":11,"enemies":"3 Sentries","floor":11,"turns":6},{"damage":0,"enemies":"3 Louse","floor":13,"turns":1},{"damage":0,"enemies":"Looter","floor":14,"turns":1},{"damage":31,"enemies":"The Guardian","floor":16,"turns":13}],"relics_obtained":[{"floor":7,"key":"Potion Belt"},{"floor":9,"key":"Bag of Marbles"},{"floor":11,"key":"Pear"}],"event_choices":[{"event_name":"Match and Keep!","player_choice":"1 cards matched","floor":2,"damage_taken":0},{"event_name":"World of Goop","player_choice":"Gather Gold","floor":3,"damage_taken":0},{"event_name":"Liars Game","player_choice":"agreed","floor":5,"damage_taken":0}],"boss_relics":[],"potions_floor_spawned":[1,7,11,13],"seed_played":"6965098986026269479","killed_by":"The Guardian","ascension_level":10,"potions_obtained":[{"floor":1,"key":"GamblersBrew"},{"floor":7,"key":"Ancient Potion"},{"floor":11,"key":"LiquidBronze"},{"floor":13,"key":"Swift Potion"}],"is_trial":false}