{"gold_per_floor":[118,130,130,55,71,105,105,105,105,105,123,198,214,214,214,312,312,324,338,338,338,338,338,350,369,392,403,122,135,135],"floor_reached":30,"playtime":1292,"items_purged":["Strike_G","Defend_G"],"score":267,"play_id":"aeb4acab-0d04-4fe8-8624-2fe0ba75dad2","local_time":"20190427210616","is_ascension_mode":true,"campfire_choices":[{"floor":7,"key":"REST"},{"floor":10,"key":"REST"},{"floor":15,"key":"REST"},{"data":"Deadly Poison","floor":23,"key":"SMITH"}],"neow_cost":"NONE","seed_source_timestamp":1476924187368986,"circlet_count":0,"master_deck":["Defend_G","Defend_G","Defend_G","Defend_G+1","Strike_G","Strike_G","Strike_G","Strike_G+1","Survivor","Neutralize+1","Backflip","Cloak And Dagger","Leg Sweep","Deadly Poison+1","RitualDagger","Injury","Master of Strategy"],"relics":["Ring of the Snake","StoneCalendar","Calipers","Mercury Hourglass","FaceOfCleric","Cursed Key"],"potions_floor_usage":[16,16,29,30,30],"damage_taken":[{"damage":2,"enemies":"Small Slimes","floor":1,"turns":4},{"damage":0,"enemies":"2 Louse","floor":2,"turns":2},{"damage":0,"enemies":"Jaw Worm","floor":5,"turns":4},{"damage":39,"enemies":"3 Sentries","floor":6,"turns":13},{"damage":0,"enemies":"2 Fungi Beasts","floor":11,"turns":3},{"damage":6,"enemies":"Exordium Thugs","floor":13,"turns":4},{"damage":36,"enemies":"Hexaghost","floor":16,"turns":17},{"damage":19,"enemies":"Spheric Guardian","floor":18,"turns":6},{"damage":3,"enemies":"3 Byrds","floor":19,"turns":6},{"damage":16,"enemies":"3 Cultists","floor":24,"turns":6},{"damage":7,"enemies":"Snake Plant","floor":25,"turns":4},{"damage":6,"enemies":"Cultist and Chosen","floor":27,"turns":7},{"damage":11,"enemies":"3 Cultists","floor":29,"turns":6},{"damage":15,"enemies":"Snecko","floor":30,"turns":4}],"seed_played":"-1704976724212594898","potions_obtained":[{"floor":5,"key":"SkillPotion"},{"floor":13,"key":"GhostInAJar"},{"floor":16,"key":"Weak Potion"},{"floor":19,"key":"AttackPotion"},{"floor":24,"key":"AttackPotion"}],"is_trial":false,"path_per_floor":["M","M","?","$","M","E","R","?","T","R","M","?","M","?","R","B",null,"M","M","?","?","?","R","M","M","T","M","$","M","M"],"character_chosen":"THE_SILENT","items_purchased":["Master of Strategy"],"campfire_rested":3,"item_purchase_floors":[28],"current_hp_per_floor":[68,68,54,54,54,15,36,24,24,45,45,34,28,28,49,14,71,53,51,51,45,45,45,30,24,24,19,19,9,0],"gold":135,"neow_bonus":"UPGRADE_CARD","is_prod":false,"is_daily":false,"chose_seed":false,"campfire_upgraded":1,"win_rate":0,"timestamp":1556413576,"path_taken":["M","M","?","$","M","E","R","?","T","R","M","?","?","?","R","BOSS","M","M","?","?","?","R","M","M","T","?","?","M","M"],"build_version":"2019-01-23","purchased_purges":2,"victory":false,"max_hp_per_floor":[70,70,70,70,70,70,70,70,70,70,70,70,70,70,70,71,71,72,73,73,73,73,73,74,75,75,76,76,77,77],"card_choices":[{"not_picked":["Flying Knee","Bane"],"picked":"Backflip","floor":1},{"not_picked":["Bouncing Flask","Dodge and Roll","Tactician"],"picked":"SKIP","floor":2},{"not_picked":["Bane","Backflip"],"picked":"Cloak And Dagger","floor":5},{"not_picked":["Flying Knee","Dagger Throw","Tactician"],"picked":"SKIP","floor":6},{"not_picked":["Infinite Blades","Wraith Form v2","Well Laid Plans"],"picked":"SKIP","floor":11},{"not_picked":["Sucker Punch","Riddle With Holes","Backflip"],"picked":"SKIP","floor":13},{"not_picked":["Bane","Sucker Punch"],"picked":"Leg Sweep","floor":18},{"not_picked":["Acrobatics","Distraction","Expertise"],"picked":"SKIP","floor":19},{"not_picked":["Backflip","Dagger Spray+1","Blade Dance"],"picked":"SKIP","floor":24},{"not_picked":["Finisher","Eviscerate+1","Escape Plan"],"picked":"SKIP","floor":25},{"not_picked":["Sucker Punch+1","Dagger Spray","Deflect"],"picked":"SKIP","floor":27},{"not_picked":["Poisoned Stab","Sucker Punch","Wraith Form v2"],"picked":"SKIP","floor":29}],"player_experience":106999,"relics_obtained":[{"floor":6,"key":"StoneCalendar"},{"floor":9,"key":"Mercury Hourglass"}],"event_choices":[{"damage_healed":0,"gold_gain":0,"player_choice":"Entered Light","damage_taken":14,"max_hp_gain":0,"max_hp_loss":0,"event_name":"Shining Light","floor":3,"gold_loss":0,"cards_upgraded":["Strike_G","Defend_G"]},{"damage_healed":0,"gold_gain":0,"player_choice":"Success","damage_taken":12,"relics_obtained":["Calipers"],"max_hp_gain":0,"max_hp_loss":0,"event_name":"Scrap Ooze","floor":8,"gold_loss":0},{"damage_healed":0,"gold_gain":75,"player_choice":"Gather Gold","damage_taken":11,"max_hp_gain":0,"max_hp_loss":0,"event_name":"World of Goop","floor":12,"gold_loss":0},{"damage_healed":0,"gold_gain":0,"player_choice":"Trade","damage_taken":0,"relics_obtained":["FaceOfCleric"],"max_hp_gain":0,"max_hp_loss":0,"event_name":"FaceTrader","floor":14,"gold_loss":0},{"damage_healed":0,"gold_gain":0,"player_choice":"Read","damage_taken":0,"max_hp_gain":0,"max_hp_loss":0,"event_name":"The Library","floor":20,"gold_loss":0,"cards_obtained":["Deadly Poison"]},{"damage_healed":0,"gold_gain":0,"player_choice":"Joined the Cult","damage_taken":6,"max_hp_gain":0,"max_hp_loss":0,"event_name":"Nest","floor":21,"gold_loss":0,"cards_obtained":["RitualDagger"]},{"damage_healed":0,"gold_gain":0,"player_choice":"Ignored","damage_taken":0,"max_hp_gain":0,"max_hp_loss":0,"event_name":"Cursed Tome","floor":22,"gold_loss":0}],"is_beta":false,"boss_relics":[{"not_picked":["Runic Pyramid","Fusion Hammer"],"picked":"Cursed Key"}],"items_purged_floors":[4,28],"is_endless":false,"potions_floor_spawned":[5,13,16,19,24,27],"killed_by":"Snecko","ascension_level":3}