{"gold_per_floor":[114,130,130,205,215,215,250,250,305,370,385,397,397,107,107,181,181,197,207,207,21,21,46,46,75,75,88,88,106,125,37,37,37],"floor_reached":33,"playtime":2639,"items_purged":["Strike_B","Writhe"],"score":531,"play_id":"634d079b-fa45-4988-8d40-993cf8d5f061","local_time":"20190202191013","is_ascension_mode":true,"campfire_choices":[{"data":"Zap","floor":6,"key":"SMITH"},{"data":"Dualcast","floor":8,"key":"SMITH"},{"data":"Go for the Eyes","floor":13,"key":"SMITH"},{"floor":15,"key":"REST"},{"floor":24,"key":"DIG"},{"floor":32,"key":"REST"}],"neow_cost":"TEN_PERCENT_HP_LOSS","seed_source_timestamp":27823760140248,"circlet_count":0,"master_deck":["AscendersBane","Strike_B","Strike_B","Strike_B","Defend_B+1","Defend_B","Defend_B","Defend_B","Zap+1","Dualcast+1","Electrodynamics","Beam Cell","Go for the Eyes+1","Coolheaded","Genetic Algorithm+1","Sweeping Beam","Melter","Seek","Leap","Ball Lightning+1","Steam","Hologram","Glacier","Gash+1","All For One"],"relics":["Cracked Core","Anchor","War Paint","Tiny Chest","Bag of Preparation","Black Star","Shovel","Bronze Scales","Potion Belt","Shuriken","Ornamental Fan","DataDisk","Bottled Flame"],"potions_floor_usage":[10,11,16,16,23,23,27],"damage_taken":[{"damage":9,"enemies":"Jaw Worm","floor":1,"turns":3},{"damage":0,"enemies":"2 Louse","floor":2,"turns":2},{"damage":0,"enemies":"Cultist","floor":5,"turns":3},{"damage":16,"enemies":"Lagavulin","floor":7,"turns":7},{"damage":10,"enemies":"Gremlin Nob","floor":10,"turns":4},{"damage":0,"enemies":"2 Fungi Beasts","floor":11,"turns":2},{"damage":0,"enemies":"Exordium Wildlife","floor":12,"turns":3},{"damage":19,"enemies":"The Guardian","floor":16,"turns":10},{"damage":0,"enemies":"Shell Parasite","floor":18,"turns":4},{"damage":2,"enemies":"Chosen","floor":19,"turns":4},{"damage":16,"enemies":"Slavers","floor":23,"turns":3},{"damage":14,"enemies":"Book of Stabbing","floor":25,"turns":5},{"damage":7,"enemies":"Snecko","floor":27,"turns":5},{"damage":0,"enemies":"Cultist and Chosen","floor":29,"turns":3},{"damage":0,"enemies":"Snake Plant","floor":30,"turns":4},{"damage":50,"enemies":"Champ","floor":33,"turns":9}],"seed_played":"-7999445057712244729","potions_obtained":[{"floor":7,"key":"PowerPotion"},{"floor":10,"key":"FocusPotion"},{"floor":11,"key":"PowerPotion"},{"floor":16,"key":"Swift Potion"},{"floor":18,"key":"GamblersBrew"},{"floor":25,"key":"Ancient Potion"}],"is_trial":false,"path_per_floor":["M","M","?","?","M","R","E","R","T","E","M","M","R","$","R","B",null,"M","M","?","$","?","E","R","E","T","M","?","M","M","$","R","B"],"character_chosen":"DEFECT","items_purchased":["Bag of Preparation","Strength Potion","EssenceOfSteel","All For One"],"campfire_rested":2,"item_purchase_floors":[14,14,21,31],"current_hp_per_floor":[55,55,55,44,44,44,28,28,28,18,18,18,18,18,37,18,53,53,51,51,51,51,35,35,21,21,14,5,5,5,5,24,0],"gold":37,"neow_bonus":"THREE_RARE_CARDS","is_prod":false,"is_daily":false,"chose_seed":false,"campfire_upgraded":3,"win_rate":0,"timestamp":1549156213,"path_taken":["M","M","?","?","M","R","E","R","T","E","M","M","R","$","R","BOSS","M","M","?","$","?","E","R","E","T","M","?","?","M","$","R","BOSS"],"build_version":"2019-01-23","purchased_purges":2,"victory":false,"max_hp_per_floor":[64,64,64,64,64,64,64,64,64,64,64,64,64,64,64,64,64,64,64,64,64,64,64,64,64,64,64,64,64,64,64,64,64],"card_choices":[{"not_picked":["Machine Learning","Amplify"],"picked":"Electrodynamics","floor":0},{"not_picked":["Coolheaded","Scrape"],"picked":"Beam Cell","floor":1},{"not_picked":["Reinforced Body","Redo"],"picked":"Go for the Eyes","floor":2},{"not_picked":["Steam Power","Self Repair"],"picked":"Coolheaded","floor":5},{"not_picked":["White Noise","Darkness"],"picked":"Genetic Algorithm","floor":7},{"not_picked":["Go for the Eyes","Reinforced Body"],"picked":"Sweeping Beam","floor":10},{"not_picked":["Stack","Coolheaded","Lockon"],"picked":"SKIP","floor":11},{"not_picked":["Stack","Coolheaded","Lockon"],"picked":"SKIP","floor":11},{"not_picked":["Stack","Coolheaded","Lockon"],"picked":"SKIP","floor":11},{"not_picked":["Genetic Algorithm","Beam Cell"],"picked":"Melter","floor":12},{"not_picked":["Thunder Strike","Amplify"],"picked":"Seek","floor":16},{"not_picked":["Compile Driver+1","Coolheaded"],"picked":"Leap","floor":18},{"not_picked":["Leap","Compile Driver"],"picked":"Ball Lightning+1","floor":19},{"not_picked":["Auto Shields","Force Field"],"picked":"Steam","floor":23},{"not_picked":["Barrage","Recycle"],"picked":"Hologram","floor":25},{"not_picked":["Coolheaded+1","Ball Lightning"],"picked":"Glacier","floor":27},{"not_picked":["Turbo","Storm"],"picked":"Gash+1","floor":29},{"not_picked":["Force Field","Hologram","Steam"],"picked":"SKIP","floor":30}],"player_experience":539978,"relics_obtained":[{"floor":7,"key":"Anchor"},{"floor":9,"key":"War Paint"},{"floor":10,"key":"Tiny Chest"},{"floor":23,"key":"Bronze Scales"},{"floor":23,"key":"Potion Belt"},{"floor":24,"key":"Shuriken"},{"floor":25,"key":"Ornamental Fan"},{"floor":25,"key":"DataDisk"},{"floor":26,"key":"Bottled Flame"}],"event_choices":[{"damage_healed":0,"gold_gain":0,"player_choice":"Ignored","damage_taken":0,"max_hp_gain":0,"max_hp_loss":0,"event_name":"Liars Game","floor":3,"gold_loss":0},{"damage_healed":0,"gold_gain":75,"player_choice":"Gather Gold","damage_taken":11,"max_hp_gain":0,"max_hp_loss":0,"event_name":"World of Goop","floor":4,"gold_loss":0},{"damage_healed":0,"gold_gain":0,"player_choice":"Opened","damage_taken":0,"relics_obtained":["Shovel"],"max_hp_gain":0,"max_hp_loss":0,"event_name":"The Mausoleum","floor":20,"gold_loss":0,"cards_obtained":["Writhe"]},{"damage_healed":0,"gold_gain":0,"player_choice":"Ignored","damage_taken":0,"max_hp_gain":0,"max_hp_loss":0,"event_name":"Ghosts","floor":22,"gold_loss":0},{"damage_healed":0,"gold_gain":0,"player_choice":"Damaged","damage_taken":9,"max_hp_gain":0,"max_hp_loss":0,"event_name":"Wheel of Change","floor":28,"gold_loss":0}],"is_beta":false,"boss_relics":[{"not_picked":["Lizard Tail","Snecko Eye"],"picked":"Black Star"}],"items_purged_floors":[14,21],"is_endless":false,"potions_floor_spawned":[7,10,11,16,18,25],"killed_by":"Champ","ascension_level":16}