{"gold_per_floor":[114,114,39,54,54,54,69,99,99,125,125,145,145,161,161,161],"floor_reached":16,"playtime":1442,"items_purged":["Strike_R"],"score":110,"play_id":"7b4fe8d5-82c0-48ff-adaa-694359d576e2","local_time":"20190416194037","is_ascension_mode":false,"campfire_choices":[{"data":"Bash","floor":6,"key":"SMITH"},{"floor":11,"key":"REST"},{"floor":15,"key":"REST"}],"neow_cost":"NONE","seed_source_timestamp":521176854250478,"circlet_count":0,"master_deck":["Strike_R","Strike_R","Strike_R","Strike_R","Defend_R","Defend_R","Defend_R","Bash+1","Offering+1","Iron Wave","True Grit+1","Cleave"],"relics":["Burning Blood","Toxic Egg 2","Gremlin Horn","Meat on the Bone"],"potions_floor_usage":[10,16,16],"damage_taken":[{"damage":6,"enemies":"Small Slimes","floor":1,"turns":3},{"damage":6,"enemies":"Cultist","floor":4,"turns":2},{"damage":10,"enemies":"2 Louse","floor":7,"turns":2},{"damage":55,"enemies":"Lagavulin","floor":8,"turns":7},{"damage":23,"enemies":"3 Sentries","floor":10,"turns":8},{"damage":6,"enemies":"Blue Slaver","floor":12,"turns":2},{"damage":6,"enemies":"3 Louse","floor":14,"turns":4},{"damage":89,"enemies":"Slime Boss","floor":16,"turns":12}],"seed_played":"460728245568062744","potions_obtained":[{"floor":1,"key":"Regen Potion"},{"floor":10,"key":"Energy Potion"},{"floor":14,"key":"Regen Potion"}],"is_trial":false,"path_per_floor":["M","?","$","M","?","R","M","E","T","E","R","M","?","M","R","B"],"character_chosen":"IRONCLAD","items_purchased":[],"campfire_rested":2,"item_purchase_floors":[],"current_hp_per_floor":[80,80,80,80,80,80,76,27,27,25,49,49,49,49,73,0],"gold":161,"neow_bonus":"ONE_RANDOM_RARE_CARD","is_prod":false,"is_daily":false,"chose_seed":false,"campfire_upgraded":1,"win_rate":0.0,"timestamp":1555458037,"path_taken":["M","?","$","M","?","R","M","E","T","E","R","?","?","M","R","BOSS"],"build_version":"2019-01-23","purchased_purges":1,"victory":false,"max_hp_per_floor":[80,80,80,80,80,80,80,80,80,80,80,80,80,80,80,80],"card_choices":[{"not_picked":["True Grit","Clash","Anger"],"picked":"SKIP","floor":1},{"not_picked":["True Grit","Perfected Strike","Thunderclap"],"picked":"SKIP","floor":4},{"not_picked":["Bloodletting","Dual Wield"],"picked":"Iron Wave","floor":7},{"not_picked":["Sword Boomerang","Headbutt","Searing Blow"],"picked":"SKIP","floor":8},{"not_picked":["Iron Wave","Juggernaut"],"picked":"True Grit+1","floor":10},{"not_picked":["Evolve","Headbutt","Corruption"],"picked":"SKIP","floor":12},{"not_picked":["True Grit+1","Headbutt"],"picked":"Cleave","floor":14}],"player_experience":32021,"relics_obtained":[{"floor":8,"key":"Toxic Egg 2"},{"floor":9,"key":"Gremlin Horn"},{"floor":10,"key":"Meat on the Bone"}],"event_choices":[{"cards_removed":["Defend_R"],"damage_healed":0,"gold_gain":0,"player_choice":"Forget","damage_taken":0,"max_hp_gain":0,"max_hp_loss":0,"event_name":"Living Wall","floor":2,"gold_loss":0},{"damage_healed":0,"gold_gain":0,"player_choice":"Upgraded","damage_taken":0,"max_hp_gain":0,"max_hp_loss":0,"event_name":"Upgrade Shrine","floor":5,"gold_loss":0,"cards_upgraded":["Offering"]},{"damage_healed":0,"gold_gain":0,"player_choice":"Ignored","damage_taken":0,"max_hp_gain":0,"max_hp_loss":0,"event_name":"Liars Game","floor":13,"gold_loss":0}],"is_beta":false,"boss_relics":[],"items_purged_floors":[3],"is_endless":false,"potions_floor_spawned":[1,10,14],"killed_by":"Slime Boss","ascension_level":0}