{"gold_per_floor":[114,289,306,306,72,72,82,82,107,132,152,169,196,210,210,311,311,323,323,337,349,349,380,393,411,435,451,451],"floor_reached":28,"playtime":1768,"items_purged":[],"score":304,"play_id":"45ee607b-d67a-4531-a6e5-7c74425c8fbf","local_time":"20181006202906","is_ascension_mode":false,"campfire_choices":[{"data":"Noxious Fumes","floor":6.0,"key":"SMITH"},{"data":"Backstab","floor":8.0,"key":"SMITH"},{"data":"Bane","floor":15.0,"key":"SMITH"}],"neow_cost":"NONE","seed_source_timestamp":0,"circlet_count":0,"master_deck":["Defend_G","Defend_G","Defend_G","Defend_G","Defend_G","Strike_G","Strike_G","Strike_G","Strike_G","Strike_G","Survivor","Neutralize","Burst","Blur","Doubt","Backstab+1","Noxious Fumes+1","Leg Sweep","Glass Knife","Escape Plan","Deflect","Cloak And Dagger","Bane+1","After Image","Escape Plan","Poisoned Stab","Crippling Poison","Escape Plan+1","PiercingWail","Cloak And Dagger+1","Glass Knife"],"special_seed":0,"relics":["Ring of the Snake","Nunchaku","TwistedFunnel","Snake Skull","Oddly Smooth Stone","Question Card","Black Star","Bottled Lightning","Pen Nib","Potion Belt","Centennial Puzzle"],"potions_floor_usage":[23,28],"damage_taken":[{"damage":2.0,"enemies":"Small Slimes","floor":1.0,"turns":4.0},{"damage":7.0,"enemies":"2 Louse","floor":3.0,"turns":4.0},{"damage":0.0,"enemies":"Cultist","floor":7.0,"turns":3.0},{"damage":8.0,"enemies":"3 Sentries","floor":10.0,"turns":5.0},{"damage":0.0,"enemies":"3 Louse","floor":11.0,"turns":2.0},{"damage":0.0,"enemies":"Looter","floor":12.0,"turns":1.0},{"damage":13.0,"enemies":"Gremlin Nob","floor":13.0,"turns":4.0},{"damage":0.0,"enemies":"Large Slime","floor":14.0,"turns":3.0},{"damage":0.0,"enemies":"Hexaghost","floor":16.0,"turns":9.0},{"damage":7.0,"enemies":"3 Byrds","floor":18.0,"turns":6.0},{"damage":0.0,"enemies":"Spheric Guardian","floor":20.0,"turns":6.0},{"damage":13.0,"enemies":"Shelled Parasite and Fungi","floor":21.0,"turns":8.0},{"damage":1,"enemies":"Slavers","floor":23,"turns":5},{"damage":20,"enemies":"Chosen and Byrds","floor":24,"turns":7},{"damage":8,"enemies":"Centurion and Healer","floor":25,"turns":6},{"damage":4,"enemies":"Shelled Parasite and Fungi","floor":27,"turns":5},{"damage":18,"enemies":"Gremlin Leader","floor":28,"turns":4}],"seed_played":"-4232835409629245321","potions_obtained":[{"floor":1.0,"key":"Strength Potion"},{"floor":7.0,"key":"Ancient Potion"},{"floor":10.0,"key":"SkillPotion"},{"floor":12.0,"key":"Dexterity Potion"},{"floor":18.0,"key":"SkillPotion"},{"floor":23,"key":"SpeedPotion"},{"floor":24,"key":"Dexterity Potion"},{"floor":27,"key":"Poison Potion"}],"is_trial":false,"path_per_floor":["M","?","M","?","$","R","M","R","T","E","M","M","E","M","R","B",null,"M","?","M","M","T","E","M","M","T","M"],"character_chosen":"THE_SILENT","items_purchased":["TwistedFunnel","Noxious Fumes"],"campfire_rested":0,"item_purchase_floors":[5,5],"current_hp_per_floor":[68,68,61,58,58,58,58,58,58,50,50,50,37,37,37,37,70,63,63,63,50,50,49,29,21,21,17,0],"gold":451,"neow_bonus":"ONE_RANDOM_RARE_CARD","is_prod":false,"is_daily":false,"chose_seed":false,"campfire_upgraded":3,"win_rate":0,"timestamp":1538882946,"path_taken":["M","?","?","?","$","R","M","R","T","E","?","?","E","M","R","BOSS","M","?","M","?","?","E","?","M","T","?","E"],"build_version":"2018-10-04v2","purchased_purges":0,"victory":false,"max_hp_per_floor":[70,70,70,70,70,70,70,70,70,70,70,70,70,70,70,70,70,70,70,70,70,70,70,70,70,70,70,70],"card_choices":[{"not_picked":["Prepared","Quick Slash"],"picked":"Blur","floor":1.0},{"not_picked":["Dodge and Roll","Deadly Poison"],"picked":"Backstab","floor":3.0},{"not_picked":["Slice","PiercingWail"],"picked":"Leg Sweep","floor":7.0},{"not_picked":["Flying Knee","Dagger Spray"],"picked":"Glass Knife","floor":10.0},{"not_picked":["Quick Slash","All Out Attack"],"picked":"Escape Plan","floor":11.0},{"not_picked":["Outmaneuver","Sucker Punch","Deflect"],"picked":"SKIP","floor":12.0},{"not_picked":["Outmaneuver","Sucker Punch"],"picked":"Deflect","floor":12.0},{"not_picked":["Bane","Terror"],"picked":"Cloak And Dagger","floor":13.0},{"not_picked":["Dagger Spray","Outmaneuver","Quick Slash"],"picked":"Bane","floor":14.0},{"not_picked":["Malaise","Tools of the Trade","Adrenaline"],"picked":"After Image","floor":16.0},{"not_picked":["Riddle With Holes+1","Dagger Spray","Dagger Throw+1"],"picked":"Escape Plan","floor":18.0},{"not_picked":["Concentrate","Accuracy","Prepared"],"picked":"Poisoned Stab","floor":20.0},{"not_picked":["Skewer","Heel Hook+1","Tactician"],"picked":"Crippling Poison","floor":21.0},{"not_picked":["Choke","Phantasmal Killer","Deflect"],"picked":"Escape Plan+1","floor":23},{"not_picked":["Choke","Eviscerate","Distraction"],"picked":"PiercingWail","floor":24},{"not_picked":["Reflex+1","Predator","Quick Slash"],"picked":"Cloak And Dagger+1","floor":25},{"not_picked":["Underhanded Strike+1","Outmaneuver","Acrobatics"],"picked":"Glass Knife","floor":27}],"player_experience":898382,"relics_obtained":[{"floor":9.0,"key":"Snake Skull"},{"floor":10.0,"key":"Oddly Smooth Stone"},{"floor":13.0,"key":"Question Card"},{"floor":22.0,"key":"Bottled Lightning"},{"floor":23,"key":"Pen Nib"},{"floor":23,"key":"Potion Belt"},{"floor":26,"key":"Centennial Puzzle"}],"event_choices":[{"event_name":"Liars Game","player_choice":"agreed","floor":2.0,"damage_taken":0.0},{"event_name":"Scrap Ooze","player_choice":"success","floor":4.0,"damage_taken":3.0},{"event_name":"N\u0027loth","player_choice":"Ignored","floor":19.0,"damage_taken":0.0}],"is_beta":false,"boss_relics":[{"not_picked":["Ring of the Serpent","Eternal Feather"],"picked":"Black Star"}],"items_purged_floors":[],"is_endless":false,"potions_floor_spawned":[1,7,10,11,12,18,23,24,27],"killed_by":"Gremlin Leader","ascension_level":0}