{"gold_per_floor":[112,124,124,135,151,151,167,167,167,185,185,211,223,246,258,341,353,379,423,435,447,3,3,3,3,30,58,76,76,76,94,94,173,173,192,414,51,151,163,163,195,64,146,146,146,69,79,90,90,90,90],"floor_reached":51,"playtime":2606,"items_purged":["Strike_R"],"score":1461,"play_id":"316b3431-a25f-42a0-af87-f8a7d901763d","local_time":"20190318133647","is_ascension_mode":true,"campfire_choices":[{"data":"Whirlwind","floor":6.0,"key":"SMITH"},{"data":"Armaments","floor":8.0,"key":"SMITH"},{"data":"Flame Barrier","floor":11.0,"key":"SMITH"},{"data":"Pommel Strike","floor":13.0,"key":"SMITH"},{"floor":15.0,"key":"REST"},{"floor":23.0,"key":"REST"},{"data":"Trip","floor":25.0,"key":"SMITH"},{"floor":29.0,"key":"REST"},{"floor":32.0,"key":"REST"},{"data":"Flex","floor":40.0,"key":"SMITH"},{"data":"Bloodletting","floor":45.0,"key":"SMITH"},{"data":"Limit Break","floor":49.0,"key":"SMITH"}],"neow_cost":"NONE","seed_source_timestamp":0,"circlet_count":0,"master_deck":["AscendersBane","Strike_R","Strike_R","Strike_R+1","Defend_R","Defend_R","Defend_R","Defend_R","Bash+1","Twin Strike","Pommel Strike+1","Sword Boomerang","Whirlwind+1","Armaments+1","Flame Barrier+1","Fiend Fire","Power Through+1","J.A.X.","Feel No Pain","Trip+1","Clothesline","Limit Break+1","Bloodletting+1","Panacea","Flex+1","Seeing Red","Metallicize","True Grit+1","Limit Break"],"special_seed":0,"relics":["Burning Blood","Strawberry","Pen Nib","MawBank","Runic Pyramid","Red Mask","Medical Kit","Happy Flower","Dodecahedron","Philosopher\u0027s Stone","Chemical X","Bird Faced Urn","Meat on the Bone","Pantograph","Mummified Hand"],"potions_floor_usage":[],"damage_taken":[{"damage":12.0,"enemies":"Small Slimes","floor":1.0,"turns":6.0},{"damage":9.0,"enemies":"Jaw Worm","floor":2.0,"turns":3.0},{"damage":0.0,"enemies":"2 Louse","floor":4.0,"turns":2.0},{"damage":11.0,"enemies":"Blue Slaver","floor":5.0,"turns":3.0},{"damage":17.0,"enemies":"Exordium Wildlife","floor":7.0,"turns":4.0},{"damage":0.0,"enemies":"3 Louse","floor":10.0,"turns":1.0},{"damage":7.0,"enemies":"Lagavulin","floor":12.0,"turns":7.0},{"damage":4.0,"enemies":"Red Slaver","floor":14.0,"turns":3.0},{"damage":0.0,"enemies":"Slime Boss","floor":16.0,"turns":5.0},{"damage":28.0,"enemies":"2 Thieves","floor":18.0,"turns":4.0},{"damage":47.0,"enemies":"Masked Bandits","floor":19.0,"turns":5.0},{"damage":14.0,"enemies":"Colosseum Slavers","floor":21.0,"turns":4.0},{"damage":30.0,"enemies":"Slavers","floor":27.0,"turns":5.0},{"damage":5.0,"enemies":"Shell Parasite","floor":28.0,"turns":4.0},{"damage":0.0,"enemies":"Snecko","floor":31.0,"turns":3.0},{"damage":40.0,"enemies":"Automaton","floor":33.0,"turns":10.0},{"damage":24.0,"enemies":"3 Darklings","floor":35.0,"turns":2.0},{"damage":26.0,"enemies":"Mind Bloom Boss Battle","floor":38.0,"turns":5.0},{"damage":21.0,"enemies":"Orb Walker","floor":39.0,"turns":3.0},{"damage":0.0,"enemies":"Nemesis","floor":41.0,"turns":5.0},{"damage":14.0,"enemies":"Sphere and 2 Shapes","floor":47.0,"turns":8.0},{"damage":0.0,"enemies":"Jaw Worm Horde","floor":48.0,"turns":1.0},{"damage":64.0,"enemies":"Time Eater","floor":50.0,"turns":8.0},{"damage":70,"enemies":"Awakened One","floor":51,"turns":5}],"seed_played":"-3678394165746566197","potions_obtained":[{"floor":4.0,"key":"Weak Potion"},{"floor":5.0,"key":"Poison Potion"},{"floor":12.0,"key":"AttackPotion"},{"floor":27.0,"key":"Dexterity Potion"},{"floor":33.0,"key":"EssenceOfSteel"},{"floor":35.0,"key":"FearPotion"}],"is_trial":false,"path_per_floor":["M","M","?","M","M","R","M","R","T","M","R","E","R","M","R","B",null,"M","?","?","?","$","R","$","R","T","E","M","R","?","M","R","B",null,"M","?","$","?","M","R","E","$","T","T","R","$","M","M","R","B","B"],"character_chosen":"IRONCLAD","items_purchased":["Feel No Pain","Medical Kit","Trip","Energy Potion","Chemical X","Panacea","Flex","Block Potion","Metallicize"],"campfire_rested":4,"item_purchase_floors":[22,22,22,22,37,37,37,42,46],"current_hp_per_floor":[69,66,41,47,42,42,31,31,31,37,37,36,36,38,62,68,79,57,16,16,8,8,32,32,32,32,8,9,33,33,39,63,29,69,51,51,51,31,18,18,26,26,26,26,26,26,34,52,52,35,0],"gold":90,"neow_bonus":"RANDOM_COMMON_RELIC","is_prod":false,"is_daily":false,"chose_seed":true,"campfire_upgraded":8,"win_rate":0,"timestamp":1552912607,"path_taken":["M","M","?","M","M","R","M","R","T","M","R","E","R","M","R","BOSS","M","?","?","?","$","R","?","R","T","E","?","R","?","?","R","BOSS","M","?","$","?","M","R","E","?","T","?","R","$","M","M","R","BOSS","BOSS"],"build_version":"2019-01-23","purchased_purges":1,"victory":false,"max_hp_per_floor":[82,82,82,82,82,82,82,82,82,82,82,82,82,82,82,82,82,82,82,82,82,82,82,82,82,82,82,82,82,82,82,82,82,82,82,82,82,82,82,82,82,82,82,82,82,82,82,82,82,82,82],"card_choices":[{"not_picked":["Reckless Charge","Anger"],"picked":"Twin Strike","floor":1.0},{"not_picked":["Searing Blow","Armaments"],"picked":"Pommel Strike","floor":2.0},{"not_picked":["Thunderclap","Rupture"],"picked":"Sword Boomerang","floor":4.0},{"not_picked":["Thunderclap","Sword Boomerang"],"picked":"Whirlwind","floor":5.0},{"not_picked":["Infernal Blade","Pommel Strike"],"picked":"Armaments","floor":7.0},{"not_picked":["Iron Wave","True Grit"],"picked":"Flame Barrier","floor":10.0},{"not_picked":["Flex","Second Wind","Iron Wave"],"picked":"SKIP","floor":12.0},{"not_picked":["Wild Strike","Sword Boomerang","Juggernaut"],"picked":"SKIP","floor":14.0},{"not_picked":["Berserk","Barricade"],"picked":"Fiend Fire","floor":16.0},{"not_picked":["Ghostly Armor","Disarm+1"],"picked":"Power Through+1","floor":18.0},{"not_picked":["Dropkick","Perfected Strike","Armaments"],"picked":"SKIP","floor":27.0},{"not_picked":["Flex+1","Pommel Strike"],"picked":"Clothesline","floor":28.0},{"not_picked":["Body Slam","Disarm"],"picked":"Limit Break","floor":31.0},{"not_picked":["Body Slam","Flex"],"picked":"Bloodletting","floor":35.0},{"not_picked":["Clothesline","Uppercut","Blood for Blood"],"picked":"SKIP","floor":39.0},{"not_picked":["Bloodletting","Rupture+1"],"picked":"Seeing Red","floor":41.0},{"not_picked":["Flex+1","Clash"],"picked":"True Grit+1","floor":47.0},{"not_picked":["Rampage","Iron Wave"],"picked":"Limit Break","floor":48.0}],"player_experience":513002,"relics_obtained":[{"floor":9.0,"key":"Pen Nib"},{"floor":12.0,"key":"MawBank"},{"floor":19.0,"key":"Red Mask"},{"floor":26.0,"key":"Happy Flower"},{"floor":27.0,"key":"Dodecahedron"},{"floor":38.0,"key":"Bird Faced Urn"},{"floor":41.0,"key":"Meat on the Bone"},{"floor":43.0,"key":"Pantograph"},{"floor":44.0,"key":"Mummified Hand"}],"event_choices":[{"damage_healed":0.0,"max_hp_gain":0.0,"max_hp_loss":0.0,"gold_gain":0.0,"event_name":"Shining Light","player_choice":"Entered Light","floor":3.0,"gold_loss":0.0,"damage_taken":25.0,"cards_upgraded":["Strike_R","Bash"]},{"damage_healed":0.0,"max_hp_gain":0.0,"max_hp_loss":0.0,"gold_gain":0.0,"event_name":"Masked Bandits","player_choice":"Fought Bandits","floor":19.0,"gold_loss":0.0,"damage_taken":0.0},{"damage_healed":0.0,"max_hp_gain":0.0,"max_hp_loss":0.0,"gold_gain":0.0,"event_name":"Drug Dealer","player_choice":"Obtain J.A.X.","floor":20.0,"gold_loss":0.0,"damage_taken":0.0,"cards_obtained":["J.A.X."]},{"damage_healed":0.0,"max_hp_gain":0.0,"max_hp_loss":0.0,"gold_gain":0.0,"event_name":"Colosseum","player_choice":"Fight","floor":21.0,"gold_loss":0.0,"damage_taken":0.0},{"damage_healed":0.0,"max_hp_gain":0.0,"max_hp_loss":0.0,"gold_gain":0.0,"event_name":"Colosseum","player_choice":"Fled From Nobs","floor":21.0,"gold_loss":0.0,"damage_taken":0.0},{"cards_removed":["Strike_R"],"damage_healed":0.0,"max_hp_gain":0.0,"max_hp_loss":0.0,"gold_gain":0.0,"event_name":"Purifier","player_choice":"Purged","floor":30.0,"gold_loss":0.0,"damage_taken":0.0},{"damage_healed":0.0,"max_hp_gain":0.0,"max_hp_loss":0.0,"gold_gain":222.0,"event_name":"Tomb of Lord Red Mask","player_choice":"Wore Mask","floor":36.0,"gold_loss":0.0,"damage_taken":0.0},{"damage_healed":0.0,"max_hp_gain":0.0,"max_hp_loss":0.0,"gold_gain":0.0,"event_name":"MindBloom","player_choice":"Fight","floor":38.0,"gold_loss":0.0,"damage_taken":0.0}],"is_beta":false,"boss_relics":[{"not_picked":["Runic Dome","Ectoplasm"],"picked":"Runic Pyramid"},{"not_picked":["Snecko Eye","Coffee Dripper"],"picked":"Philosopher\u0027s Stone"}],"items_purged_floors":[42],"is_endless":false,"potions_floor_spawned":[4,5,12,27,33,35,41],"killed_by":"Awakened One","ascension_level":20}