{"gold_per_floor":[112,112,130,141,159,159,170,95,119,119,19,169,169,169,169,247,247,220,235,235],"floor_reached":20,"playtime":806,"items_purged":["Strike_G","Strike_G"],"score":320,"play_id":"e2af70c9-a615-44f5-822f-be21eecc1e76","local_time":"20190226214503","is_ascension_mode":true,"campfire_choices":[{"data":"Neutralize","floor":6.0,"key":"SMITH"},{"floor":10,"key":"REST"},{"data":"Noxious Fumes","floor":13,"key":"SMITH"},{"floor":15,"key":"REST"}],"neow_cost":"TEN_PERCENT_HP_LOSS","seed_source_timestamp":32640695378037,"circlet_count":0,"master_deck":["AscendersBane","Defend_G","Defend_G","Defend_G","Defend_G","Defend_G","Strike_G","Strike_G","Strike_G","Survivor","Neutralize+1","Adrenaline+1","Infinite Blades","PiercingWail","Prepared","Noxious Fumes+1","Doubt","Pain","Adrenaline","Deadly Poison"],"special_seed":0,"relics":["Ring of the Snake","Pen Nib","WarpedTongs","Fusion Hammer"],"potions_floor_usage":[16,16],"damage_taken":[{"damage":0.0,"enemies":"Cultist","floor":1.0,"turns":3.0},{"damage":3.0,"enemies":"Jaw Worm","floor":3.0,"turns":4.0},{"damage":4.0,"enemies":"Small Slimes","floor":4.0,"turns":3.0},{"damage":26.0,"enemies":"Exordium Thugs","floor":5.0,"turns":7.0},{"damage":19,"enemies":"Gremlin Gang","floor":7,"turns":8},{"damage":19,"enemies":"The Guardian","floor":16,"turns":12},{"damage":12,"enemies":"2 Thieves","floor":18,"turns":4},{"damage":29,"enemies":"3 Byrds","floor":19,"turns":7},{"damage":16,"enemies":"Snake Plant","floor":20,"turns":1}],"seed_played":"-3506852969349742311","potions_obtained":[{"floor":1.0,"key":"Dexterity Potion"},{"floor":3.0,"key":"Block Potion"}],"is_trial":false,"path_per_floor":["M","?","M","M","M","R","M","$","T","R","$","?","R","?","R","B",null,"M","M","M"],"character_chosen":"THE_SILENT","items_purchased":[],"campfire_rested":2,"item_purchase_floors":[],"current_hp_per_floor":[59,59,56,52,26,26,7,7,7,25,25,25,25,25,43,24,51,39,10,0],"gold":235,"neow_bonus":"THREE_RARE_CARDS","is_prod":false,"is_daily":false,"chose_seed":false,"campfire_upgraded":2,"win_rate":0,"timestamp":1551246303,"path_taken":["M","?","M","M","?","R","M","?","T","R","$","?","R","?","R","BOSS","M","M","?"],"build_version":"2019-01-23","purchased_purges":2,"victory":false,"max_hp_per_floor":[60,60,60,60,60,60,60,60,60,60,60,60,60,60,60,60,60,60,60,60],"card_choices":[{"not_picked":["Grand Finale","Burst"],"picked":"Adrenaline","floor":0.0},{"not_picked":["Dagger Spray","Caltrops"],"picked":"Infinite Blades","floor":1.0},{"not_picked":["Quick Slash","Flying Knee","Acrobatics"],"picked":"SKIP","floor":3.0},{"not_picked":["Deflect","Flying Knee"],"picked":"PiercingWail","floor":4.0},{"not_picked":["Finisher","Slice"],"picked":"Prepared","floor":5.0},{"not_picked":["Poisoned Stab","Bane"],"picked":"Noxious Fumes","floor":7},{"not_picked":["Glass Knife","Doppelganger"],"picked":"Adrenaline","floor":16},{"not_picked":["Dagger Spray","Slice"],"picked":"Deadly Poison","floor":18},{"not_picked":["Dagger Spray","Dagger Throw","Bane"],"picked":"SKIP","floor":19}],"player_experience":1232380,"relics_obtained":[{"floor":9,"key":"Pen Nib"}],"event_choices":[{"damage_healed":0.0,"max_hp_gain":0.0,"max_hp_loss":0.0,"gold_gain":0.0,"event_name":"Upgrade Shrine","player_choice":"Upgraded","floor":2.0,"gold_loss":0.0,"damage_taken":0.0,"cards_upgraded":["Adrenaline"]},{"damage_healed":0,"gold_gain":150,"player_choice":"AGREE","damage_taken":0,"max_hp_gain":0,"max_hp_loss":0,"event_name":"Liars Game","floor":12,"gold_loss":0,"cards_obtained":["Doubt"]},{"damage_healed":0,"gold_gain":0,"player_choice":"Rummage","damage_taken":0,"relics_obtained":["WarpedTongs"],"max_hp_gain":0,"max_hp_loss":0,"event_name":"Accursed Blacksmith","floor":14,"gold_loss":0,"cards_obtained":["Pain"]}],"is_beta":false,"boss_relics":[{"not_picked":["WristBlade","Astrolabe"],"picked":"Fusion Hammer"}],"items_purged_floors":[8,11],"is_endless":false,"potions_floor_spawned":[1,3],"killed_by":"Snake Plant","ascension_level":19}