{"gold_per_floor":[115,115,132,150,169,198,218,235,258,258,258,268,293,310,310,405,405,415,435,107,134,144,177,189,204,283,295,324,324,324,339,339,438,438,454,454,468,478,478,510,510,520,520,539,539,539,539,550,550,550],"floor_reached":51,"playtime":7890,"items_purged":["Strike_B"],"score":739,"play_id":"e6ccb217-9858-4078-a9c8-6d43c1331c8f","local_time":"20180630162700","is_ascension_mode":false,"campfire_choices":[{"floor":10,"key":"REST"},{"floor":15,"key":"REST"},{"floor":29,"key":"REST"},{"data":"Machine Learning","floor":32,"key":"SMITH"},{"floor":41,"key":"REST"},{"data":"Creative AI","floor":45,"key":"SMITH"},{"data":"Buffer","floor":49,"key":"SMITH"}],"neow_cost":"","seed_source_timestamp":0,"circlet_count":0,"master_deck":["Strike_B","Strike_B","Strike_B","Defend_B","Defend_B","Defend_B","Zap","Dualcast","Loop","Glacier+1","Rainbow+1","Cold Snap","Conserve Battery+1","Sweeping Beam","Buffer+1","Cold Snap","Stack+1","Hello World","Machine Learning+1","Hologram+1","Coolheaded+1","Capacitor+1","Coolheaded+1","Chaos+1","Hello World","Conserve Battery+1","Chill+1","Go for the Eyes","Fission+1","Hologram+1","Capacitor","Sweeping Beam","Chill+1","Undo+1","Creative AI+1","Writhe","Tempest+1"],"special_seed":17711,"relics":["Black Star","Toxic Egg 2","Incense Burner","Thread and Needle","Potion Belt","Happy Flower","Orichalcum","Sozu","Pantograph","Oddly Smooth Stone","Bag of Preparation","Regal Pillow","Bottled Lightning","Pear","Letter Opener","Ice Cream","Lizard Tail","Lantern","Boot","Toolbox"],"potions_floor_usage":[11,18,28,28],"damage_taken":[{"damage":1.0,"enemies":"Small Slimes","floor":1.0,"turns":3.0},{"damage":1,"enemies":"Jaw Worm","floor":3,"turns":5},{"damage":3,"enemies":"Cultist","floor":4,"turns":6},{"damage":16,"enemies":"Lots of Slimes","floor":5,"turns":6},{"damage":11,"enemies":"3 Sentries","floor":6,"turns":12},{"damage":0,"enemies":"Red Slaver","floor":7,"turns":5},{"damage":13,"enemies":"Exordium Thugs","floor":8,"turns":5},{"damage":0,"enemies":"3 Louse","floor":11,"turns":1},{"damage":0,"enemies":"Red Slaver","floor":12,"turns":5},{"damage":2,"enemies":"Lagavulin","floor":13,"turns":6},{"damage":0,"enemies":"Looter","floor":14,"turns":3},{"damage":9,"enemies":"Hexaghost","floor":16,"turns":11},{"damage":11,"enemies":"3 Byrds","floor":18,"turns":7},{"damage":14,"enemies":"Chosen","floor":19,"turns":7},{"damage":0,"enemies":"Snake Plant","floor":22,"turns":6},{"damage":32,"enemies":"Gremlin Leader","floor":23,"turns":10},{"damage":0,"enemies":"Centurion and Healer","floor":24,"turns":7},{"damage":0,"enemies":"3 Cultists","floor":25,"turns":9},{"damage":0,"enemies":"Snake Plant","floor":27,"turns":4},{"damage":0,"enemies":"Book of Stabbing","floor":28,"turns":6},{"damage":0,"enemies":"Centurion and Healer","floor":31,"turns":8},{"damage":4,"enemies":"Collector","floor":33,"turns":13},{"damage":0,"enemies":"3 Shapes","floor":35,"turns":7},{"damage":13,"enemies":"3 Darklings","floor":37,"turns":7},{"damage":28,"enemies":"4 Shapes","floor":38,"turns":6},{"damage":47,"enemies":"Giant Head","floor":40,"turns":14},{"damage":0,"enemies":"Maw","floor":42,"turns":9},{"damage":10,"enemies":"Sphere and 2 Shapes","floor":44,"turns":6},{"damage":0,"enemies":"4 Shapes","floor":48,"turns":4},{"damage":75,"enemies":"Awakened One","floor":50,"turns":18}],"seed_played":"3548302456430563675","potions_obtained":[{"floor":5,"key":"SteroidPotion"},{"floor":6,"key":"Strength Potion"},{"floor":7,"key":"SmokeBomb"},{"floor":8,"key":"Weak Potion"},{"floor":13,"key":"Explosive Potion"}],"is_trial":false,"path_per_floor":["M","?","M","M","M","E","M","M","T","R","M","M","E","M","R","B",null,"M","M","$","T","M","E","M","M","T","M","E","R","T","M","R","B",null,"M","?","M","M","?","E","R","M","T","M","R","?","?","M","R","B"],"character_chosen":"DEFECT","items_purchased":["Pantograph"],"campfire_rested":4,"item_purchase_floors":[20],"current_hp_per_floor":[74,71,70,67,51,40,40,27,27,49,49,49,47,47,69,60,75,64,50,50,50,50,18,18,18,18,18,28,68,68,68,68,81,85,85,85,72,44,44,42,82,82,82,72,72,72,85,85,85,10],"gold":550,"neow_bonus":"","is_prod":false,"is_daily":false,"chose_seed":false,"campfire_upgraded":3,"win_rate":0.0,"timestamp":1530368820,"path_taken":["M","?","M","?","M","E","M","M","T","R","?","M","E","M","R","BOSS","M","M","$","?","M","E","M","?","T","M","E","R","?","M","R","BOSS","M","?","M","M","?","E","R","M","T","?","R","?","?","M","R","BOSS"],"build_version":"2018-06-28","purchased_purges":1,"victory":true,"max_hp_per_floor":[75,75,75,75,75,75,75,75,75,75,75,75,75,75,75,75,75,75,75,75,75,75,75,75,75,75,75,85,85,85,85,85,85,85,85,85,85,85,85,85,85,85,85,85,85,85,85,85,85,85],"card_choices":[{"not_picked":["Steam","Beam Cell"],"picked":"Loop","floor":1},{"not_picked":["Steam+1","Stack+1"],"picked":"Glacier+1","floor":3},{"not_picked":["Hologram+1","Consume+1"],"picked":"Rainbow+1","floor":4},{"not_picked":["Sweeping Beam","Lockon"],"picked":"Cold Snap","floor":5},{"not_picked":["Gash","Go for the Eyes"],"picked":"Conserve Battery+1","floor":6},{"not_picked":["Steam+1","Defragment"],"picked":"Sweeping Beam","floor":7},{"not_picked":["Go for the Eyes","Aggregate+1"],"picked":"Buffer","floor":8},{"not_picked":["Gash","White Noise+1"],"picked":"Cold Snap","floor":12},{"not_picked":["Go for the Eyes","Capacitor"],"picked":"Stack+1","floor":13},{"not_picked":["Storm","Hologram+1"],"picked":"Hello World","floor":14},{"not_picked":["All For One","Amplify+1"],"picked":"Machine Learning","floor":16},{"not_picked":["Ball Lightning+1","Barrage+1"],"picked":"Hologram+1","floor":18},{"not_picked":["Hologram+1","Stack+1"],"picked":"Coolheaded+1","floor":19},{"not_picked":["Gash+1","Leap+1"],"picked":"Capacitor","floor":22},{"not_picked":["Beam Cell","Aggregate+1"],"picked":"Coolheaded+1","floor":23},{"not_picked":["Rebound","Auto Shields+1"],"picked":"Chaos+1","floor":24},{"not_picked":["Stack+1","Streamline+1"],"picked":"Hello World","floor":25},{"not_picked":["Leap+1","Streamline"],"picked":"Conserve Battery+1","floor":27},{"not_picked":["Force Field+1","Steam+1"],"picked":"Chill+1","floor":28},{"not_picked":["Auto Shields+1","Steam+1"],"picked":"Go for the Eyes","floor":31},{"not_picked":["Amplify+1","Reboot+1"],"picked":"Fission+1","floor":33},{"not_picked":["Heatsinks+1","Gash+1"],"picked":"Hologram+1","floor":35},{"not_picked":["Hello World+1","Cold Snap"],"picked":"Capacitor","floor":37},{"not_picked":["Steam+1","Coolheaded+1"],"picked":"Sweeping Beam","floor":38},{"not_picked":["Heatsinks","Beam Cell+1"],"picked":"Chill+1","floor":40},{"not_picked":["Heatsinks+1","BootSequence+1"],"picked":"Undo+1","floor":42},{"not_picked":["Go for the Eyes+1","Compile Driver+1"],"picked":"Creative AI","floor":44},{"not_picked":["Streamline","Rebound+1"],"picked":"Tempest+1","floor":48}],"player_experience":10240,"relics_obtained":[{"floor":6,"key":"Incense Burner"},{"floor":6,"key":"Thread and Needle"},{"floor":9,"key":"Potion Belt"},{"floor":13,"key":"Happy Flower"},{"floor":13,"key":"Orichalcum"},{"floor":21,"key":"Oddly Smooth Stone"},{"floor":23,"key":"Bag of Preparation"},{"floor":23,"key":"Regal Pillow"},{"floor":26,"key":"Bottled Lightning"},{"floor":28,"key":"Pear"},{"floor":28,"key":"Letter Opener"},{"floor":30,"key":"Ice Cream"},{"floor":40,"key":"Lantern"},{"floor":40,"key":"Boot"},{"floor":43,"key":"Toolbox"}],"event_choices":[{"event_name":"Scrap Ooze","player_choice":"success","floor":2,"damage_taken":3},{"event_name":"Upgrade Shrine","player_choice":"Upgraded","floor":36,"damage_taken":0},{"event_name":"Falling","player_choice":"Removed Skill","floor":39,"damage_taken":0},{"event_name":"Tomb of Lord Red Mask","player_choice":"Ignored","floor":46,"damage_taken":0},{"event_name":"Winding Halls","player_choice":"Writhe","floor":47,"damage_taken":0}],"boss_relics":[{"not_picked":["Ectoplasm","Cursed Key"],"picked":"Sozu"},{"not_picked":["Philosopher\u0027s Stone","Velvet Choker"],"picked":"Lizard Tail"}],"items_purged_floors":[20],"is_endless":false,"potions_floor_spawned":[5,6,7,8,11,13,18,23,27,35,38,44,48],"ascension_level":0}