{"path_per_floor":["M","M","?","M","?","E","R","E","T","$","M","M","$","M","R"],"character_chosen":"DEFECT","items_purchased":["Finesse","Self Repair","Capacitor","Defragment","Ball Lightning","Redo"],"gold_per_floor":[217,237,237,253,253,284,284,317,317,90,108,125,16,27,27,27],"floor_reached":16,"campfire_rested":2,"playtime":1016,"item_purchase_floors":[10,10,10,13,13,13],"current_hp_per_floor":[61,52,52,44,41,13,35,7,7,7,14,13,13,8,30,0],"items_purged":["Strike_B"],"gold":27,"score":123,"play_id":"071b1a0e-d5cd-4cc0-bc9c-f8c21a1b01fe","local_time":"20180606214336","is_prod":false,"is_daily":false,"chose_seed":false,"is_ascension_mode":true,"campfire_upgraded":0,"win_rate":0,"timestamp":1528339416,"campfire_choices":[{"floor":7,"key":"REST"},{"floor":15,"key":"REST"}],"path_taken":["M","M","?","M","?","E","R","E","T","$","M","M","$","M","R","BOSS"],"build_version":"2018-05-31","seed_source_timestamp":199857119962536,"purchased_purges":1,"victory":false,"master_deck":["Strike_B","Strike_B","Strike_B","Defend_B","Defend_B","Defend_B","Defend_B","Zap+1","Dualcast","Consume","Chill","BootSequence","Go for the Eyes","Melter","Gash","Finesse","Self Repair","Capacitor","Sunder","Defragment","Ball Lightning","Redo","Gash"],"max_hp_per_floor":[75,75,75,75,75,75,75,75,75,75,75,75,75,75,75,75],"relics":["Cracked Core","Dream Catcher","The Courier","Art of War","Vajra"],"card_choices":[{"not_picked":["Redo","Stack"],"picked":"Consume","floor":1},{"not_picked":["Recycle","Barrage"],"picked":"Chill","floor":2},{"not_picked":["Doom and Gloom","Melter"],"picked":"BootSequence","floor":4},{"not_picked":["Cold Snap","Chill"],"picked":"Go for the Eyes","floor":6},{"not_picked":["Turbo","Chill"],"picked":"Melter","floor":7},{"not_picked":["Hello World","Turbo"],"picked":"Gash","floor":8},{"not_picked":["Compile Driver","Stack"],"picked":"Sunder","floor":11},{"not_picked":["Streamline","Aggregate","Self Repair"],"picked":"SKIP","floor":12},{"not_picked":["Amplify","Double Energy","Turbo"],"picked":"SKIP","floor":14},{"not_picked":["Streamline","Ball Lightning"],"picked":"Gash","floor":15}],"player_experience":190933,"potions_floor_usage":[6,16,16],"damage_taken":[{"damage":14,"enemies":"Small Slimes","floor":1,"turns":3},{"damage":9,"enemies":"2 Louse","floor":2,"turns":3},{"damage":8,"enemies":"Jaw Worm","floor":4,"turns":3},{"damage":28,"enemies":"Gremlin Nob","floor":6,"turns":5},{"damage":28,"enemies":"Lagavulin","floor":8,"turns":6},{"damage":0,"enemies":"Large Slime","floor":11,"turns":5},{"damage":1,"enemies":"2 Fungi Beasts","floor":12,"turns":3},{"damage":5,"enemies":"Gremlin Gang","floor":14,"turns":3},{"damage":33,"enemies":"The Guardian","floor":16,"turns":6}],"relics_obtained":[{"floor":6,"key":"The Courier"},{"floor":8,"key":"Art of War"},{"floor":9,"key":"Vajra"}],"event_choices":[{"event_name":"Living Wall","player_choice":"Grow","floor":3,"damage_taken":0},{"event_name":"Scrap Ooze","player_choice":"success","floor":5,"damage_taken":3}],"boss_relics":[],"items_purged_floors":[10],"potions_floor_spawned":[1,2,8,14],"seed_played":"-3247754512260052597","killed_by":"The Guardian","ascension_level":2,"potions_obtained":[{"floor":1,"key":"LiquidBronze"},{"floor":2,"key":"AttackPotion"},{"floor":8,"key":"Ancient Potion"},{"floor":14,"key":"Swift Potion"}],"is_trial":false}