{"gold_per_floor":[117,131,147,166,16,44,44,59,59,72,72,86,86,86,86,186,186,201,201,201,201,101,126,126,139,163,163,163],"floor_reached":28,"playtime":1292,"items_purged":["Defend_G","Defend_G"],"score":238,"play_id":"11a765b7-7a03-444a-b8d9-fe1e0e1a1060","local_time":"20190416230549","is_ascension_mode":false,"campfire_choices":[{"data":"Accuracy","floor":7,"key":"SMITH"},{"floor":11,"key":"REST"},{"data":"Infinite Blades","floor":15,"key":"SMITH"},{"floor":24,"key":"REST"}],"neow_cost":"NONE","seed_source_timestamp":533659762553727,"circlet_count":0,"master_deck":["Defend_G","Defend_G","Defend_G","Strike_G","Strike_G","Strike_G","Strike_G","Strike_G","Survivor","Neutralize","Backstab","Accuracy+1","Infinite Blades+1","Storm of Steel","Accuracy","J.A.X.","Infinite Blades"],"relics":["Ring of the Snake","Vajra","Anchor","Mummified Hand","HoveringKite","Kunai","Pen Nib","Smiling Mask"],"potions_floor_usage":[16,16,23,28,28],"damage_taken":[{"damage":3,"enemies":"Jaw Worm","floor":1,"turns":3},{"damage":0,"enemies":"2 Louse","floor":2,"turns":3},{"damage":0,"enemies":"Cultist","floor":3,"turns":3},{"damage":2,"enemies":"3 Louse","floor":4,"turns":4},{"damage":28,"enemies":"3 Sentries","floor":6,"turns":10},{"damage":4,"enemies":"Blue Slaver","floor":8,"turns":4},{"damage":7,"enemies":"Exordium Thugs","floor":10,"turns":5},{"damage":0,"enemies":"Large Slime","floor":12,"turns":4},{"damage":43,"enemies":"Hexaghost","floor":16,"turns":10},{"damage":12,"enemies":"Chosen","floor":18,"turns":5},{"damage":51,"enemies":"Book of Stabbing","floor":23,"turns":7},{"damage":16,"enemies":"Shell Parasite","floor":25,"turns":8},{"damage":24,"enemies":"Centurion and Healer","floor":28,"turns":3}],"seed_played":"-4460263420672735395","potions_obtained":[{"floor":1,"key":"Fire Potion"},{"floor":4,"key":"Ancient Potion"},{"floor":12,"key":"SteroidPotion"},{"floor":16,"key":"EssenceOfSteel"},{"floor":23,"key":"Fire Potion"}],"is_trial":false,"path_per_floor":["M","M","M","M","$","E","R","M","T","M","R","M","?","$","R","B",null,"M","?","?","?","$","E","R","M","T","T","M"],"character_chosen":"THE_SILENT","items_purchased":["Accuracy"],"campfire_rested":2,"item_purchase_floors":[5],"current_hp_per_floor":[67,67,67,65,65,37,37,33,33,26,47,47,47,47,47,4,70,58,58,58,58,58,7,28,12,12,12,0],"gold":163,"neow_bonus":"RANDOM_COMMON_RELIC","is_prod":false,"is_daily":false,"chose_seed":false,"campfire_upgraded":2,"win_rate":0.0,"timestamp":1555470349,"path_taken":["M","M","M","M","$","E","R","M","T","M","R","M","?","$","R","BOSS","M","?","?","?","$","E","R","M","T","?","?"],"build_version":"2019-01-23","purchased_purges":2,"victory":false,"max_hp_per_floor":[70,70,70,70,70,70,70,70,70,70,70,70,70,70,70,70,70,70,70,70,70,70,70,70,70,70,70,70],"card_choices":[{"not_picked":["Noxious Fumes","Expertise","Flying Knee"],"picked":"SKIP","floor":1},{"not_picked":["Footwork","PiercingWail","Terror"],"picked":"SKIP","floor":2},{"not_picked":["Deadly Poison","Dagger Throw","Calculated Gamble"],"picked":"SKIP","floor":3},{"not_picked":["Acrobatics","Outmaneuver"],"picked":"Backstab","floor":4},{"not_picked":["PiercingWail","Poisoned Stab","Dagger Throw"],"picked":"SKIP","floor":6},{"not_picked":["Deflect","Sucker Punch","Flechettes"],"picked":"SKIP","floor":8},{"not_picked":["Outmaneuver","Dagger Throw"],"picked":"Infinite Blades","floor":10},{"not_picked":["Poisoned Stab","Wraith Form v2","Terror"],"picked":"SKIP","floor":12},{"not_picked":["Glass Knife","Adrenaline"],"picked":"Storm of Steel","floor":16},{"not_picked":["Bane","Backstab","PiercingWail+1"],"picked":"SKIP","floor":18},{"not_picked":["Deflect","Poisoned Stab","Venomology"],"picked":"SKIP","floor":23},{"not_picked":["Caltrops+1","Backflip"],"picked":"Infinite Blades","floor":25}],"player_experience":38324,"relics_obtained":[{"floor":6,"key":"Anchor"},{"floor":9,"key":"Mummified Hand"},{"floor":23,"key":"Kunai"},{"floor":26,"key":"Pen Nib"},{"floor":27,"key":"Smiling Mask"}],"event_choices":[{"damage_healed":0,"gold_gain":0,"player_choice":"Ignored","damage_taken":0,"max_hp_gain":0,"max_hp_loss":0,"event_name":"Liars Game","floor":13,"gold_loss":0},{"damage_healed":0,"gold_gain":0,"player_choice":"Ignored","damage_taken":0,"max_hp_gain":0,"max_hp_loss":0,"event_name":"Vampires","floor":19,"gold_loss":0},{"damage_healed":0,"gold_gain":0,"player_choice":"Read","damage_taken":0,"max_hp_gain":0,"max_hp_loss":0,"event_name":"The Library","floor":20,"gold_loss":0,"cards_obtained":["Accuracy"]},{"damage_healed":0,"gold_gain":0,"player_choice":"Obtain J.A.X.","damage_taken":0,"max_hp_gain":0,"max_hp_loss":0,"event_name":"Drug Dealer","floor":21,"gold_loss":0,"cards_obtained":["J.A.X."]}],"is_beta":false,"boss_relics":[{"not_picked":["Cursed Key","Orrery"],"picked":"HoveringKite"}],"items_purged_floors":[5,22],"is_endless":false,"potions_floor_spawned":[1,4,12,16,23],"killed_by":"Centurion and Healer","ascension_level":0}