{"gold_per_floor":[112,187,112,132,32,32,32,51,51,51,85,104,104,119,119,216,216,227,227,237,162,194,220,220,95,121,121,138,154,154,185,185,286,286,297,519,107,107,153,153,153,166,166,184,184,184,215,215,215,215],"floor_reached":51,"playtime":4144,"items_purged":["Strike_R","Strike_R","Strike_R","Strike_R"],"score":742,"play_id":"e0f3a220-d9f4-4b70-ab5e-ef16cfe57fe6","local_time":"20180819172017","is_ascension_mode":true,"campfire_choices":[{"data":"Iron Wave","floor":6.0,"key":"SMITH"},{"data":"Bash","floor":10.0,"key":"SMITH"},{"data":"Headbutt","floor":13.0,"key":"SMITH"},{"data":"Clothesline","floor":15.0,"key":"SMITH"},{"data":"Iron Wave","floor":24,"key":"SMITH"},{"data":"Heavy Blade","floor":27,"key":"SMITH"},{"floor":32,"key":"REST"},{"data":"Heavy Blade","floor":40,"key":"SMITH"},{"data":"Defend_R","floor":45,"key":"SMITH"},{"data":"Defend_R","floor":49,"key":"SMITH"}],"neow_cost":"","seed_source_timestamp":0,"circlet_count":0,"master_deck":["Defend_R+1","Defend_R","Defend_R+1","Bash+1","Iron Wave+1","Heavy Blade+1","Shrug It Off+1","Headbutt+1","Clothesline+1","Heavy Blade+1","Iron Wave+1","Heavy Blade+1","RitualDagger","Shrug It Off+1","Sever Soul+1"],"special_seed":0,"relics":["Burning Blood","Strawberry","Ancient Tea Set","Snecko Eye","Red Mask","Magic Flower","Red Skull","Juzu Bracelet","Sozu","Shuriken","Bird Faced Urn","Champion Belt","Oddly Smooth Stone","Calipers"],"potions_floor_usage":[22,29,31,31,33],"damage_taken":[{"damage":6.0,"enemies":"2 Louse","floor":1.0,"turns":3.0},{"damage":7.0,"enemies":"Small Slimes","floor":4.0,"turns":4.0},{"damage":1.0,"enemies":"Cultist","floor":8.0,"turns":3.0},{"damage":21.0,"enemies":"Gremlin Nob","floor":11.0,"turns":4.0},{"damage":12.0,"enemies":"Exordium Wildlife","floor":12.0,"turns":5.0},{"damage":0.0,"enemies":"3 Louse","floor":14.0,"turns":3.0},{"damage":47.0,"enemies":"Slime Boss","floor":16.0,"turns":11.0},{"damage":24,"enemies":"Spheric Guardian","floor":18,"turns":4},{"damage":0,"enemies":"3 Byrds","floor":20,"turns":6},{"damage":1,"floor":22,"turns":3},{"damage":7,"enemies":"Book of Stabbing","floor":23,"turns":5},{"damage":2,"enemies":"Centurion and Healer","floor":28,"turns":5},{"damage":19,"enemies":"Sentry and Sphere","floor":29,"turns":6},{"damage":39,"enemies":"Slavers","floor":31,"turns":6},{"damage":37,"enemies":"Champ","floor":33,"turns":10},{"damage":0,"enemies":"3 Shapes","floor":35,"turns":3},{"damage":0,"floor":38,"turns":2},{"damage":7,"floor":39,"turns":3},{"damage":11,"enemies":"Orb Walker","floor":42,"turns":3},{"damage":0,"enemies":"Flame Bruiser 2 Orb","floor":44,"turns":3},{"damage":25,"enemies":"2 Orb Walkers","floor":47,"turns":4},{"damage":70,"enemies":"Time Eater","floor":50,"turns":8}],"seed_played":"-6014419698554807662","potions_obtained":[{"floor":8.0,"key":"Swift Potion"},{"floor":12.0,"key":"SpeedPotion"},{"floor":20,"key":"Fire Potion"},{"floor":23,"key":"SpeedPotion"},{"floor":28,"key":"SpeedPotion"},{"floor":31,"key":"Poison Potion"},{"floor":33,"key":"SkillPotion"}],"is_trial":false,"path_per_floor":["M","?","$","M","$","R","$","M","T","R","E","M","R","M","R","B",null,"M","?","M","?","?","E","R","$","T","R","M","M","?","E","R","B",null,"M","?","$","?","?","R","?","M","T","M","R","?","E","?","R","B"],"character_chosen":"IRONCLAD","items_purchased":["Shuriken"],"campfire_rested":1,"item_purchase_floors":[37],"current_hp_per_floor":[80,69,69,68,68,68,68,73,80,80,65,59,59,65,65,24,87,69,69,75,75,80,79,79,79,79,79,86,76,70,40,66,38,87,87,87,87,87,87,87,87,85,85,87,87,87,71,71,71,10],"gold":215,"neow_bonus":"","is_prod":false,"is_daily":false,"chose_seed":false,"campfire_upgraded":9,"win_rate":0,"timestamp":1534717217,"path_taken":["M","?","$","M","?","R","?","M","T","R","E","M","R","M","R","BOSS","M","?","M","?","?","E","R","$","T","R","M","M","?","E","R","BOSS","M","?","$","?","?","R","?","M","T","M","R","?","E","?","R","BOSS"],"build_version":"2018-08-16","purchased_purges":4,"victory":true,"max_hp_per_floor":[80,80,80,80,80,80,80,80,87,87,87,87,87,87,87,87,87,87,87,87,87,87,87,87,87,87,87,87,87,87,87,87,87,87,87,87,87,87,87,87,87,87,87,87,87,87,87,87,87,87],"card_choices":[{"not_picked":["Wild Strike","Perfected Strike"],"picked":"Iron Wave","floor":1.0},{"not_picked":["Battle Trance","Body Slam"],"picked":"Heavy Blade","floor":4.0},{"not_picked":["Flame Barrier","Spot Weakness","Evolve"],"picked":"SKIP","floor":8.0},{"not_picked":["Cleave","Dropkick"],"picked":"Shrug It Off","floor":11.0},{"not_picked":["Warcry","Perfected Strike"],"picked":"Headbutt","floor":12.0},{"not_picked":["Limit Break","Clash"],"picked":"Clothesline","floor":14.0},{"not_picked":["Ghostly Armor+1","Flex","Headbutt"],"picked":"SKIP","floor":18},{"not_picked":["Twin Strike","Evolve"],"picked":"Heavy Blade","floor":20},{"not_picked":["Armaments","Metallicize+1"],"picked":"Iron Wave","floor":22},{"not_picked":["Shockwave","Clash+1"],"picked":"Heavy Blade+1","floor":23},{"not_picked":["Body Slam","Metallicize","Combust+1"],"picked":"SKIP","floor":28},{"not_picked":["Barricade","Ghostly Armor","Armaments"],"picked":"SKIP","floor":29},{"not_picked":["Body Slam","Pommel Strike","Headbutt"],"picked":"SKIP","floor":31},{"not_picked":["Bloodletting","Entrench+1","True Grit+1"],"picked":"SKIP","floor":35},{"not_picked":["Shockwave","Dropkick+1"],"picked":"Shrug It Off+1","floor":39},{"not_picked":["Sword Boomerang+1","Headbutt"],"picked":"Sever Soul+1","floor":42},{"not_picked":["Headbutt","Dual Wield","Warcry"],"picked":"SKIP","floor":44},{"not_picked":["Uppercut","Sentinel+1","Evolve"],"picked":"SKIP","floor":47},{"not_picked":["Uppercut","Sentinel+1","Evolve"],"picked":"SKIP","floor":47}],"player_experience":356618,"relics_obtained":[{"floor":9.0,"key":"Strawberry"},{"floor":11.0,"key":"Ancient Tea Set"},{"floor":22,"key":"Red Mask"},{"floor":23,"key":"Magic Flower"},{"floor":26,"key":"Red Skull"},{"floor":31,"key":"Juzu Bracelet"},{"floor":38,"key":"Bird Faced Urn"},{"floor":39,"key":"Champion Belt"},{"floor":43,"key":"Oddly Smooth Stone"},{"floor":47,"key":"Calipers"}],"event_choices":[{"event_name":"World of Goop","player_choice":"Gather Gold","floor":2.0,"damage_taken":0.0},{"event_name":"Upgrade Shrine","player_choice":"Upgraded","floor":19,"damage_taken":0},{"event_name":"Beggar","player_choice":"Gave Gold","floor":21,"damage_taken":0},{"event_name":"Masked Bandits","player_choice":"Fought Bandits","floor":22,"damage_taken":0},{"event_name":"Nest","player_choice":"Joined the Cult","floor":30,"damage_taken":0},{"event_name":"Tomb of Lord Red Mask","player_choice":"Wore Mask","floor":36,"damage_taken":0},{"event_name":"MindBloom","player_choice":"Fight","floor":38,"damage_taken":0},{"event_name":"Mysterious Sphere","player_choice":"Fight","floor":39,"damage_taken":0},{"event_name":"SensoryStone","player_choice":"Memory 1","floor":41,"damage_taken":0},{"event_name":"Falling","player_choice":"Removed Skill","floor":46,"damage_taken":0},{"event_name":"Match and Keep!","player_choice":"0 cards matched","floor":48,"damage_taken":0}],"is_beta":false,"boss_relics":[{"not_picked":["Astrolabe","Empty Cage"],"picked":"Snecko Eye"},{"not_picked":["Philosopher\u0027s Stone","Runic Pyramid"],"picked":"Sozu"}],"items_purged_floors":[3,5,25,37],"is_endless":false,"potions_floor_spawned":[8,12,20,23,28,31,33,35,47],"ascension_level":1}