{"gold_per_floor":[116,41,61,75,2,30,50,85,108,125,125,139,139,39,39,134,134,153,153],"floor_reached":19,"playtime":807,"items_purged":["Strike_B","Strike_B"],"score":197,"play_id":"190c60ec-d436-43d5-af5c-74d10fdcd34d","local_time":"20190421214112","is_ascension_mode":true,"campfire_choices":[{"floor":11,"key":"REST"},{"data":"Defragment","floor":13,"key":"SMITH"},{"data":"Defragment","floor":15,"key":"SMITH"}],"neow_cost":"NONE","seed_source_timestamp":961097108318349,"circlet_count":0,"master_deck":["Strike_B","Strike_B","Defend_B","Defend_B","Defend_B","Defend_B","Zap","Dualcast","Defragment+1","Self Repair","Defragment+1","Storm","Machine Learning","Chill"],"relics":["Cracked Core","Gremlin Horn","Regal Pillow","Vajra","Cursed Key"],"potions_floor_usage":[10,16,19,19],"damage_taken":[{"damage":1,"enemies":"Cultist","floor":1,"turns":3},{"damage":12,"enemies":"Small Slimes","floor":3,"turns":3},{"damage":12,"enemies":"2 Louse","floor":4,"turns":3},{"damage":21,"enemies":"Lagavulin","floor":6,"turns":7},{"damage":13,"enemies":"Exordium Thugs","floor":7,"turns":4},{"damage":31,"enemies":"Gremlin Nob","floor":8,"turns":4},{"damage":12,"enemies":"Lots of Slimes","floor":10,"turns":3},{"damage":21,"enemies":"Blue Slaver","floor":12,"turns":3},{"damage":22,"enemies":"Slime Boss","floor":16,"turns":7},{"damage":24,"enemies":"2 Thieves","floor":18,"turns":4},{"damage":32,"enemies":"Colosseum Slavers","floor":19,"turns":5},{"damage":33,"enemies":"Colosseum Nobs","floor":19,"turns":3}],"seed_played":"3172603713804661465","potions_obtained":[{"floor":7,"key":"LiquidBronze"},{"floor":10,"key":"Regen Potion"},{"floor":12,"key":"Weak Potion"},{"floor":18,"key":"FocusPotion"}],"is_trial":false,"path_per_floor":["M","$","M","M","$","E","M","E","T","M","R","M","R","$","R","B",null,"M","?"],"character_chosen":"DEFECT","items_purchased":["Storm"],"campfire_rested":1,"item_purchase_floors":[5],"current_hp_per_floor":[74,74,62,57,57,43,37,13,13,1,38,24,24,24,24,18,75,58,0],"gold":153,"neow_bonus":"THREE_CARDS","is_prod":false,"is_daily":false,"chose_seed":false,"campfire_upgraded":2,"win_rate":0,"timestamp":1555897272,"path_taken":["M","$","M","M","$","E","?","E","T","M","R","M","R","$","R","BOSS","M","?"],"build_version":"2019-01-23","purchased_purges":2,"victory":false,"max_hp_per_floor":[75,75,75,75,75,75,75,75,75,75,75,75,75,75,75,75,75,75,75],"card_choices":[{"not_picked":["Steam","Ball Lightning"],"picked":"Defragment","floor":1},{"not_picked":["Rebound","Steam"],"picked":"Self Repair","floor":3},{"not_picked":["Compile Driver","Cold Snap"],"picked":"Defragment","floor":4},{"not_picked":["Sweeping Beam","Turbo","Steam"],"picked":"SKIP","floor":6},{"not_picked":["Conserve Battery","Turbo","Reinforced Body"],"picked":"SKIP","floor":7},{"not_picked":["Seek","Gash","Darkness"],"picked":"SKIP","floor":8},{"not_picked":["Coolheaded","Compile Driver","Steam"],"picked":"SKIP","floor":10},{"not_picked":["Stack","Steam Power","Sweeping Beam"],"picked":"SKIP","floor":12},{"not_picked":["Meteor Strike","Seek"],"picked":"Machine Learning","floor":16},{"not_picked":["Steam","Beam Cell"],"picked":"Chill","floor":18}],"player_experience":79193,"relics_obtained":[{"floor":6,"key":"Gremlin Horn"},{"floor":8,"key":"Regal Pillow"},{"floor":9,"key":"Vajra"}],"event_choices":[{"damage_healed":0,"gold_gain":0,"player_choice":"Fight","damage_taken":0,"max_hp_gain":0,"max_hp_loss":0,"event_name":"Colosseum","floor":19,"gold_loss":0},{"damage_healed":0,"gold_gain":0,"player_choice":"Fought Nobs","damage_taken":0,"max_hp_gain":0,"max_hp_loss":0,"event_name":"Colosseum","floor":19,"gold_loss":0}],"is_beta":false,"boss_relics":[{"not_picked":["Snecko Eye","Fusion Hammer"],"picked":"Cursed Key"}],"items_purged_floors":[2,14],"is_endless":false,"potions_floor_spawned":[7,10,12,18],"killed_by":"Colosseum Nobs","ascension_level":2}