{"gold_per_floor":[369,384,26,26,44,44,55,55,55,55,82,97,122,132,132,227,227,238,238,238,16,31,31,66,85,85,116,116,133,133,146,146,241,241,258,358,358,378,107,134,154,154,178,196,196,225,225,257,257,257,257,257,19,53,53],"floor_reached":56,"playtime":7421,"items_purged":["Strike_G+1"],"score":1487,"play_id":"0a03c0ad-ab31-4cae-9e26-c01f8edc8701","local_time":"20190129132122","is_ascension_mode":true,"campfire_choices":[{"data":"Neutralize","floor":6.0,"key":"SMITH"},{"data":"Phantasmal Killer","floor":8.0,"key":"SMITH"},{"data":"Bullet Time","floor":15.0,"key":"SMITH"},{"data":"A Thousand Cuts","floor":23.0,"key":"SMITH"},{"data":"Adrenaline","floor":30.0,"key":"SMITH"},{"data":"After Image","floor":32.0,"key":"SMITH"},{"data":"Envenom","floor":42.0,"key":"SMITH"},{"data":"Sucker Punch","floor":45.0,"key":"SMITH"},{"floor":49.0,"key":"RECALL"},{"data":"Blur","floor":52.0,"key":"SMITH"}],"neow_cost":"PERCENT_DAMAGE","seed_source_timestamp":348063240526333,"circlet_count":0,"master_deck":["Defend_G+1","Defend_G+1","Defend_G+1","Defend_G+1","Defend_G+1","Strike_G+1","Strike_G+1","Strike_G+1","Survivor","Neutralize+1","Terror","Flying Knee","Sucker Punch+1","Phantasmal Killer+1","After Image+1","Dagger Throw","Bullet Time+1","Blur+1","A Thousand Cuts+1","Backflip","Well Laid Plans","Dagger Spray","Adrenaline+1","Leg Sweep","PiercingWail+1","Dash","Envenom+1","Noxious Fumes","Deadly Poison+1","Noxious Fumes+1","After Image+1","Blade Dance+1","Footwork","Dodge and Roll+1"],"special_seed":0,"relics":["Ring of the Snake","Torii","Pantograph","Incense Burner","Art of War","Eternal Feather","Nilry\u0027s Codex","PreservedInsect","Oddly Smooth Stone","Bird Faced Urn","Strawberry","Sozu","Du-Vu Doll","DollysMirror","Tough Bandages","Ornamental Fan","Nunchaku","Bag of Marbles","Lantern"],"potions_floor_usage":[55],"damage_taken":[{"damage":0.0,"enemies":"Small Slimes","floor":1.0,"turns":3.0},{"damage":0.0,"enemies":"Cultist","floor":2.0,"turns":4.0},{"damage":2.0,"enemies":"Jaw Worm","floor":5.0,"turns":5.0},{"damage":0.0,"enemies":"3 Louse","floor":7.0,"turns":3.0},{"damage":7.0,"enemies":"Lagavulin","floor":11.0,"turns":6.0},{"damage":2.0,"enemies":"Exordium Thugs","floor":12.0,"turns":7.0},{"damage":19.0,"enemies":"Gremlin Nob","floor":13.0,"turns":4.0},{"damage":1.0,"enemies":"Red Slaver","floor":14.0,"turns":2.0},{"damage":15.0,"enemies":"The Guardian","floor":16.0,"turns":13.0},{"damage":17.0,"enemies":"Spheric Guardian","floor":18.0,"turns":5.0},{"damage":13.0,"enemies":"Chosen","floor":22.0,"turns":5.0},{"damage":21.0,"enemies":"Book of Stabbing","floor":24.0,"turns":5.0},{"damage":0.0,"enemies":"Centurion and Healer","floor":25.0,"turns":6.0},{"damage":33.0,"enemies":"Gremlin Leader","floor":27.0,"turns":7.0},{"damage":20.0,"enemies":"Cultist and Chosen","floor":29.0,"turns":5.0},{"damage":8.0,"enemies":"Chosen and Byrds","floor":31.0,"turns":4.0},{"damage":28.0,"enemies":"Collector","floor":33.0,"turns":11.0},{"damage":0.0,"enemies":"3 Shapes","floor":35.0,"turns":6.0},{"damage":0.0,"enemies":"Mind Bloom Boss Battle","floor":36.0,"turns":8.0},{"damage":0.0,"enemies":"Orb Walker","floor":38.0,"turns":3.0},{"damage":45.0,"enemies":"Nemesis","floor":40.0,"turns":7.0},{"damage":0.0,"enemies":"Jaw Worm Horde","floor":41.0,"turns":5.0},{"damage":7.0,"enemies":"4 Shapes","floor":44.0,"turns":6.0},{"damage":17.0,"enemies":"Giant Head","floor":46.0,"turns":8.0},{"damage":0.0,"enemies":"Reptomancer","floor":48.0,"turns":4.0},{"damage":37.0,"enemies":"Time Eater","floor":50.0,"turns":14.0},{"damage":0.0,"enemies":"Shield and Spear","floor":54.0,"turns":7.0},{"damage":70,"enemies":"The Heart","floor":55,"turns":13}],"seed_played":"-7647384904116605516","potions_obtained":[{"floor":1.0,"key":"Weak Potion"},{"floor":11.0,"key":"SkillPotion"},{"floor":12.0,"key":"FairyPotion"},{"floor":22.0,"key":"Fruit Juice"},{"floor":25.0,"key":"SteroidPotion"},{"floor":29.0,"key":"SpeedPotion"}],"is_trial":false,"path_per_floor":["M","M","$","?","M","R","M","R","T","?","E","M","E","M","R","B",null,"M","?","?","$","M","R","E","M","T","E","?","M","R","M","R","B",null,"M","?","?","M","$","E","M","R","T","M","R","E","?","E","R","B",null,"R","$","E","B",null],"character_chosen":"THE_SILENT","items_purchased":["Torii","Flying Knee","PreservedInsect","Well Laid Plans","DollysMirror","Footwork","Bag of Marbles"],"campfire_rested":0,"item_purchase_floors":[3,3,21,21,39,53,53],"current_hp_per_floor":[49,49,49,49,47,47,47,47,47,47,40,38,19,18,18,28,70,53,53,37,37,29,41,20,20,20,22,22,12,27,23,38,43,82,82,82,82,82,82,45,59,77,77,81,82,65,65,73,82,57,82,82,82,82,24],"gold":53,"neow_bonus":"TWO_FIFTY_GOLD","is_prod":false,"is_daily":false,"chose_seed":false,"campfire_upgraded":9,"win_rate":0,"timestamp":1548764482,"path_taken":["M","M","$","?","M","R","M","R","T","?","E","M","E","?","R","BOSS","M","?","?","$","M","R","E","M","T","E","?","?","R","M","R","BOSS","M","?","?","M","$","E","?","R","T","M","R","E","?","E","R","BOSS","R","$","E","BOSS"],"build_version":"2019-01-23","purchased_purges":1,"victory":true,"max_hp_per_floor":[70,70,70,70,70,70,70,70,70,70,70,70,70,70,70,70,70,70,70,70,70,75,75,75,75,75,82,82,82,82,82,82,82,82,82,82,82,82,82,82,82,82,82,82,82,82,82,82,82,82,82,82,82,82,82],"card_choices":[{"not_picked":["Flying Knee","Escape Plan"],"picked":"Terror","floor":1.0},{"not_picked":["Prepared","Leg Sweep"],"picked":"Dodge and Roll","floor":2.0},{"not_picked":["Poisoned Stab","Slice"],"picked":"Sucker Punch","floor":5.0},{"not_picked":["Slice","Distraction"],"picked":"Phantasmal Killer","floor":7.0},{"not_picked":["Outmaneuver","Flying Knee"],"picked":"After Image","floor":11.0},{"not_picked":["Slice","Flying Knee"],"picked":"Dagger Throw","floor":12.0},{"not_picked":["Flechettes","Tools of the Trade"],"picked":"Bullet Time","floor":13.0},{"not_picked":["Poisoned Stab","Concentrate"],"picked":"Blur","floor":14.0},{"not_picked":["Doppelganger","After Image"],"picked":"A Thousand Cuts","floor":16.0},{"not_picked":["Slice","Flying Knee+1"],"picked":"Backflip","floor":18.0},{"not_picked":["Flying Knee","Prepared+1"],"picked":"Dagger Spray","floor":22.0},{"not_picked":["Burst","Prepared"],"picked":"Adrenaline","floor":24.0},{"not_picked":["Acrobatics+1","Slice+1"],"picked":"Leg Sweep","floor":25.0},{"not_picked":["Dagger Spray","Deflect","Flying Knee+1"],"picked":"SKIP","floor":27.0},{"not_picked":["Dodge and Roll","Terror"],"picked":"PiercingWail+1","floor":29.0},{"not_picked":["After Image","Predator"],"picked":"Dash","floor":31.0},{"not_picked":["Unload","Storm of Steel"],"picked":"Envenom","floor":33.0},{"not_picked":["Cloak And Dagger","Dagger Throw"],"picked":"Noxious Fumes","floor":35.0},{"not_picked":["Endless Agony","Acrobatics+1"],"picked":"Deadly Poison+1","floor":36.0},{"not_picked":["Deadly Poison+1","Underhanded Strike+1"],"picked":"Noxious Fumes+1","floor":38.0},{"not_picked":["Accuracy+1","Storm of Steel"],"picked":"Blade Dance+1","floor":40.0},{"not_picked":["Choke","All Out Attack","Skewer+1"],"picked":"SKIP","floor":41.0},{"not_picked":["Dagger Throw+1","Deadly Poison","Underhanded Strike"],"picked":"SKIP","floor":44.0},{"not_picked":["Dagger Throw+1","Dagger Spray","Slice"],"picked":"SKIP","floor":46.0},{"not_picked":["Eviscerate","Slice+1","Setup"],"picked":"SKIP","floor":48.0},{"not_picked":["Dagger Spray+1","Deadly Poison+1"],"picked":"Dodge and Roll+1","floor":54.0}],"player_experience":164521,"relics_obtained":[{"floor":9.0,"key":"Pantograph"},{"floor":11.0,"key":"Incense Burner"},{"floor":13.0,"key":"Art of War"},{"floor":20.0,"key":"Nilry\u0027s Codex"},{"floor":24.0,"key":"Oddly Smooth Stone"},{"floor":26.0,"key":"Bird Faced Urn"},{"floor":27.0,"key":"Strawberry"},{"floor":36.0,"key":"Du-Vu Doll"},{"floor":40.0,"key":"Tough Bandages"},{"floor":46.0,"key":"Ornamental Fan"},{"floor":48.0,"key":"Nunchaku"},{"floor":54.0,"key":"Lantern"}],"event_choices":[{"damage_healed":0.0,"max_hp_gain":0.0,"max_hp_loss":0.0,"gold_gain":0.0,"event_name":"The Cleric","player_choice":"Leave","floor":4.0,"gold_loss":0.0,"damage_taken":0.0},{"cards_removed":["Strike_G"],"damage_healed":0.0,"max_hp_gain":0.0,"max_hp_loss":0.0,"gold_gain":0.0,"event_name":"Bonfire Elementals","player_choice":"Offered Basic","floor":10.0,"gold_loss":0.0,"damage_taken":0.0},{"damage_healed":0.0,"max_hp_gain":0.0,"max_hp_loss":0.0,"gold_gain":0.0,"event_name":"Back to Basics","player_choice":"Simplicity","floor":19.0,"gold_loss":0.0,"damage_taken":0.0,"cards_upgraded":["Defend_G","Defend_G","Defend_G","Defend_G","Defend_G","Strike_G","Strike_G","Strike_G","Strike_G"]},{"damage_healed":0.0,"max_hp_gain":0.0,"max_hp_loss":0.0,"gold_gain":0.0,"event_name":"Cursed Tome","player_choice":"Obtained Book","floor":20.0,"gold_loss":0.0,"damage_taken":16.0},{"damage_healed":0.0,"max_hp_gain":0.0,"max_hp_loss":0.0,"gold_gain":0.0,"event_name":"N\u0027loth","player_choice":"Ignored","floor":28.0,"gold_loss":0.0,"damage_taken":0.0},{"damage_healed":0.0,"max_hp_gain":0.0,"max_hp_loss":0.0,"gold_gain":0.0,"event_name":"MindBloom","player_choice":"Fight","floor":36.0,"gold_loss":0.0,"damage_taken":0.0},{"damage_healed":0.0,"max_hp_gain":0.0,"max_hp_loss":0.0,"gold_gain":0.0,"event_name":"The Woman in Blue","player_choice":"Bought 0 Potions","floor":37.0,"gold_loss":0.0,"damage_taken":0.0},{"cards_removed":["Dodge and Roll"],"damage_healed":0.0,"max_hp_gain":0.0,"max_hp_loss":0.0,"gold_gain":0.0,"event_name":"Falling","player_choice":"Removed Skill","floor":47.0,"gold_loss":0.0,"damage_taken":0.0}],"is_beta":false,"boss_relics":[{"not_picked":["Orrery","Busted Crown"],"picked":"Eternal Feather"},{"not_picked":["Snecko Eye","Astrolabe"],"picked":"Sozu"}],"items_purged_floors":[39],"is_endless":false,"potions_floor_spawned":[1,11,12,22,25,29,35,40,48,54],"ascension_level":4}