{"gold_per_floor":[116,127,138,138,138,138,181,181,206,220,66,66,110,133,133,259,259,282,301,301,301,321,321,352,262,317,350,350,366,382,83,83,207,207,228,242,242,24,43,84,84,84,84,84,117,117,117,161,161,161],"floor_reached":51,"playtime":8195,"items_purged":["Strike_B","Defend_B"],"score":756,"play_id":"f7d41b45-368b-42a5-b590-b47c9ca4ef4b","local_time":"20181006001233","is_ascension_mode":false,"campfire_choices":[{"data":"Dualcast","floor":6.0,"key":"SMITH"},{"data":"Ball Lightning","floor":8.0,"key":"SMITH"},{"data":"Hologram","floor":15.0,"key":"SMITH"},{"data":"Tempest","floor":23.0,"key":"SMITH"},{"floor":28.0,"key":"REST"},{"floor":32.0,"key":"REST"},{"floor":42,"key":"REST"},{"floor":46,"key":"REST"},{"floor":49,"key":"REST"}],"neow_cost":"NONE","seed_source_timestamp":0,"circlet_count":0,"master_deck":["Defend_B","Defend_B","Defend_B","Zap+1","Dualcast+1","BootSequence","Ball Lightning+1","Go for the Eyes","Chill","Echo Form","Glacier+1","Ball Lightning","Thunder Strike","Leap+1","Cold Snap","Tempest+1","Glacier","Auto Shields","Thunder Strike","Echo Form","Discovery","Defragment+1","Leap","FTL+1","Steam+1","Go for the Eyes+1"],"special_seed":0,"relics":["Cracked Core","Potion Belt","Golden Idol","Juzu Bracelet","Ancient Tea Set","Letter Opener","Omamori","Cursed Key","Enchiridion","Ginger","Tiny Chest","WingedGreaves","Gambling Chip","Empty Cage","Gremlin Horn","FaceOfCleric","Nunchaku","Darkstone Periapt","Happy Flower"],"potions_floor_usage":[50,50,50,50,50],"damage_taken":[{"damage":3.0,"enemies":"Jaw Worm","floor":1.0,"turns":4.0},{"damage":1.0,"enemies":"Cultist","floor":2.0,"turns":4.0},{"damage":0.0,"enemies":"Small Slimes","floor":3.0,"turns":2.0},{"damage":11.0,"enemies":"Lagavulin","floor":7.0,"turns":5.0},{"damage":0.0,"enemies":"Blue Slaver","floor":10.0,"turns":2.0},{"damage":10.0,"enemies":"3 Sentries","floor":13.0,"turns":6.0},{"damage":0.0,"enemies":"Exordium Wildlife","floor":14.0,"turns":3.0},{"damage":2.0,"enemies":"Slime Boss","floor":16.0,"turns":6.0},{"damage":11.0,"enemies":"2 Thieves","floor":18.0,"turns":3.0},{"damage":8.0,"enemies":"Shell Parasite","floor":19.0,"turns":5.0},{"damage":0.0,"enemies":"Snecko","floor":22.0,"turns":5.0},{"damage":8.0,"enemies":"Gremlin Leader","floor":24.0,"turns":8.0},{"damage":20.0,"enemies":"Book of Stabbing","floor":27.0,"turns":3.0},{"damage":8.0,"enemies":"Centurion and Healer","floor":29.0,"turns":5.0},{"damage":0.0,"enemies":"Cultist and Chosen","floor":30.0,"turns":3.0},{"damage":7.0,"enemies":"Champ","floor":33.0,"turns":10.0},{"damage":19,"enemies":"3 Darklings","floor":35,"turns":5},{"damage":7,"enemies":"3 Shapes","floor":36,"turns":5},{"damage":5,"enemies":"Reptomancer","floor":39,"turns":3},{"damage":7,"enemies":"Nemesis","floor":40,"turns":3},{"damage":27,"enemies":"Giant Head","floor":45,"turns":6},{"damage":0,"enemies":"Nemesis","floor":48,"turns":5},{"damage":8,"enemies":"Awakened One","floor":50,"turns":11}],"seed_played":"-1777457178460344938","potions_obtained":[{"floor":1.0,"key":"Strength Potion"},{"floor":3.0,"key":"SkillPotion"},{"floor":14.0,"key":"Energy Potion"},{"floor":16.0,"key":"Strength Potion"},{"floor":18.0,"key":"Dexterity Potion"},{"floor":19.0,"key":"LiquidBronze"},{"floor":29.0,"key":"EssenceOfSteel"},{"floor":33.0,"key":"FearPotion"},{"floor":45,"key":"Block Potion"}],"is_trial":false,"path_per_floor":["M","M","M","?","?","R","E","R","T","M","$","T","E","M","R","B",null,"M","M","?","?","M","R","E","?","T","E","R","M","M","$","R","B",null,"M","M","?","$","M","E","?","R","T","?","E","R","?","E","R","B"],"character_chosen":"DEFECT","items_purchased":["Glacier","Gambling Chip","Defragment","Leap"],"campfire_rested":5,"item_purchase_floors":[11,31,38,38],"current_hp_per_floor":[72,71,71,71,53,53,42,42,42,42,42,42,32,32,32,30,75,64,56,40,40,40,40,32,32,32,12,34,26,26,26,48,41,75,56,49,49,49,44,37,37,59,59,59,33,55,55,56,77,70],"gold":161,"neow_bonus":"RANDOM_COMMON_RELIC","is_prod":false,"is_daily":false,"chose_seed":false,"campfire_upgraded":4,"win_rate":0,"timestamp":1538809953,"path_taken":["M","M","M","?","?","R","E","R","T","M","$","?","E","M","R","BOSS","M","M","?","?","M","R","E","?","T","E","R","M","M","$","R","BOSS","M","M","?","$","M","E","?","R","T","?","E","R","?","E","R","BOSS"],"build_version":"2018-10-04v2","purchased_purges":2,"victory":true,"max_hp_per_floor":[75,75,75,75,75,75,75,75,75,75,75,75,75,75,75,75,75,75,75,75,75,75,75,75,75,75,75,75,75,75,75,75,75,75,75,75,75,75,75,75,75,75,75,75,76,76,76,77,77,78],"card_choices":[{"not_picked":["Sweeping Beam","Force Field"],"picked":"BootSequence","floor":1.0},{"not_picked":["Recycle","Scrape"],"picked":"Ball Lightning","floor":2.0},{"not_picked":["Barrage","Beam Cell"],"picked":"Go for the Eyes","floor":3.0},{"not_picked":["Streamline","Redo"],"picked":"Chill","floor":7.0},{"not_picked":["Conserve Battery","Cold Snap"],"picked":"Echo Form","floor":10.0},{"not_picked":["Beam Cell","Static Discharge"],"picked":"Ball Lightning","floor":13.0},{"not_picked":["Stack","Aggregate"],"picked":"Hologram","floor":14.0},{"not_picked":["Meteor Strike","Fission"],"picked":"Thunder Strike","floor":16.0},{"not_picked":["Rebound+1","Go for the Eyes"],"picked":"Leap+1","floor":18.0},{"not_picked":["Undo+1","Turbo"],"picked":"Cold Snap","floor":19.0},{"not_picked":["Stack","Scrape"],"picked":"Tempest","floor":22.0},{"not_picked":["Static Discharge","Turbo"],"picked":"Glacier","floor":24.0},{"not_picked":["Streamline","Sweeping Beam"],"picked":"Auto Shields","floor":27.0},{"not_picked":["Ball Lightning","Coolheaded"],"picked":"Thunder Strike","floor":29.0},{"not_picked":["Compile Driver","Cold Snap","Beam Cell"],"picked":"SKIP","floor":30.0},{"not_picked":["Reboot","Electrodynamics"],"picked":"Echo Form","floor":33.0},{"not_picked":["Recycle+1","Sweeping Beam","Coolheaded"],"picked":"SKIP","floor":35},{"not_picked":["Heatsinks+1","Stack","Turbo+1"],"picked":"SKIP","floor":36},{"not_picked":["Purity","Panacea"],"picked":"Discovery","floor":37},{"not_picked":["Streamline+1","Compile Driver","Double Energy"],"picked":"SKIP","floor":39},{"not_picked":["Rebound+1","Ball Lightning"],"picked":"FTL+1","floor":40},{"not_picked":["Turbo","Self Repair"],"picked":"Steam+1","floor":45},{"not_picked":["Electrodynamics","Hologram+1"],"picked":"Go for the Eyes+1","floor":48}],"player_experience":875273,"relics_obtained":[{"floor":7.0,"key":"Juzu Bracelet"},{"floor":9.0,"key":"Ancient Tea Set"},{"floor":12.0,"key":"Letter Opener"},{"floor":13.0,"key":"Omamori"},{"floor":20.0,"key":"Enchiridion"},{"floor":24.0,"key":"Ginger"},{"floor":26.0,"key":"Tiny Chest"},{"floor":27.0,"key":"WingedGreaves"},{"floor":40,"key":"Gremlin Horn"},{"floor":43,"key":"Nunchaku"},{"floor":45,"key":"Darkstone Periapt"},{"floor":48,"key":"Happy Flower"}],"event_choices":[{"event_name":"Upgrade Shrine","player_choice":"Upgraded","floor":4.0,"damage_taken":0.0},{"event_name":"Golden Idol","player_choice":"Take Damage","floor":5.0,"damage_taken":0.0},{"event_name":"Cursed Tome","player_choice":"Obtained Book","floor":20.0,"damage_taken":0.0},{"event_name":"Ghosts","player_choice":"Ignored","floor":21.0,"damage_taken":0.0},{"event_name":"Designer","player_choice":"Full Service","floor":25.0,"damage_taken":0.0},{"event_name":"SensoryStone","player_choice":"Memory 1","floor":37,"damage_taken":0},{"event_name":"FaceTrader","player_choice":"Trade","floor":41,"damage_taken":0},{"event_name":"Falling","player_choice":"Removed Skill","floor":44,"damage_taken":0},{"event_name":"Upgrade Shrine","player_choice":"Upgraded","floor":47,"damage_taken":0}],"is_beta":false,"boss_relics":[{"not_picked":["FrozenCore","Astrolabe"],"picked":"Cursed Key"},{"not_picked":["Orrery","Snecko Eye"],"picked":"Empty Cage"}],"items_purged_floors":[11,38],"is_endless":false,"potions_floor_spawned":[1,3,14,16,18,19,29,33,45],"ascension_level":0}