{"path_per_floor":["M","?","T","M","?","R","M","R","T","$","R","M","M","E","R","B",null,"M","$","?","?","M","R","E","R","T","?","R","$","M","M","R","B",null,"M","M","M"],"character_chosen":"DEFECT","items_purchased":["Frozen Egg 2","Defragment","BootSequence","Axe Kick"],"gold_per_floor":[365,315,315,326,326,326,339,339,339,50,50,73,96,129,129,248,248,272,120,120,120,138,138,173,173,173,98,98,51,74,90,90,209,209,222,241,259,259],"floor_reached":38,"campfire_rested":3,"playtime":3156,"current_hp_per_floor":[37,37,37,37,19,41,40,40,40,40,40,37,28,4,26,38,75,64,64,64,64,52,52,52,52,52,52,52,52,52,43,65,50,75,75,55,42,0],"items_purged":["Defend_B"],"gold":259,"score":469,"play_id":"9c15857c-4ff4-49d0-b3cc-564a7ac10f92","local_time":"20180505185817","is_prod":false,"is_daily":false,"chose_seed":false,"is_ascension_mode":false,"campfire_upgraded":5,"timestamp":1525564697,"path_taken":["M","?","?","M","?","R","M","R","T","$","R","M","M","E","R","BOSS","M","$","?","?","M","R","E","R","T","?","R","$","M","M","R","BOSS","M","M","M","M"],"build_version":"2018-05-03","seed_source_timestamp":12250004980384,"purchased_purges":3,"victory":false,"master_deck":["Strike_B+1","Strike_B+1","Strike_B+1","Defend_B+1","Defend_B+1","Defend_B+1","Zap+1","Coolheaded","Beam Cell+1","Axe Kick","Defragment+1","Ball Lightning","Buffer+1","Seek+1","FTL+1","BootSequence","Leap+1","BootSequence","Lockon","Axe Kick","Leap+1","Hello World+1","Biased Cognition+1","Rip and Tear+1","Loop+1"],"max_hp_per_floor":[75,75,75,75,75,75,75,75,75,75,75,75,75,75,75,75,75,75,75,75,75,75,75,75,75,75,75,75,75,75,75,75,75,75,75,75,75,75],"relics":["Cracked Core","Shuriken","Golden Idol","Matryoshka","Frozen Egg 2","Meat on the Bone","Philosopher\u0027s Stone","Toxic Egg 2","Lantern","Kunai","Sozu"],"card_choices":[{"not_picked":["Turbo","Sweeping Beam"],"picked":"Coolheaded","floor":1},{"not_picked":["Conserve Battery","Coolheaded"],"picked":"Beam Cell","floor":4},{"not_picked":["Hello World","Darkness"],"picked":"Axe Kick","floor":7},{"not_picked":["Axe Kick","Coolheaded"],"picked":"Ball Lightning","floor":12},{"not_picked":["Self Repair","All For One"],"picked":"Buffer","floor":14},{"not_picked":["Multi-Cast","Fission"],"picked":"Seek","floor":16},{"not_picked":["Capacitor","Impulse"],"picked":"FTL","floor":18},{"not_picked":["Storm","Rip and Tear"],"picked":"BootSequence","floor":22},{"not_picked":["Coolheaded","Turbo"],"picked":"Lockon","floor":24},{"not_picked":["Stack","Barrage"],"picked":"Leap","floor":30},{"not_picked":["Cold Snap","Auto Shields"],"picked":"Hello World","floor":31},{"not_picked":["Nova","Multi-Cast"],"picked":"Biased Cognition","floor":33},{"not_picked":["Go for the Eyes","Streamline"],"picked":"Rip and Tear","floor":36},{"not_picked":["Cold Snap","Hologram"],"picked":"Loop","floor":37}],"player_experience":16412,"potions_floor_usage":[14,16],"damage_taken":[{"damage":1,"enemies":"Jaw Worm","floor":1,"turns":4},{"damage":0,"enemies":"Cultist","floor":4,"turns":4},{"damage":1,"enemies":"2 Louse","floor":7,"turns":3},{"damage":3,"enemies":"Looter","floor":12,"turns":2},{"damage":9,"enemies":"3 Louse","floor":13,"turns":3},{"damage":24,"enemies":"3 Sentries","floor":14,"turns":4},{"damage":0,"enemies":"Slime Boss","floor":16,"turns":7},{"damage":11,"enemies":"Shell Parasite","floor":18,"turns":4},{"damage":12,"enemies":"2 Thieves","floor":22,"turns":4},{"damage":0,"enemies":"Gremlin Leader","floor":24,"turns":5},{"damage":0,"enemies":"Centurion and Healer","floor":30,"turns":5},{"damage":9,"enemies":"Snake Plant","floor":31,"turns":4},{"damage":15,"enemies":"Collector","floor":33,"turns":11},{"damage":0,"enemies":"Flame Bruiser 1 Orb","floor":35,"turns":6},{"damage":20,"enemies":"3 Darklings","floor":36,"turns":5},{"damage":13,"enemies":"Flame Bruiser 2 Orb","floor":37,"turns":5},{"damage":42,"enemies":"Sphere and 2 Shapes","floor":38,"turns":3}],"event_choices":[{"event_name":"The Cleric","player_choice":"Card Removal","floor":2,"damage_taken":0},{"event_name":"Golden Idol","player_choice":"Take Damage","floor":5,"damage_taken":0},{"event_name":"Back to Basics","player_choice":"Simplicity","floor":20,"damage_taken":0},{"event_name":"The Library","player_choice":"Read","floor":21,"damage_taken":0},{"event_name":"Beggar","player_choice":"Gave Gold","floor":27,"damage_taken":0}],"boss_relics":[{"not_picked":["Tiny House","Ectoplasm"],"picked":"Philosopher\u0027s Stone"},{"not_picked":["Nuclear Battery","Black Star"],"picked":"Sozu"}],"potions_floor_spawned":[4,12,18,30,33,36,37],"seed_played":"-3281775631401336727","killed_by":"Sphere and 2 Shapes","ascension_level":0,"is_trial":false}