{"gold_per_floor":[20,20,43,67,85,129,154,185,185,185,199,217,235,258,258,379,379,400,418,23,39,39,80,106,142,167,167,167,180,23,38,38,163,163,182,203,271,0,0,35,58,79,102,102,141,141,174,192,192,192],"floor_reached":51,"playtime":2183,"items_purged":["Strike_R"],"score":918,"play_id":"65ce76c8-08ba-4120-8b66-09222e0bdbf9","local_time":"20181010220808","is_ascension_mode":false,"campfire_choices":[{"data":"Bludgeon","floor":15.0,"key":"SMITH"},{"data":"Immolate","floor":28.0,"key":"SMITH"},{"data":"Reaper","floor":32.0,"key":"SMITH"},{"data":"Juggernaut","floor":44.0,"key":"SMITH"},{"data":"Shockwave","floor":46.0,"key":"SMITH"},{"data":"Bash","floor":49.0,"key":"SMITH"}],"neow_cost":"NO_GOLD","seed_source_timestamp":0,"circlet_count":0,"master_deck":["Strike_R","Strike_R","Strike_R","Defend_R","Defend_R","Defend_R","Defend_R","Bash+1","Bludgeon+1","Clothesline","Shrug It Off","Ghostly Armor","Immolate+1","Battle Trance","Armaments","Reaper+1","Impervious","Shrug It Off+1","Clothesline","Necronomicurse","True Grit+1","Juggernaut+1","Iron Wave","Armaments+1","Pommel Strike+1","Flame Barrier+1","Shockwave+1"],"special_seed":0,"relics":["Burning Blood","Golden Idol","Oddly Smooth Stone","Letter Opener","Regal Pillow","Snecko Eye","Kunai","Pen Nib","Potion Belt","Mercury Hourglass","Centennial Puzzle","Necronomicon","Bronze Scales","Runic Cube","Champion Belt","Red Mask","Singing Bowl","Omamori","Ginger","Blood Vial"],"potions_floor_usage":[50,50,50],"damage_taken":[{"damage":1.0,"enemies":"Cultist","floor":1.0,"turns":3.0},{"damage":3.0,"enemies":"Small Slimes","floor":3.0,"turns":2.0},{"damage":2.0,"enemies":"2 Louse","floor":4.0,"turns":2.0},{"damage":4.0,"enemies":"Looter","floor":5.0,"turns":3.0},{"damage":21.0,"enemies":"3 Sentries","floor":6.0,"turns":10.0},{"damage":13.0,"enemies":"Blue Slaver","floor":7.0,"turns":5.0},{"damage":19.0,"enemies":"Lagavulin","floor":8.0,"turns":6.0},{"damage":1.0,"enemies":"2 Fungi Beasts","floor":11.0,"turns":3.0},{"damage":0.0,"enemies":"Exordium Wildlife","floor":12.0,"turns":4.0},{"damage":3.0,"enemies":"Blue Slaver","floor":13.0,"turns":2.0},{"damage":6.0,"enemies":"Large Slime","floor":14.0,"turns":5.0},{"damage":25.0,"enemies":"The Guardian","floor":16.0,"turns":12.0},{"damage":6.0,"enemies":"3 Byrds","floor":18.0,"turns":6.0},{"damage":4.0,"enemies":"2 Thieves","floor":19.0,"turns":3.0},{"damage":0.0,"enemies":"Centurion and Healer","floor":21.0,"turns":3.0},{"damage":0.0,"enemies":"Gremlin Leader","floor":23.0,"turns":3.0},{"damage":4.0,"enemies":"Book of Stabbing","floor":25.0,"turns":6.0},{"damage":10.0,"enemies":"Shelled Parasite and Fungi","floor":29.0,"turns":4.0},{"damage":0.0,"enemies":"3 Cultists","floor":31.0,"turns":3.0},{"damage":0.0,"enemies":"Automaton","floor":33.0,"turns":6.0},{"damage":19.0,"enemies":"3 Shapes","floor":35.0,"turns":3.0},{"damage":0.0,"enemies":"3 Darklings","floor":36.0,"turns":3.0},{"damage":6.0,"enemies":"Mysterious Sphere","floor":37.0,"turns":3.0},{"damage":39.0,"enemies":"Nemesis","floor":40.0,"turns":7.0},{"damage":10.0,"enemies":"Maw","floor":41.0,"turns":6.0},{"damage":0.0,"enemies":"Sphere and 2 Shapes","floor":42.0,"turns":1.0},{"damage":2.0,"enemies":"Giant Head","floor":45.0,"turns":6.0},{"damage":8.0,"enemies":"2 Orb Walkers","floor":47.0,"turns":3.0},{"damage":7.0,"enemies":"Spire Growth","floor":48.0,"turns":3.0},{"damage":19,"enemies":"Awakened One","floor":50,"turns":10}],"seed_played":"-1331552630622814971","potions_obtained":[{"floor":3.0,"key":"Poison Potion"},{"floor":4.0,"key":"SpeedPotion"},{"floor":7.0,"key":"Block Potion"},{"floor":8.0,"key":"Weak Potion"},{"floor":11.0,"key":"BloodPotion"},{"floor":31.0,"key":"EssenceOfSteel"},{"floor":36.0,"key":"SpeedPotion"},{"floor":41.0,"key":"EssenceOfSteel"}],"is_trial":false,"path_per_floor":["M","?","M","M","M","E","M","E","T","?","M","M","M","M","R","B",null,"M","M","$","M","?","E","T","E","T","?","R","M","$","M","R","B",null,"M","M","?","?","?","E","M","M","T","R","E","R","E","M","R","B"],"character_chosen":"IRONCLAD","items_purchased":["Impervious","Kunai","Bronze Scales"],"campfire_rested":0,"item_purchase_floors":[20,20,30],"current_hp_per_floor":[80,60,63,67,69,54,47,34,34,27,32,38,41,41,41,22,80,80,80,80,80,80,80,80,80,80,64,64,60,60,80,80,80,80,67,80,80,80,76,43,49,57,57,57,66,66,66,76,76,69],"gold":192,"neow_bonus":"THREE_RARE_CARDS","is_prod":false,"is_daily":false,"chose_seed":false,"campfire_upgraded":6,"win_rate":0,"timestamp":1539234488,"path_taken":["M","?","M","M","M","E","M","E","T","?","?","M","M","?","R","BOSS","M","M","$","M","?","E","?","E","T","?","R","?","$","M","R","BOSS","M","?","?","?","?","E","?","?","T","R","E","R","E","M","R","BOSS"],"build_version":"2018-10-04v2","purchased_purges":1,"victory":true,"max_hp_per_floor":[80,80,80,80,80,80,80,80,80,80,80,80,80,80,80,80,80,80,80,80,80,80,80,80,80,80,80,80,80,80,80,80,80,80,80,80,80,80,76,76,76,78,78,78,78,78,80,82,82,82],"card_choices":[{"not_picked":["Brutality","Reaper"],"picked":"Bludgeon","floor":0.0},{"not_picked":["Iron Wave","Flame Barrier"],"picked":"Clothesline","floor":1.0},{"not_picked":["Whirlwind","Anger"],"picked":"Shrug It Off","floor":3.0},{"not_picked":["Hemokinesis","Blood for Blood","Infernal Blade"],"picked":"SKIP","floor":4.0},{"not_picked":["Thunderclap","Flex","Intimidate"],"picked":"SKIP","floor":5.0},{"not_picked":["Fiend Fire","Pommel Strike"],"picked":"Ghostly Armor","floor":6.0},{"not_picked":["Fire Breathing","Entrench","Combust"],"picked":"SKIP","floor":7.0},{"not_picked":["Headbutt","Cleave"],"picked":"Immolate","floor":8.0},{"not_picked":["Sword Boomerang","Twin Strike","Searing Blow"],"picked":"SKIP","floor":11.0},{"not_picked":["Pommel Strike","Carnage"],"picked":"Battle Trance","floor":12.0},{"not_picked":["Pommel Strike","Iron Wave"],"picked":"Armaments","floor":13.0},{"not_picked":["Twin Strike","Searing Blow","Sword Boomerang"],"picked":"SKIP","floor":14.0},{"not_picked":["Impervious","Bludgeon"],"picked":"Reaper","floor":16.0},{"not_picked":["Perfected Strike+1","Power Through","Twin Strike+1"],"picked":"SKIP","floor":18.0},{"not_picked":["Pummel+1","Sword Boomerang+1","Perfected Strike"],"picked":"SKIP","floor":19.0},{"not_picked":["Fiend Fire","Metallicize"],"picked":"Shrug It Off+1","floor":21.0},{"not_picked":["Rage","Limit Break","Anger"],"picked":"SKIP","floor":23.0},{"not_picked":["Perfected Strike","Reckless Charge","Anger"],"picked":"SKIP","floor":25.0},{"not_picked":["Infernal Blade","Dual Wield","Perfected Strike+1"],"picked":"SKIP","floor":29.0},{"not_picked":["Shrug It Off","Sword Boomerang+1"],"picked":"True Grit+1","floor":31.0},{"not_picked":["Brutality","Feed"],"picked":"Juggernaut","floor":33.0},{"not_picked":["Thunderclap+1","Burning Pact"],"picked":"Iron Wave","floor":35.0},{"not_picked":["Twin Strike+1","Sword Boomerang","Wild Strike+1"],"picked":"SKIP","floor":36.0},{"not_picked":["Wild Strike+1","Infernal Blade+1"],"picked":"Armaments+1","floor":37.0},{"not_picked":["Twin Strike+1","Flex"],"picked":"Pommel Strike+1","floor":40.0},{"not_picked":["Anger","Flex+1"],"picked":"Flame Barrier+1","floor":41.0},{"not_picked":["Body Slam","Armaments+1","Headbutt+1"],"picked":"Singing Bowl","floor":42.0},{"not_picked":["Bludgeon","Sentinel"],"picked":"Shockwave","floor":45.0},{"not_picked":["Body Slam+1","Whirlwind+1","Sever Soul"],"picked":"Singing Bowl","floor":47.0},{"not_picked":["Sever Soul+1","Flex","True Grit+1"],"picked":"Singing Bowl","floor":48.0}],"player_experience":927843,"relics_obtained":[{"floor":6.0,"key":"Oddly Smooth Stone"},{"floor":8.0,"key":"Letter Opener"},{"floor":9.0,"key":"Regal Pillow"},{"floor":23.0,"key":"Pen Nib"},{"floor":24.0,"key":"Potion Belt"},{"floor":25.0,"key":"Mercury Hourglass"},{"floor":26.0,"key":"Centennial Puzzle"},{"floor":27.0,"key":"Necronomicon"},{"floor":37.0,"key":"Champion Belt"},{"floor":40.0,"key":"Singing Bowl"},{"floor":43.0,"key":"Omamori"},{"floor":45.0,"key":"Ginger"},{"floor":47.0,"key":"Blood Vial"}],"event_choices":[{"event_name":"Golden Idol","player_choice":"Take Damage","floor":2.0,"damage_taken":0.0},{"event_name":"Golden Wing","player_choice":"Card Removal","floor":10.0,"damage_taken":0.0},{"event_name":"The Library","player_choice":"Read","floor":22.0,"damage_taken":0.0},{"event_name":"Cursed Tome","player_choice":"Obtained Book","floor":27.0,"damage_taken":0.0},{"event_name":"Mysterious Sphere","player_choice":"Fight","floor":37.0,"damage_taken":0.0},{"event_name":"Tomb of Lord Red Mask","player_choice":"Paid","floor":38.0,"damage_taken":0.0},{"event_name":"Winding Halls","player_choice":"Max HP","floor":39.0,"damage_taken":0.0}],"is_beta":false,"boss_relics":[{"not_picked":["Ectoplasm","Philosopher\u0027s Stone"],"picked":"Snecko Eye"},{"not_picked":["Tiny House","Calling Bell"],"picked":"Runic Cube"}],"items_purged_floors":[20],"is_endless":false,"potions_floor_spawned":[3,4,7,8,11,12,18,23,31,36,41,45,48],"ascension_level":0}