{"gold_per_floor":[111,131,111,126,27,27,39,65,65,65,81,81,99,116,116,116],"floor_reached":16,"playtime":987,"items_purged":[],"score":182,"play_id":"fb2110fe-3310-4c97-87dd-f9500f965bf4","local_time":"20181017205221","is_ascension_mode":true,"campfire_choices":[{"data":"Blood for Blood","floor":6,"key":"SMITH"},{"floor":10,"key":"REST"},{"data":"Shockwave","floor":15,"key":"SMITH"}],"neow_cost":"PERCENT_DAMAGE","seed_source_timestamp":0,"circlet_count":0,"master_deck":["Strike_R","Strike_R","Strike_R","Strike_R","Strike_R","Defend_R","Defend_R","Defend_R","Defend_R","Bash","AscendersBane","True Grit","Headbutt","Blood for Blood+1","Shockwave+1","True Grit","Shrug It Off","True Grit","Infernal Blade","Power Through","Reaper"],"special_seed":0,"relics":["Burning Blood","The Courier","Unceasing Top"],"potions_floor_usage":[11,16,16],"damage_taken":[{"damage":2.0,"enemies":"2 Louse","floor":1.0,"turns":3.0},{"damage":3.0,"enemies":"Cultist","floor":2.0,"turns":4.0},{"damage":4.0,"enemies":"Jaw Worm","floor":4.0,"turns":7.0},{"damage":9,"enemies":"Blue Slaver","floor":7,"turns":5},{"damage":52,"enemies":"3 Sentries","floor":8,"turns":11},{"damage":10,"enemies":"Lots of Slimes","floor":11,"turns":4},{"damage":0,"enemies":"Exordium Wildlife","floor":13,"turns":3},{"damage":17,"enemies":"Large Slime","floor":14,"turns":10},{"damage":47,"enemies":"The Guardian","floor":16,"turns":12}],"seed_played":"-1431379549000071220","potions_obtained":[{"floor":2.0,"key":"GamblersBrew"},{"floor":3.0,"key":"GamblersBrew"},{"floor":4.0,"key":"BloodPotion"},{"floor":8,"key":"AttackPotion"},{"floor":11,"key":"SpeedPotion"}],"is_trial":false,"path_per_floor":["M","M","?","M","$","R","M","E","T","R","M","?","M","M","R"],"character_chosen":"IRONCLAD","items_purchased":["Shockwave","True Grit"],"campfire_rested":1,"item_purchase_floors":[5,5],"current_hp_per_floor":[68,71,71,73,73,73,70,24,24,50,46,33,39,28,28,0],"gold":116,"neow_bonus":"TWENTY_PERCENT_HP_BONUS","is_prod":false,"is_daily":false,"chose_seed":false,"campfire_upgraded":2,"win_rate":0,"timestamp":1539834741,"path_taken":["M","M","?","M","$","R","M","E","T","R","M","?","M","M","R","BOSS"],"build_version":"2018-10-11","purchased_purges":0,"victory":false,"max_hp_per_floor":[89,89,89,89,89,89,89,89,89,89,89,89,89,89,89,89],"card_choices":[{"not_picked":["Body Slam","Clothesline"],"picked":"True Grit","floor":1.0},{"not_picked":["Burning Pact","Bloodletting"],"picked":"Headbutt","floor":2.0},{"not_picked":["Flex","Clash"],"picked":"Blood for Blood","floor":4.0},{"not_picked":["Perfected Strike","Dual Wield"],"picked":"Shrug It Off","floor":7},{"not_picked":["Fiend Fire","Anger"],"picked":"True Grit","floor":8},{"not_picked":["Rupture","Corruption"],"picked":"Infernal Blade","floor":11},{"not_picked":["Pummel","Dropkick"],"picked":"Power Through","floor":13},{"not_picked":["Heavy Blade","Cleave"],"picked":"Reaper","floor":14}],"player_experience":954001,"relics_obtained":[{"floor":8,"key":"The Courier"},{"floor":9,"key":"Unceasing Top"}],"event_choices":[{"event_name":"The Woman in Blue","player_choice":"Bought 1 Potion","floor":3.0,"damage_taken":0.0},{"event_name":"Wheel of Change","player_choice":"Damage","floor":12,"damage_taken":0}],"is_beta":false,"boss_relics":[],"items_purged_floors":[],"is_endless":false,"potions_floor_spawned":[2,4,8,11,14],"killed_by":"The Guardian","ascension_level":15}