{"gold_per_floor":[116,116,4,20,39,39,39,74,97,97,20,53,67,67],"floor_reached":14,"playtime":987,"items_purged":["Defend_G"],"score":132,"play_id":"5c998a55-9398-48e4-85fe-ec7dfd2f8fdb","local_time":"20190201151213","is_ascension_mode":true,"campfire_choices":[{"data":"Neutralize","floor":6.0,"key":"SMITH"},{"floor":10.0,"key":"REST"}],"neow_cost":"PERCENT_DAMAGE","seed_source_timestamp":15175450980630,"circlet_count":0,"master_deck":["Defend_G","Defend_G","Defend_G","Strike_G","Strike_G","Strike_G","Survivor","Neutralize+1","Heel Hook","Well Laid Plans"],"special_seed":0,"relics":["Ring of the Snake","Golden Idol","Juzu Bracelet","Anchor","Bottled Flame"],"potions_floor_usage":[],"damage_taken":[{"damage":2.0,"enemies":"Jaw Worm","floor":1.0,"turns":7.0},{"damage":6.0,"enemies":"Cultist","floor":4.0,"turns":6.0},{"damage":0.0,"enemies":"Small Slimes","floor":5.0,"turns":4.0},{"damage":34.0,"enemies":"3 Sentries","floor":8.0,"turns":10.0},{"damage":17,"enemies":"Gremlin Nob","floor":12,"turns":5},{"damage":1,"enemies":"Blue Slaver","floor":13,"turns":3},{"damage":7,"enemies":"Gremlin Gang","floor":14,"turns":1}],"seed_played":"-7371698627558714542","potions_obtained":[{"floor":5.0,"key":"PowerPotion"},{"floor":8.0,"key":"Block Potion"}],"is_trial":false,"path_per_floor":["M","?","$","M","M","R","?","E","T","R","$","E","M","M"],"character_chosen":"THE_SILENT","items_purchased":["Heel Hook","Well Laid Plans"],"campfire_rested":1,"item_purchase_floors":[3,11],"current_hp_per_floor":[43,43,43,37,37,37,37,3,3,22,22,5,4,0],"gold":67,"neow_bonus":"REMOVE_TWO","is_prod":false,"is_daily":false,"chose_seed":false,"campfire_upgraded":1,"win_rate":0,"timestamp":1549030333,"path_taken":["M","?","$","M","M","R","?","E","T","R","$","E","M","M"],"build_version":"2019-01-23","purchased_purges":1,"victory":false,"max_hp_per_floor":[70,65,65,65,65,65,65,65,65,65,65,65,65,65],"card_choices":[{"not_picked":["PiercingWail","Concentrate","Expertise"],"picked":"SKIP","floor":1.0},{"not_picked":["Blade Dance","Cloak And Dagger","Acrobatics"],"picked":"SKIP","floor":4.0},{"not_picked":["Masterful Stab","Dash","Dagger Throw"],"picked":"SKIP","floor":5.0},{"not_picked":["Caltrops","Bane","Deadly Poison"],"picked":"SKIP","floor":8.0},{"not_picked":["Dagger Throw","Distraction","PiercingWail"],"picked":"SKIP","floor":12},{"not_picked":["Storm of Steel","Dodge and Roll","Dagger Throw"],"picked":"SKIP","floor":13}],"player_experience":232517,"relics_obtained":[{"floor":8.0,"key":"Juzu Bracelet"},{"floor":9.0,"key":"Anchor"},{"floor":12,"key":"Bottled Flame"}],"event_choices":[{"damage_healed":0.0,"max_hp_gain":0.0,"max_hp_loss":5.0,"gold_gain":0.0,"event_name":"Golden Idol","player_choice":"Lose Max HP","floor":2.0,"gold_loss":0.0,"damage_taken":0.0,"relics_obtained":["Golden Idol"]},{"cards_removed":["Defend_G"],"damage_healed":0.0,"max_hp_gain":0.0,"max_hp_loss":0.0,"gold_gain":0.0,"event_name":"Purifier","player_choice":"Purged","floor":7.0,"gold_loss":0.0,"damage_taken":0.0}],"is_beta":false,"boss_relics":[],"items_purged_floors":[3],"is_endless":false,"potions_floor_spawned":[5,8],"killed_by":"Gremlin Gang","ascension_level":7}