{"gold_per_floor":[109,120,139,149,99,130,130,159,159,159,176,176,251,251,251,374,374,398,417,417,432,450,488,488,488],"floor_reached":25,"playtime":1324,"items_purged":[],"score":233,"play_id":"b071d717-160e-4d31-b49b-3f202d97e957","local_time":"20180731154904","is_ascension_mode":false,"campfire_choices":[{"data":"Demon Form","floor":7,"key":"SMITH"},{"floor":10,"key":"REST"},{"floor":12,"key":"REST"},{"data":"Flame Barrier","floor":15,"key":"SMITH"},{"floor":24,"key":"REST"}],"neow_cost":"NONE","seed_source_timestamp":1715588601846979,"circlet_count":0,"master_deck":["Strike_R","Strike_R","Strike_R","Strike_R","Defend_R","Defend_R","Defend_R","Defend_R","Bash","Anger","Entrench","Demon Form+1","Flame Barrier+1","Shrug It Off","Injury","Barricade","Body Slam+1","Armaments","Inflame+1","Clothesline","Double Tap"],"relics":["Burning Blood","NeowsBlessing","Unceasing Top","Bronze Scales","Darkstone Periapt","Golden Idol","Lizard Tail","Bottled Flame"],"potions_floor_usage":[6,8,21,21,22,22],"damage_taken":[{"damage":0,"enemies":"Cultist","floor":1,"turns":1},{"damage":0,"enemies":"Small Slimes","floor":2,"turns":1},{"damage":0,"enemies":"2 Louse","floor":3,"turns":1},{"damage":6,"enemies":"Red Slaver","floor":4,"turns":3},{"damage":50,"enemies":"Gremlin Nob","floor":6,"turns":6},{"damage":26,"enemies":"Lagavulin","floor":8,"turns":5},{"damage":8,"enemies":"2 Fungi Beasts","floor":11,"turns":3},{"damage":20,"enemies":"Hexaghost","floor":16,"turns":7},{"damage":2,"enemies":"3 Byrds","floor":18,"turns":4},{"damage":10,"enemies":"Shell Parasite","floor":19,"turns":4},{"damage":31,"enemies":"Sentry and Sphere","floor":21,"turns":7},{"damage":48,"enemies":"3 Cultists","floor":22,"turns":6},{"damage":49,"enemies":"Slavers","floor":23,"turns":8},{"damage":58,"enemies":"Cultist and Chosen","floor":25,"turns":6}],"seed_played":"7324787472996856348","potions_obtained":[{"floor":3,"key":"EssenceOfSteel"},{"floor":6,"key":"AttackPotion"},{"floor":11,"key":"SpeedPotion"},{"floor":16,"key":"Energy Potion"},{"floor":18,"key":"Strength Potion"},{"floor":21,"key":"Ancient Potion"}],"is_trial":false,"path_per_floor":["M","M","M","M","?","E","R","E","T","R","M","R","?","?","R","B",null,"M","M","?","M","M","E","R"],"character_chosen":"IRONCLAD","items_purchased":[],"campfire_rested":3,"item_purchase_floors":[],"current_hp_per_floor":[80,80,80,80,80,36,36,16,16,40,38,62,51,57,57,43,86,86,82,82,57,15,27,52,0],"gold":488,"neow_bonus":"THREE_ENEMY_KILL","is_prod":false,"is_daily":false,"chose_seed":false,"campfire_upgraded":2,"win_rate":0,"timestamp":1533044944,"path_taken":["M","?","?","M","?","E","R","E","T","R","?","R","?","?","R","BOSS","M","M","?","?","M","E","R","M"],"build_version":"2018-07-26","purchased_purges":0,"victory":false,"max_hp_per_floor":[80,80,80,80,80,80,80,80,80,80,80,80,80,86,86,86,86,86,86,86,86,86,86,86,86],"card_choices":[{"not_picked":["Clash","Sword Boomerang","Sentinel"],"picked":"SKIP","floor":1},{"not_picked":["Thunderclap","Perfected Strike"],"picked":"Anger","floor":2},{"not_picked":["Wild Strike","Carnage"],"picked":"Entrench","floor":3},{"not_picked":["Rupture","Warcry","Hemokinesis"],"picked":"SKIP","floor":4},{"not_picked":["Power Through","Iron Wave"],"picked":"Demon Form","floor":6},{"not_picked":["Sentinel","Clothesline"],"picked":"Flame Barrier","floor":8},{"not_picked":["Havoc","Cleave"],"picked":"Shrug It Off","floor":11},{"not_picked":["Immolate","Offering"],"picked":"Barricade","floor":16},{"not_picked":["Twin Strike","Sword Boomerang"],"picked":"Body Slam+1","floor":18},{"not_picked":["Cleave","Twin Strike"],"picked":"Armaments","floor":19},{"not_picked":["Armaments+1","Headbutt+1"],"picked":"Inflame+1","floor":21},{"not_picked":["Immolate","Power Through+1"],"picked":"Clothesline","floor":22},{"not_picked":["Power Through","Sword Boomerang"],"picked":"Double Tap","floor":23}],"player_experience":61708,"relics_obtained":[{"floor":6,"key":"Unceasing Top"},{"floor":8,"key":"Bronze Scales"},{"floor":9,"key":"Darkstone Periapt"},{"floor":23,"key":"Bottled Flame"}],"event_choices":[{"event_name":"The Cleric","player_choice":"Card Removal","floor":5,"damage_taken":0},{"event_name":"World of Goop","player_choice":"Gather Gold","floor":13,"damage_taken":0},{"event_name":"Golden Idol","player_choice":"Take Wound","floor":14,"damage_taken":0},{"event_name":"Drug Dealer","player_choice":"Ignored","floor":20,"damage_taken":0}],"is_beta":false,"boss_relics":[{"not_picked":["Runic Cube","Black Star"],"picked":"Lizard Tail"}],"items_purged_floors":[],"is_endless":false,"potions_floor_spawned":[3,6,11,16,18,19,21],"killed_by":"Cultist and Chosen","ascension_level":0}