{"gold_per_floor":[109,109,34,54,72,72,103,103,103,133,133,147,67,80,80,80],"floor_reached":16,"playtime":888,"items_purged":["Defend_G","Strike_G"],"score":121,"play_id":"8581e81d-137f-45fc-8766-bebdb9901850","local_time":"20190421200948","is_ascension_mode":true,"campfire_choices":[{"data":"Backflip","floor":6,"key":"SMITH"},{"data":"Neutralize","floor":8,"key":"SMITH"},{"floor":11,"key":"REST"},{"floor":15,"key":"REST"}],"neow_cost":"NONE","seed_source_timestamp":955523985724698,"circlet_count":0,"master_deck":["Defend_G","Defend_G","Defend_G","Defend_G","Strike_G","Strike_G","Strike_G","Survivor","Neutralize+1","Backflip+1"],"relics":["Ring of the Snake","The Courier","Ornamental Fan","Boot"],"potions_floor_usage":[10,16],"damage_taken":[{"damage":0,"enemies":"Small Slimes","floor":1,"turns":3},{"damage":0,"enemies":"Cultist","floor":4,"turns":5},{"damage":5,"enemies":"2 Louse","floor":5,"turns":3},{"damage":31,"enemies":"3 Sentries","floor":7,"turns":14},{"damage":40,"enemies":"Gremlin Nob","floor":10,"turns":7},{"damage":0,"enemies":"Exordium Wildlife","floor":12,"turns":4},{"damage":14,"enemies":"Gremlin Gang","floor":14,"turns":7},{"damage":48,"enemies":"Slime Boss","floor":16,"turns":9}],"seed_played":"1358345349626974305","potions_obtained":[{"floor":1,"key":"Regen Potion"},{"floor":10,"key":"Fire Potion"}],"is_trial":false,"path_per_floor":["M","?","$","M","M","R","E","R","T","E","R","M","$","M","R","B"],"character_chosen":"THE_SILENT","items_purchased":[],"campfire_rested":2,"item_purchase_floors":[],"current_hp_per_floor":[77,77,77,77,72,72,41,41,41,16,39,39,39,25,48,0],"gold":80,"neow_bonus":"TEN_PERCENT_HP_BONUS","is_prod":false,"is_daily":false,"chose_seed":false,"campfire_upgraded":2,"win_rate":0,"timestamp":1555891788,"path_taken":["M","?","$","M","M","R","E","R","T","E","R","M","$","M","R","BOSS"],"build_version":"2019-01-23","purchased_purges":2,"victory":false,"max_hp_per_floor":[77,77,77,77,77,77,77,77,77,77,77,77,77,77,77,77],"card_choices":[{"not_picked":["Predator","Sucker Punch","Quick Slash"],"picked":"SKIP","floor":1},{"not_picked":["Poisoned Stab","Flying Knee"],"picked":"Backflip","floor":4},{"not_picked":["Accuracy","Bane","Prepared"],"picked":"SKIP","floor":5},{"not_picked":["Bane","Slice","Prepared"],"picked":"SKIP","floor":7},{"not_picked":["Wraith Form v2","Sucker Punch","Bouncing Flask"],"picked":"SKIP","floor":10},{"not_picked":["Sucker Punch","Choke","Concentrate"],"picked":"SKIP","floor":12},{"not_picked":["Underhanded Strike","Dagger Spray","Acrobatics"],"picked":"SKIP","floor":14}],"player_experience":73823,"relics_obtained":[{"floor":7,"key":"The Courier"},{"floor":9,"key":"Ornamental Fan"},{"floor":10,"key":"Boot"}],"event_choices":[{"cards_removed":["Strike_G"],"damage_healed":0,"gold_gain":0,"player_choice":"Purged","damage_taken":0,"max_hp_gain":0,"max_hp_loss":0,"event_name":"Purifier","floor":2,"gold_loss":0}],"is_beta":false,"boss_relics":[],"items_purged_floors":[3,13],"is_endless":false,"potions_floor_spawned":[1,10],"killed_by":"Slime Boss","ascension_level":2}