{"gold_per_floor":[116,135,135,148,158,189,203,203,203,203,265,276,276,286,286,381,381,391,391,391,41,41,41,57,57,57,90,109,139,154,173,173,275,275,290,300,345,245,265,265,299,299,299,75,88,88,121,132,132,132],"floor_reached":51,"playtime":2928,"items_purged":["Lockon","All For One","Doubt"],"score":774,"play_id":"293f7ced-a1b6-442f-8d12-d5bfd268d091","local_time":"20190329220113","is_ascension_mode":false,"campfire_choices":[{"data":"Zap","floor":8.0,"key":"SMITH"},{"data":"Dualcast","floor":10.0,"key":"SMITH"},{"data":"White Noise","floor":15.0,"key":"SMITH"},{"data":"Fission","floor":23.0,"key":"SMITH"},{"data":"Blizzard","floor":25.0,"key":"SMITH"},{"data":"Sunder","floor":32.0,"key":"SMITH"},{"data":"Loop","floor":40.0,"key":"SMITH"},{"floor":42.0,"key":"REST"},{"floor":49.0,"key":"REST"}],"neow_cost":"NONE","seed_source_timestamp":0,"circlet_count":0,"master_deck":["Zap+1","Dualcast+1","Cold Snap","Steam","Conserve Battery","Auto Shields","White Noise+1","Seek","FTL","Blizzard+1","FTL","Fission+1","Loop","Chill","Cold Snap","Ball Lightning","Loop+1","Sunder+1","Defragment+1","Echo Form","Leap","Ball Lightning+1","Leap+1","Ball Lightning","Reinforced Body+1","Coolheaded+1","Coolheaded+1"],"special_seed":0,"relics":["Cracked Core","Strawberry","Du-Vu Doll","Bird Faced Urn","Pandora\u0027s Box","Bronze Scales","Dream Catcher","Unceasing Top","Torii","Cursed Key","Emotion Chip","Blood Vial","Mango","Smiling Mask"],"potions_floor_usage":[50],"damage_taken":[{"damage":0.0,"enemies":"Small Slimes","floor":1.0,"turns":3.0},{"damage":0.0,"enemies":"2 Louse","floor":2.0,"turns":2.0},{"damage":0.0,"enemies":"Cultist","floor":4.0,"turns":4.0},{"damage":0.0,"enemies":"3 Louse","floor":5.0,"turns":5.0},{"damage":8.0,"enemies":"3 Sentries","floor":6.0,"turns":11.0},{"damage":2.0,"enemies":"Blue Slaver","floor":7.0,"turns":4.0},{"damage":8.0,"enemies":"Lagavulin Event","floor":11.0,"turns":9.0},{"damage":0.0,"enemies":"Exordium Thugs","floor":12.0,"turns":4.0},{"damage":1.0,"enemies":"2 Fungi Beasts","floor":14.0,"turns":4.0},{"damage":23.0,"enemies":"The Guardian","floor":16.0,"turns":17.0},{"damage":5.0,"enemies":"3 Byrds","floor":18.0,"turns":4.0},{"damage":0.0,"enemies":"Shell Parasite","floor":24.0,"turns":5.0},{"damage":14.0,"enemies":"Book of Stabbing","floor":27.0,"turns":6.0},{"damage":0.0,"enemies":"Centurion and Healer","floor":28.0,"turns":5.0},{"damage":0.0,"enemies":"Gremlin Leader","floor":29.0,"turns":5.0},{"damage":0.0,"enemies":"Cultist and Chosen","floor":30.0,"turns":5.0},{"damage":8.0,"enemies":"Snake Plant","floor":31.0,"turns":3.0},{"damage":1.0,"enemies":"Collector","floor":33.0,"turns":7.0},{"damage":6.0,"enemies":"3 Shapes","floor":35.0,"turns":2.0},{"damage":1.0,"enemies":"Orb Walker","floor":36.0,"turns":3.0},{"damage":35.0,"enemies":"2 Orb Walkers","floor":37.0,"turns":4.0},{"damage":18.0,"enemies":"Sphere and 2 Shapes","floor":39.0,"turns":4.0},{"damage":39.0,"enemies":"Nemesis","floor":41.0,"turns":7.0},{"damage":1.0,"enemies":"Maw","floor":45.0,"turns":6.0},{"damage":58.0,"enemies":"Reptomancer","floor":47.0,"turns":5.0},{"damage":23.0,"enemies":"3 Darklings","floor":48.0,"turns":4.0},{"damage":33,"enemies":"Awakened One","floor":50,"turns":11}],"seed_played":"5585695220721575684","potions_obtained":[{"floor":1.0,"key":"Block Potion"},{"floor":5.0,"key":"Regen Potion"},{"floor":7.0,"key":"FocusPotion"},{"floor":12.0,"key":"Explosive Potion"},{"floor":16.0,"key":"LiquidBronze"},{"floor":27.0,"key":"Poison Potion"},{"floor":28.0,"key":"FearPotion"},{"floor":33.0,"key":"Weak Potion"},{"floor":35.0,"key":"Swift Potion"},{"floor":37.0,"key":"SmokeBomb"},{"floor":45.0,"key":"PowerPotion"},{"floor":47.0,"key":"PowerPotion"}],"is_trial":false,"path_per_floor":["M","M","?","M","M","E","M","R","T","R","?","M","?","M","R","B",null,"M","?","?","$","?","R","M","R","T","E","M","E","M","M","R","B",null,"M","M","?","$","M","R","E","R","T","$","M","?","E","M","R","B",null],"character_chosen":"DEFECT","items_purchased":["Bronze Scales","Chill","Cold Snap","Swift Potion","Poison Potion"],"campfire_rested":2,"item_purchase_floors":[21,21,21,44,44],"current_hp_per_floor":[75,75,75,75,75,74,72,72,72,72,79,79,71,72,72,51,82,81,81,81,81,81,81,82,82,82,70,76,82,82,74,74,81,82,80,82,54,54,44,44,17,41,55,55,66,66,22,17,45,24],"gold":132,"neow_bonus":"REMOVE_CARD","is_prod":false,"is_daily":false,"chose_seed":false,"campfire_upgraded":7,"win_rate":0,"timestamp":1553922073,"path_taken":["M","M","?","M","M","E","M","R","T","R","?","M","?","?","R","BOSS","M","?","?","$","?","R","?","R","T","E","M","E","M","M","R","BOSS","M","M","?","$","M","R","E","R","T","$","M","?","E","M","R","BOSS"],"build_version":"2019-01-23","purchased_purges":3,"victory":true,"max_hp_per_floor":[75,75,75,75,75,82,82,82,82,82,82,82,82,82,82,82,82,82,82,82,82,82,82,82,82,82,82,82,82,82,82,82,82,82,82,82,82,82,82,82,82,82,96,96,96,96,96,96,96,96],"card_choices":[{"not_picked":["Reprogram","Beam Cell"],"picked":"Cold Snap","floor":1.0},{"not_picked":["Streamline","Compile Driver","Turbo"],"picked":"SKIP","floor":2.0},{"not_picked":["Rip and Tear","Stack"],"picked":"Steam","floor":4.0},{"not_picked":["Gash","Auto Shields"],"picked":"Conserve Battery","floor":5.0},{"not_picked":["Streamline","Beam Cell"],"picked":"Auto Shields","floor":6.0},{"not_picked":["Beam Cell","Lockon","Blizzard"],"picked":"SKIP","floor":7.0},{"not_picked":["Gash","Redo"],"picked":"White Noise","floor":12.0},{"not_picked":["Redo","Turbo","Compile Driver"],"picked":"SKIP","floor":14.0},{"not_picked":["Thunder Strike","Reboot"],"picked":"Seek","floor":16.0},{"not_picked":["Stack+1","Aggregate+1"],"picked":"Loop","floor":18.0},{"not_picked":["Streamline+1","Steam"],"picked":"Ball Lightning","floor":24.0},{"not_picked":["Rebound","Barrage"],"picked":"Loop","floor":27.0},{"not_picked":["Heatsinks","Reprogram+1"],"picked":"Sunder","floor":28.0},{"not_picked":["Beam Cell","Doom and Gloom","Aggregate+1"],"picked":"SKIP","floor":29.0},{"not_picked":["Skim","Ball Lightning"],"picked":"Defragment+1","floor":30.0},{"not_picked":["Stack","Glacier+1"],"picked":"Echo Form","floor":31.0},{"not_picked":["Meteor Strike","Amplify"],"picked":"All For One","floor":33.0},{"not_picked":["Self Repair","Blizzard","Force Field"],"picked":"SKIP","floor":35.0},{"not_picked":["Stack+1","Streamline+1"],"picked":"Leap","floor":36.0},{"not_picked":["Static Discharge","Loop+1"],"picked":"Ball Lightning+1","floor":37.0},{"not_picked":["Beam Cell+1","Steam"],"picked":"Leap+1","floor":39.0},{"not_picked":["Rebound","Heatsinks+1","Sunder+1"],"picked":"SKIP","floor":41.0},{"not_picked":["Stack+1","Sweeping Beam+1"],"picked":"Ball Lightning","floor":42.0},{"not_picked":["Go for the Eyes","White Noise+1"],"picked":"Reinforced Body+1","floor":45.0},{"not_picked":["Sweeping Beam+1","Buffer","Gash"],"picked":"SKIP","floor":47.0},{"not_picked":["Rebound+1","Sweeping Beam+1"],"picked":"Coolheaded+1","floor":48.0},{"not_picked":["Auto Shields+1","Go for the Eyes+1"],"picked":"Coolheaded+1","floor":49.0}],"player_experience":1256445,"relics_obtained":[{"floor":6.0,"key":"Strawberry"},{"floor":9.0,"key":"Du-Vu Doll"},{"floor":11.0,"key":"Bird Faced Urn"},{"floor":26.0,"key":"Dream Catcher"},{"floor":27.0,"key":"Unceasing Top"},{"floor":29.0,"key":"Torii"},{"floor":37.0,"key":"Emotion Chip"},{"floor":41.0,"key":"Blood Vial"},{"floor":43.0,"key":"Mango"},{"floor":47.0,"key":"Smiling Mask"}],"event_choices":[{"cards_removed":["Strike_B"],"damage_healed":0.0,"max_hp_gain":0.0,"max_hp_loss":0.0,"gold_gain":0.0,"event_name":"Living Wall","player_choice":"Forget","floor":3.0,"gold_loss":0.0,"damage_taken":0.0},{"damage_healed":0.0,"max_hp_gain":0.0,"max_hp_loss":0.0,"gold_gain":0.0,"event_name":"Dead Adventurer","player_choice":"Searched \u00271\u0027 times","floor":11.0,"gold_loss":0.0,"damage_taken":0.0},{"damage_healed":0.0,"max_hp_gain":0.0,"max_hp_loss":0.0,"gold_gain":0.0,"event_name":"Wheel of Change","player_choice":"Damaged","floor":13.0,"gold_loss":0.0,"damage_taken":8.0},{"damage_healed":0.0,"max_hp_gain":0.0,"max_hp_loss":0.0,"gold_gain":0.0,"event_name":"Ghosts","player_choice":"Ignored","floor":19.0,"gold_loss":0.0,"damage_taken":0.0},{"damage_healed":0.0,"max_hp_gain":0.0,"max_hp_loss":0.0,"gold_gain":0.0,"event_name":"Vampires","player_choice":"Ignored","floor":20.0,"gold_loss":0.0,"damage_taken":0.0},{"cards_removed":["Barrage"],"damage_healed":0.0,"max_hp_gain":0.0,"max_hp_loss":0.0,"gold_gain":0.0,"event_name":"Back to Basics","player_choice":"Elegance","floor":22.0,"gold_loss":0.0,"damage_taken":0.0},{"damage_healed":0.0,"max_hp_gain":0.0,"max_hp_loss":0.0,"gold_gain":0.0,"event_name":"Mysterious Sphere","player_choice":"Fight","floor":37.0,"gold_loss":0.0,"damage_taken":0.0},{"damage_healed":0.0,"max_hp_gain":0.0,"max_hp_loss":0.0,"gold_gain":0.0,"event_name":"SensoryStone","player_choice":"Memory 1","floor":46.0,"gold_loss":0.0,"damage_taken":0.0}],"is_beta":false,"boss_relics":[{"not_picked":["Philosopher\u0027s Stone","Runic Pyramid"],"picked":"Pandora\u0027s Box"},{"not_picked":["Velvet Choker","Astrolabe"],"picked":"Cursed Key"}],"items_purged_floors":[21,38,44],"is_endless":false,"potions_floor_spawned":[1,5,7,12,16,27,28,33,35,37,45,47],"ascension_level":0}