{"path_per_floor":["M","M","?","M","M","R","M","R","T","E","$","?","M","M","R","B",null,"M","?","?","M","M","R","?","M","T","$","M"],"character_chosen":"IRONCLAD","items_purchased":["Warcry","Impervious"],"gold_per_floor":[114,124,124,136,148,148,162,162,162,187,61,61,78,94,94,196,196,210,125,225,245,258,258,158,168,194,12,26],"floor_reached":29,"campfire_rested":0,"playtime":1344,"current_hp_per_floor":[80,80,77,80,69,69,63,63,63,39,39,39,45,51,51,40,80,74,74,74,61,34,34,34,23,23,23,18],"items_purged":["Strike_R","Strike_R"],"gold":26,"score":252,"play_id":"fa673603-1482-422c-8b39-a53f5270cf45","local_time":"20180303012226","is_prod":false,"is_daily":false,"is_ascension_mode":true,"campfire_upgraded":4,"timestamp":1520061746,"path_taken":["M","?","?","M","M","R","M","R","T","E","$","?","?","M","R","BOSS","M","?","?","?","M","R","?","M","T","$","?","M"],"build_version":"2018-03-01-PROD1","purchased_purges":2,"victory":false,"master_deck":["Strike_R","Strike_R","Defend_R","Defend_R","Defend_R","Defend_R+1","Bash","Spot Weakness+1","Whirlwind+1","Heavy Blade+1","Inflame+1","Warcry+1","Demon Form","Shockwave","J.A.X.","Impervious"],"max_hp_per_floor":[80,80,80,80,80,80,80,80,80,80,80,80,80,80,80,80,80,80,80,80,80,80,80,80,80,80,80,80],"relics":["Burning Blood","Omamori","Sundial","Bag of Marbles","Runic Dome","War Paint","Lantern"],"card_choices":[{"not_picked":["Power Through","Sever Soul"],"picked":"Spot Weakness"},{"not_picked":["Havoc","Flame Barrier"],"picked":"Whirlwind"},{"not_picked":["True Grit","Power Through"],"picked":"Heavy Blade"},{"not_picked":["True Grit","Sword Boomerang"],"picked":"Inflame"},{"not_picked":["Brutality","Offering"],"picked":"Demon Form"},{"not_picked":["Bloodletting","Perfected Strike"],"picked":"Shockwave"}],"player_experience":109612,"potions_floor_usage":[7,14,16,16,18,25],"damage_taken":[{"damage":6,"enemies":"Cultist","floor":1,"turns":4},{"damage":0,"enemies":"Small Slimes","floor":2,"turns":3},{"damage":3,"enemies":"2 Louse","floor":4,"turns":3},{"damage":17,"enemies":"Looter","floor":5,"turns":3},{"damage":12,"enemies":"2 Fungi Beasts","floor":7,"turns":2},{"damage":30,"enemies":"Gremlin Nob","floor":10,"turns":4},{"damage":0,"enemies":"Red Slaver","floor":13,"turns":4},{"damage":0,"enemies":"Exordium Thugs","floor":14,"turns":1},{"damage":32,"enemies":"Hexaghost","floor":16,"turns":8},{"damage":12,"enemies":"Chosen","floor":18,"turns":3},{"damage":19,"enemies":"Shell Parasite","floor":21,"turns":3},{"damage":33,"enemies":"Sentry and Sphere","floor":22,"turns":4},{"damage":17,"enemies":"Centurion and Healer","floor":25,"turns":3},{"damage":11,"enemies":"Snake Plant","floor":28,"turns":2},{"damage":18,"enemies":"Cultist and Chosen","floor":29,"turns":3}],"event_choices":[{"event_name":"Scrap Ooze","player_choice":"success","floor":3,"damage_taken":3},{"event_name":"Living Wall","player_choice":"Forget","floor":12,"damage_taken":0},{"event_name":"Addict","player_choice":"Obtained Relic","floor":19,"damage_taken":0},{"event_name":"Golden Shrine","player_choice":"Pray","floor":20,"damage_taken":0},{"event_name":"Drug Dealer","player_choice":"Got JAXXED","floor":24,"damage_taken":0}],"boss_relics":[{"not_picked":["Philosopher\u0027s Stone","Snecko Eye"],"picked":"Runic Dome"}],"potions_floor_spawned":[1,4,5,13,14,18,21,28],"seed_played":"-8274051114093996509","killed_by":"Cultist and Chosen","ascension_level":2,"is_trial":false}