{"gold_per_floor":[116,128,128,139,12,42,42,52,75,150,150,164,164,164,164,164],"floor_reached":16,"playtime":645,"items_purged":["Strike_G"],"score":105,"play_id":"f63cd7e8-ab7f-459d-88ac-9239bc9689e8","local_time":"20190418193255","is_ascension_mode":true,"campfire_choices":[{"data":"Cloak And Dagger","floor":7,"key":"SMITH"},{"data":"Cloak And Dagger","floor":13,"key":"SMITH"},{"floor":15,"key":"REST"}],"neow_cost":"NONE","seed_source_timestamp":694340908282542,"circlet_count":0,"master_deck":["Defend_G","Defend_G","Defend_G","Defend_G","Defend_G","Strike_G","Strike_G","Strike_G","Strike_G","Survivor","Neutralize","Neutralize","Cloak And Dagger+1","PiercingWail","Cloak And Dagger+1"],"relics":["Ring of the Snake","Anchor","Juzu Bracelet"],"potions_floor_usage":[16,16],"damage_taken":[{"damage":3,"enemies":"Jaw Worm","floor":1,"turns":4},{"damage":5,"enemies":"Cultist","floor":2,"turns":4},{"damage":0,"enemies":"Small Slimes","floor":4,"turns":3},{"damage":46,"enemies":"Gremlin Nob","floor":6,"turns":6},{"damage":1,"enemies":"Red Slaver","floor":8,"turns":4},{"damage":7,"enemies":"Gremlin Gang","floor":12,"turns":7},{"damage":73,"enemies":"Slime Boss","floor":16,"turns":12}],"seed_played":"-2053274207765155300","potions_obtained":[{"floor":1,"key":"SmokeBomb"},{"floor":2,"key":"Regen Potion"},{"floor":6,"key":"SpeedPotion"},{"floor":8,"key":"GhostInAJar"}],"is_trial":false,"path_per_floor":["M","M","?","M","$","E","R","M","T","?","?","M","R","?","R","B"],"character_chosen":"THE_SILENT","items_purchased":["Cloak And Dagger"],"campfire_rested":1,"item_purchase_floors":[5],"current_hp_per_floor":[74,69,69,69,69,23,23,22,22,11,36,29,29,29,52,0],"gold":164,"neow_bonus":"TEN_PERCENT_HP_BONUS","is_prod":false,"is_daily":false,"chose_seed":false,"campfire_upgraded":2,"win_rate":0,"timestamp":1555630375,"path_taken":["M","M","?","M","$","E","R","M","T","?","?","M","R","?","R","BOSS"],"build_version":"2019-01-23","purchased_purges":1,"victory":false,"max_hp_per_floor":[77,77,77,77,77,77,77,77,77,77,77,77,77,77,77,77],"card_choices":[{"not_picked":["Catalyst","Deadly Poison","Flying Knee"],"picked":"SKIP","floor":1},{"not_picked":["Dagger Throw","Slice","Prepared"],"picked":"SKIP","floor":2},{"not_picked":["Masterful Stab","Tactician","Flying Knee"],"picked":"SKIP","floor":4},{"not_picked":["Tools of the Trade","Choke"],"picked":"PiercingWail","floor":6},{"not_picked":["Noxious Fumes","Quick Slash","Predator"],"picked":"SKIP","floor":8},{"not_picked":["Masterful Stab","Dagger Throw"],"picked":"Cloak And Dagger","floor":12}],"player_experience":59923,"relics_obtained":[{"floor":6,"key":"Anchor"},{"floor":9,"key":"Juzu Bracelet"}],"event_choices":[{"damage_healed":0,"gold_gain":0,"player_choice":"1 cards matched","damage_taken":0,"max_hp_gain":0,"max_hp_loss":0,"event_name":"Match and Keep!","floor":3,"gold_loss":0,"cards_obtained":["Neutralize"]},{"damage_healed":0,"gold_gain":75,"player_choice":"Gather Gold","damage_taken":11,"max_hp_gain":0,"max_hp_loss":0,"event_name":"World of Goop","floor":10,"gold_loss":0},{"damage_healed":25,"gold_gain":0,"player_choice":"Banana","damage_taken":0,"max_hp_gain":0,"max_hp_loss":0,"event_name":"Big Fish","floor":11,"gold_loss":0},{"damage_healed":0,"gold_gain":0,"player_choice":"Bought 0 Potions","damage_taken":0,"max_hp_gain":0,"max_hp_loss":0,"event_name":"The Woman in Blue","floor":14,"gold_loss":0}],"is_beta":false,"boss_relics":[],"items_purged_floors":[5],"is_endless":false,"potions_floor_spawned":[1,2,6,8],"killed_by":"Slime Boss","ascension_level":1}