{"gold_per_floor":[217,227,237,18,36,70,70,70,70,70,81,81,92,107,107,204,204,215,215,31,130,30,30,30,30,107,125,125,144,179,206,206,306,306,326,326,339,147,113,146,146,146,146,146,146,21,38,38,38,38,38,38,3,36,36],"floor_reached":55,"playtime":2812,"items_purged":["Strike_R","Strike_R","Normality"],"score":967,"play_id":"2a851969-dc66-4a6c-bfdc-354eecf36bd2","local_time":"20190125230703","is_ascension_mode":true,"campfire_choices":[{"data":"True Grit","floor":8.0,"key":"SMITH"},{"data":"Armaments","floor":10.0,"key":"SMITH"},{"data":"Body Slam","floor":12.0,"key":"SMITH"},{"data":"Shockwave","floor":15.0,"key":"SMITH"},{"data":"Inflame","floor":23.0,"key":"SMITH"},{"data":"Shrug It Off","floor":25.0,"key":"SMITH"},{"data":"Inflame","floor":28.0,"key":"SMITH"},{"data":"Rage","floor":32.0,"key":"SMITH"},{"data":"Dual Wield","floor":42.0,"key":"SMITH"},{"data":"Seeing Red","floor":44.0,"key":"SMITH"},{"floor":49.0,"key":"RECALL"},{"data":"Pummel","floor":52.0,"key":"SMITH"}],"neow_cost":"NONE","seed_source_timestamp":45269946558228,"circlet_count":0,"master_deck":["Strike_R","Strike_R","Defend_R","Defend_R","Defend_R","Defend_R","Bash","True Grit+1","Uppercut","Dropkick","Armaments+1","Dropkick","Body Slam+1","Shockwave+1","Inflame+1","Inflame+1","Offering","Pummel+1","Shrug It Off+1","Good Instincts","Seeing Red+1","Rage+1","Shrug It Off","Ghostly Armor+1","Dual Wield+1","Madness","Madness","Ghostly Armor","Entrench+1"],"special_seed":0,"relics":["Burning Blood","Potion Belt","Lantern","Philosopher\u0027s Stone","MutagenicStrength","Orichalcum","Molten Egg 2","Meat on the Bone","Oddly Smooth Stone","Cursed Key","Pen Nib","Thread and Needle","StoneCalendar"],"potions_floor_usage":[54,54,55],"damage_taken":[{"damage":1.0,"enemies":"Cultist","floor":1.0,"turns":4.0},{"damage":7.0,"enemies":"Jaw Worm","floor":2.0,"turns":5.0},{"damage":0.0,"enemies":"2 Louse","floor":3.0,"turns":1.0},{"damage":21.0,"enemies":"Large Slime","floor":5.0,"turns":7.0},{"damage":30.0,"enemies":"Gremlin Nob","floor":6.0,"turns":5.0},{"damage":13.0,"enemies":"Exordium Thugs","floor":11.0,"turns":5.0},{"damage":9.0,"enemies":"Exordium Wildlife","floor":13.0,"turns":4.0},{"damage":3.0,"enemies":"Looter","floor":14.0,"turns":3.0},{"damage":17.0,"enemies":"The Guardian","floor":16.0,"turns":7.0},{"damage":18.0,"enemies":"3 Byrds","floor":18.0,"turns":4.0},{"damage":6.0,"enemies":"2 Thieves","floor":27.0,"turns":3.0},{"damage":19.0,"enemies":"Shelled Parasite and Fungi","floor":29.0,"turns":3.0},{"damage":8.0,"enemies":"Book of Stabbing","floor":30.0,"turns":3.0},{"damage":24.0,"enemies":"Collector","floor":33.0,"turns":4.0},{"damage":18.0,"enemies":"3 Darklings","floor":35.0,"turns":6.0},{"damage":0.0,"enemies":"3 Shapes","floor":37.0,"turns":3.0},{"damage":27.0,"enemies":"Giant Head","floor":40.0,"turns":8.0},{"damage":11.0,"enemies":"Maw","floor":47.0,"turns":5.0},{"damage":39.0,"enemies":"Awakened One","floor":50.0,"turns":13.0},{"damage":28,"enemies":"Shield and Spear","floor":54,"turns":6},{"damage":58,"enemies":"The Heart","floor":55,"turns":3}],"seed_played":"3837091361769973206","potions_obtained":[{"floor":1.0,"key":"Explosive Potion"},{"floor":2.0,"key":"Explosive Potion"},{"floor":14.0,"key":"AttackPotion"},{"floor":16.0,"key":"EssenceOfSteel"},{"floor":27.0,"key":"FearPotion"},{"floor":29.0,"key":"Poison Potion"},{"floor":30.0,"key":"AttackPotion"},{"floor":35.0,"key":"Dexterity Potion"},{"floor":40.0,"key":"Explosive Potion"},{"floor":54,"key":"FearPotion"}],"is_trial":false,"path_per_floor":["M","M","M","$","M","E","?","R","T","R","M","R","M","M","R","B",null,"M","?","$","?","$","R","?","R","T","M","R","M","E","T","R","B",null,"M","?","M","$","$","E","?","R","T","R","?","$","M","$","R","B",null,"R","$","E","B"],"character_chosen":"IRONCLAD","items_purchased":["Dropkick","Armaments","PowerPotion","Orichalcum","Shrug It Off","Pen Nib","Explosive Potion","Dual Wield","Ghostly Armor"],"campfire_rested":0,"item_purchase_floors":[4,4,4,20,20,38,38,39,53],"current_hp_per_floor":[77,76,80,80,65,41,67,67,67,67,60,60,57,60,60,49,72,60,60,60,60,60,60,44,44,44,44,44,31,29,29,29,23,66,54,54,60,60,60,51,41,41,41,41,41,41,48,48,48,27,67,67,67,57,0],"gold":36,"neow_bonus":"HUNDRED_GOLD","is_prod":false,"is_daily":false,"chose_seed":false,"campfire_upgraded":11,"win_rate":0,"timestamp":1548454023,"path_taken":["M","M","M","$","M","E","?","R","T","R","M","R","M","M","R","BOSS","M","?","$","?","$","R","?","R","T","?","R","M","E","?","R","BOSS","M","?","?","?","$","E","?","R","T","R","?","$","M","$","R","BOSS","R","$","E","BOSS"],"build_version":"2018-12-20","purchased_purges":3,"victory":false,"max_hp_per_floor":[80,80,80,80,80,80,80,80,80,80,80,80,80,80,80,80,80,80,80,80,80,80,80,80,80,80,80,80,80,80,80,80,80,80,80,80,80,80,80,80,80,80,80,80,80,80,80,80,80,80,80,80,80,80,80],"card_choices":[{"not_picked":["Hemokinesis","Sentinel"],"picked":"True Grit","floor":1.0},{"not_picked":["True Grit","Sword Boomerang","Havoc"],"picked":"SKIP","floor":2.0},{"not_picked":["Burning Pact","Perfected Strike"],"picked":"Uppercut","floor":3.0},{"not_picked":["Sword Boomerang","Carnage"],"picked":"Dropkick","floor":5.0},{"not_picked":["Dark Embrace","Cleave"],"picked":"Body Slam","floor":6.0},{"not_picked":["Armaments","Havoc"],"picked":"Shockwave","floor":11.0},{"not_picked":["Iron Wave","Cleave"],"picked":"Inflame","floor":13.0},{"not_picked":["Impervious","Warcry"],"picked":"Inflame","floor":14.0},{"not_picked":["Bludgeon","Exhume"],"picked":"Offering","floor":16.0},{"not_picked":["Bloodletting","Pummel","Flex"],"picked":"SKIP","floor":18.0},{"not_picked":["Bloodletting","Flex"],"picked":"Pummel","floor":18.0},{"not_picked":["Whirlwind+1","Twin Strike+1","Perfected Strike+1"],"picked":"SKIP","floor":27.0},{"not_picked":["Intimidate","Heavy Blade+1"],"picked":"Seeing Red","floor":29.0},{"not_picked":["Second Wind","Seeing Red"],"picked":"Rage","floor":30.0},{"not_picked":["Headbutt+1","Clothesline+1"],"picked":"Shrug It Off","floor":35.0},{"not_picked":["Flame Barrier","Armaments+1"],"picked":"Ghostly Armor+1","floor":37.0},{"not_picked":["Havoc","Hemokinesis+1","Anger+1"],"picked":"SKIP","floor":40.0},{"not_picked":["Rampage+1","Cleave+1","True Grit"],"picked":"SKIP","floor":47.0},{"not_picked":["Warcry+1","Blood for Blood+1"],"picked":"Entrench+1","floor":54}],"player_experience":159178,"relics_obtained":[{"floor":6.0,"key":"Potion Belt"},{"floor":9.0,"key":"Lantern"},{"floor":26.0,"key":"Molten Egg 2"},{"floor":30.0,"key":"Meat on the Bone"},{"floor":31.0,"key":"Oddly Smooth Stone"},{"floor":40.0,"key":"Thread and Needle"},{"floor":54,"key":"StoneCalendar"}],"event_choices":[{"damage_healed":26.0,"max_hp_gain":0.0,"max_hp_loss":0.0,"gold_gain":0.0,"event_name":"Big Fish","player_choice":"Banana","floor":7.0,"gold_loss":0.0,"damage_taken":0.0},{"damage_healed":0.0,"max_hp_gain":0.0,"max_hp_loss":0.0,"gold_gain":0.0,"event_name":"Drug Dealer","player_choice":"Inject Mutagens","floor":19.0,"gold_loss":0.0,"damage_taken":0.0,"relics_obtained":["MutagenicStrength"]},{"damage_healed":0.0,"max_hp_gain":0.0,"max_hp_loss":0.0,"gold_gain":99.0,"event_name":"Nest","player_choice":"Stole From Cult","floor":21.0,"gold_loss":0.0,"damage_taken":0.0},{"damage_healed":0.0,"max_hp_gain":0.0,"max_hp_loss":0.0,"gold_gain":0.0,"event_name":"Knowing Skull","player_choice":"CARD ","floor":24.0,"potions_obtained":[],"gold_loss":0.0,"damage_taken":16.0,"cards_obtained":["Good Instincts"]},{"cards_removed":["Strike_R"],"damage_healed":0.0,"max_hp_gain":0.0,"max_hp_loss":0.0,"gold_gain":0.0,"event_name":"Bonfire Elementals","player_choice":"Offered Basic","floor":36.0,"gold_loss":0.0,"damage_taken":0.0},{"damage_healed":0.0,"max_hp_gain":0.0,"max_hp_loss":0.0,"gold_gain":0.0,"event_name":"Winding Halls","player_choice":"Embrace Madness","floor":41.0,"gold_loss":0.0,"damage_taken":10.0,"cards_obtained":["Madness","Madness"]},{"damage_healed":0.0,"max_hp_gain":0.0,"max_hp_loss":0.0,"gold_gain":0.0,"event_name":"Tomb of Lord Red Mask","player_choice":"Ignored","floor":45.0,"gold_loss":0.0,"damage_taken":0.0}],"is_beta":false,"boss_relics":[{"not_picked":["Astrolabe","Black Blood"],"picked":"Philosopher\u0027s Stone"},{"not_picked":["Coffee Dripper","Fusion Hammer"],"picked":"Cursed Key"}],"items_purged_floors":[4,22,46],"is_endless":false,"potions_floor_spawned":[1,2,14,16,27,29,30,35,40,54],"killed_by":"The Heart","ascension_level":7}