{"gold_per_floor":[113,131,60,72,35,35,66,66,66,31,31,60,60,72,72,173,173,186,198,0,0,0,30,45,45,69,86,11,11,11],"floor_reached":30,"playtime":1646,"items_purged":[],"score":384,"play_id":"5d1c3785-1696-4863-9178-1a1a5b6c63a2","local_time":"20190207101715","is_ascension_mode":true,"campfire_choices":[{"data":"Zap","floor":6.0,"key":"SMITH"},{"floor":11.0,"key":"REST"},{"data":"Defragment","floor":13.0,"key":"SMITH"},{"floor":15.0,"key":"REST"},{"data":"Darkness","floor":29,"key":"SMITH"}],"neow_cost":"NONE","seed_source_timestamp":40971301160233,"circlet_count":0,"master_deck":["AscendersBane","Defend_B","Defend_B","Defend_B","Defend_B","Zap+1","Dualcast","Gash","Rebound","Barrage","Coolheaded","Ball Lightning","Reinforced Body","Biased Cognition","Defragment+1","Hologram","Multi-Cast","Darkness+1","Hello World","Conserve Battery+1","Glacier+1"],"special_seed":0,"relics":["Cracked Core","Mummified Hand","Anchor","Smiling Mask","Lizard Tail","Ornamental Fan","Art of War","Orichalcum"],"potions_floor_usage":[23,23],"damage_taken":[{"damage":1.0,"enemies":"Cultist","floor":1.0,"turns":3.0},{"damage":8.0,"enemies":"Jaw Worm","floor":2.0,"turns":4.0},{"damage":16.0,"enemies":"Small Slimes","floor":4.0,"turns":4.0},{"damage":30.0,"enemies":"Lagavulin","floor":7.0,"turns":7.0},{"damage":2.0,"enemies":"Gremlin Nob","floor":12.0,"turns":3.0},{"damage":0.0,"enemies":"Looter","floor":14.0,"turns":2.0},{"damage":11.0,"enemies":"The Guardian","floor":16.0,"turns":11.0},{"damage":4.0,"enemies":"3 Byrds","floor":18.0,"turns":4.0},{"damage":9.0,"enemies":"Chosen","floor":19.0,"turns":4.0},{"damage":44,"enemies":"Gremlin Leader","floor":23,"turns":9},{"damage":20,"enemies":"Sentry and Sphere","floor":24,"turns":4},{"damage":5,"enemies":"Chosen and Byrds","floor":27,"turns":8},{"damage":44,"enemies":"Slavers","floor":30,"turns":5}],"seed_played":"-3604887878654848062","potions_obtained":[{"floor":2.0,"key":"SpeedPotion"},{"floor":4.0,"key":"SkillPotion"},{"floor":16.0,"key":"Ancient Potion"},{"floor":18.0,"key":"Poison Potion"},{"floor":27,"key":"EssenceOfSteel"}],"is_trial":false,"path_per_floor":["M","M","$","M","$","R","E","?","T","$","R","E","R","M","R","B",null,"M","M","?","$","?","E","M","?","T","M","?","R","E"],"character_chosen":"DEFECT","items_purchased":["Barrage","Coolheaded","Reinforced Body","Defragment"],"campfire_rested":2,"item_purchase_floors":[3,3,5,10],"current_hp_per_floor":[67,59,59,43,43,43,13,13,13,13,35,33,33,33,55,44,67,63,54,54,54,54,10,32,32,32,27,27,27,0],"gold":11,"neow_bonus":"REMOVE_CARD","is_prod":false,"is_daily":false,"chose_seed":false,"campfire_upgraded":3,"win_rate":0,"timestamp":1549531035,"path_taken":["M","M","$","M","?","R","E","?","T","?","R","E","R","M","R","BOSS","M","M","?","$","?","E","M","?","T","?","?","R","E"],"build_version":"2019-01-23","purchased_purges":0,"victory":false,"max_hp_per_floor":[75,75,75,75,75,75,75,75,75,75,75,75,75,75,75,75,75,75,75,75,75,75,75,75,75,75,75,75,75,75],"card_choices":[{"not_picked":["Reprogram","Double Energy"],"picked":"Gash","floor":1.0},{"not_picked":["Turbo","Capacitor"],"picked":"Rebound","floor":2.0},{"not_picked":["Coolheaded","Barrage"],"picked":"Ball Lightning","floor":4.0},{"not_picked":["Force Field","Leap"],"picked":"Biased Cognition","floor":7.0},{"not_picked":["Stack","Rip and Tear","Biased Cognition"],"picked":"SKIP","floor":12.0},{"not_picked":["Ball Lightning","Cold Snap"],"picked":"Hologram","floor":14.0},{"not_picked":["Amplify","Machine Learning"],"picked":"Multi-Cast","floor":16.0},{"not_picked":["Barrage","Reprogram","Redo"],"picked":"SKIP","floor":18.0},{"not_picked":["Turbo","Stack+1","Static Discharge"],"picked":"SKIP","floor":19.0},{"not_picked":["Coolheaded","Beam Cell+1"],"picked":"Conserve Battery+1","floor":23},{"not_picked":["Hologram+1","Tempest"],"picked":"Glacier+1","floor":24},{"not_picked":["Cold Snap+1","Ball Lightning+1","Hologram"],"picked":"SKIP","floor":27}],"player_experience":322944,"relics_obtained":[{"floor":7.0,"key":"Mummified Hand"},{"floor":9.0,"key":"Anchor"},{"floor":12.0,"key":"Smiling Mask"},{"floor":23,"key":"Ornamental Fan"},{"floor":26,"key":"Orichalcum"}],"event_choices":[{"damage_healed":0.0,"max_hp_gain":0.0,"max_hp_loss":0.0,"gold_gain":0.0,"event_name":"Liars Game","player_choice":"Ignored","floor":8.0,"gold_loss":0.0,"damage_taken":0.0},{"damage_healed":0.0,"max_hp_gain":0.0,"max_hp_loss":0.0,"gold_gain":0.0,"event_name":"Masked Bandits","player_choice":"Paid Fearfully","floor":20.0,"gold_loss":198.0,"damage_taken":0.0},{"damage_healed":0.0,"max_hp_gain":0.0,"max_hp_loss":0.0,"gold_gain":0.0,"cards_transformed":["Strike_B","Strike_B"],"event_name":"Drug Dealer","player_choice":"Became Test Subject","floor":22.0,"gold_loss":0.0,"damage_taken":0.0,"cards_obtained":["Darkness","Hello World"]},{"damage_healed":0,"gold_gain":0,"player_choice":"Gave Potion","damage_taken":0,"relics_obtained":["Art of War"],"max_hp_gain":0,"max_hp_loss":0,"event_name":"WeMeetAgain","floor":25,"gold_loss":0},{"cards_removed":["Strike_B"],"damage_healed":0,"gold_gain":0,"player_choice":"Gave Gold","damage_taken":0,"max_hp_gain":0,"max_hp_loss":0,"event_name":"Beggar","floor":28,"gold_loss":75}],"is_beta":false,"boss_relics":[{"not_picked":["FrozenCore","Calling Bell"],"picked":"Lizard Tail"}],"items_purged_floors":[],"is_endless":false,"potions_floor_spawned":[2,4,16,18,27],"killed_by":"Slavers","ascension_level":10}