{"gold_per_floor":[111,111,124,199,1,1,33,33,33,59,59,113,138,154,154,154],"floor_reached":16,"playtime":1033,"items_purged":["Doubt"],"score":145,"play_id":"1c0d7562-595c-43b4-9747-38c9a6c554be","local_time":"20190131102012","is_ascension_mode":true,"campfire_choices":[{"data":"Neutralize","floor":6.0,"key":"SMITH"},{"data":"Footwork","floor":11.0,"key":"SMITH"},{"floor":15.0,"key":"REST"}],"neow_cost":"CURSE","seed_source_timestamp":520491577871199,"circlet_count":0,"master_deck":["Defend_G","Defend_G","Defend_G","Defend_G","Defend_G","Strike_G","Strike_G","Strike_G","Strike_G","Strike_G","Survivor","Neutralize+1","Footwork+1","Masterful Stab","Dagger Spray","PiercingWail","Quick Slash","Blade Dance","Backflip","Footwork","Blade Dance"],"special_seed":0,"relics":["Ring of the Snake","Bird Faced Urn","Dream Catcher","Bag of Marbles","Anchor","Blood Vial"],"potions_floor_usage":[16],"damage_taken":[{"damage":3.0,"enemies":"Jaw Worm","floor":1.0,"turns":7.0},{"damage":0.0,"enemies":"Cultist","floor":3.0,"turns":5.0},{"damage":33.0,"enemies":"Lagavulin","floor":7.0,"turns":10.0},{"damage":4.0,"enemies":"3 Sentries","floor":10.0,"turns":6.0},{"damage":16.0,"enemies":"Gremlin Nob","floor":13.0,"turns":3.0},{"damage":0.0,"enemies":"2 Louse","floor":14.0,"turns":2.0},{"damage":65,"enemies":"The Guardian","floor":16,"turns":19}],"seed_played":"3936218729141100886","potions_obtained":[{"floor":2.0,"key":"Regen Potion"},{"floor":2.0,"key":"FearPotion"},{"floor":2.0,"key":"AttackPotion"},{"floor":7.0,"key":"Block Potion"}],"is_trial":false,"path_per_floor":["M","?","M","?","$","R","E","$","T","E","R","?","E","M","R","B"],"character_chosen":"THE_SILENT","items_purchased":["Dagger Spray","PiercingWail","SteroidPotion"],"campfire_rested":1,"item_purchase_floors":[5,5,5],"current_hp_per_floor":[67,67,69,58,58,58,27,27,27,25,25,25,11,13,34,0],"gold":154,"neow_bonus":"ONE_RARE_RELIC","is_prod":false,"is_daily":false,"chose_seed":false,"campfire_upgraded":2,"win_rate":0,"timestamp":1548926412,"path_taken":["M","?","?","?","$","R","E","?","T","E","R","?","E","M","R","BOSS"],"build_version":"2019-01-23","purchased_purges":1,"victory":false,"max_hp_per_floor":[70,70,70,70,70,70,70,70,70,70,70,70,70,70,70,70],"card_choices":[{"not_picked":["Blur","Dash"],"picked":"Footwork","floor":1.0},{"not_picked":["Skewer","Slice"],"picked":"Masterful Stab","floor":3.0},{"not_picked":["Concentrate","Dagger Spray"],"picked":"Quick Slash","floor":7.0},{"not_picked":["Catalyst","Prepared"],"picked":"Blade Dance","floor":10.0},{"not_picked":["Blade Dance","Bullet Time"],"picked":"Backflip","floor":13.0},{"not_picked":["Accuracy","Sucker Punch"],"picked":"Footwork","floor":14.0},{"not_picked":["Acrobatics","Underhanded Strike"],"picked":"Blade Dance","floor":15.0}],"player_experience":207106,"relics_obtained":[{"floor":7.0,"key":"Dream Catcher"},{"floor":9.0,"key":"Bag of Marbles"},{"floor":10.0,"key":"Anchor"},{"floor":13.0,"key":"Blood Vial"}],"event_choices":[{"damage_healed":0.0,"max_hp_gain":0.0,"max_hp_loss":0.0,"gold_gain":0.0,"event_name":"Lab","player_choice":"Got Potions","floor":2.0,"gold_loss":0.0,"damage_taken":0.0},{"damage_healed":0.0,"max_hp_gain":0.0,"max_hp_loss":0.0,"gold_gain":75.0,"event_name":"World of Goop","player_choice":"Gather Gold","floor":4.0,"gold_loss":0.0,"damage_taken":11.0},{"damage_healed":0.0,"max_hp_gain":0.0,"max_hp_loss":0.0,"gold_gain":54.0,"event_name":"Golden Wing","player_choice":"Gained Gold","floor":12.0,"gold_loss":0.0,"damage_taken":0.0}],"is_beta":false,"boss_relics":[],"items_purged_floors":[5],"is_endless":false,"potions_floor_spawned":[7],"killed_by":"The Guardian","ascension_level":5}