{"gold_per_floor":[117,128,128,140,44,44,119,119,119,144,144,179,195,225,225,299,299,311,131,131,181,181,181,216,81,106,106,125,125],"floor_reached":29,"playtime":1125,"items_purged":["Decay","Decay"],"score":494,"play_id":"721acfe6-f1aa-42e5-b3bf-fbc73d3887d0","local_time":"20190428163727","is_ascension_mode":true,"campfire_choices":[{"data":"Storm","floor":6.0,"key":"SMITH"},{"floor":8.0,"key":"REST"},{"floor":11.0,"key":"REST"},{"data":"Static Discharge","floor":15.0,"key":"SMITH"},{"floor":23,"key":"REST"},{"floor":27,"key":"REST"}],"neow_cost":"NONE","seed_source_timestamp":0,"circlet_count":0,"master_deck":["AscendersBane","Strike_B","Strike_B","Strike_B","Strike_B","Defend_B","Defend_B","Defend_B","Defend_B","Zap","Dualcast","Static Discharge+1","Glacier","Rebound","Storm+1","Biased Cognition","Loop","Echo Form","Doubt","Cold Snap+1","Defragment","Beam Cell+1","FTL+1","White Noise"],"special_seed":0,"relics":["Cracked Core","Question Card","Singing Bowl","Pantograph","Calling Bell","Smiling Mask","Molten Egg 2","Pocketwatch","Sundial","Strawberry","Oddly Smooth Stone"],"potions_floor_usage":[28,29],"damage_taken":[{"damage":0.0,"enemies":"Small Slimes","floor":1.0,"turns":4.0},{"damage":0.0,"enemies":"2 Louse","floor":2.0,"turns":3.0},{"damage":3.0,"enemies":"Jaw Worm","floor":4.0,"turns":4.0},{"damage":21.0,"enemies":"Gremlin Nob","floor":10.0,"turns":4.0},{"damage":15.0,"enemies":"3 Sentries","floor":12.0,"turns":5.0},{"damage":11.0,"enemies":"Blue Slaver","floor":13.0,"turns":3.0},{"damage":18.0,"enemies":"Slime Boss","floor":16.0,"turns":11.0},{"damage":9,"enemies":"Chosen","floor":18,"turns":5},{"damage":70,"enemies":"Gremlin Leader","floor":24,"turns":6},{"damage":9,"enemies":"Shell Parasite","floor":28,"turns":4},{"damage":28,"enemies":"Snake Plant","floor":29,"turns":2}],"seed_played":"-4596643516732589771","potions_obtained":[{"floor":0.0,"key":"FocusPotion"},{"floor":0.0,"key":"Fire Potion"},{"floor":1.0,"key":"GamblersBrew"},{"floor":10.0,"key":"FocusPotion"},{"floor":13.0,"key":"Strength Potion"},{"floor":16.0,"key":"LiquidBronze"}],"is_trial":false,"path_per_floor":["M","M","?","M","$","R","?","R","T","E","R","E","M","?","R","B",null,"M","$","?","?","T","R","E","$","T","R","M","M"],"character_chosen":"DEFECT","items_purchased":["Storm","PowerPotion","Defragment","Beam Cell+1","FTL+1"],"campfire_rested":4,"item_purchase_floors":[5,5,19,19,25],"current_hp_per_floor":[64,64,64,61,61,61,50,71,71,50,71,56,47,47,47,54,68,59,59,59,59,59,73,12,12,12,36,27,0],"gold":125,"neow_bonus":"THREE_SMALL_POTIONS","is_prod":false,"is_daily":false,"chose_seed":false,"campfire_upgraded":2,"win_rate":0,"timestamp":1556458647,"path_taken":["M","M","?","M","$","R","?","R","T","E","R","E","M","?","R","BOSS","M","$","?","?","?","R","E","$","T","R","?","M"],"build_version":"2019-01-23","purchased_purges":2,"victory":false,"max_hp_per_floor":[71,71,71,71,71,71,71,71,71,71,71,71,73,73,73,73,73,73,73,73,73,73,73,82,82,82,82,82,82],"card_choices":[{"not_picked":["Leap","Cold Snap"],"picked":"Static Discharge","floor":1.0},{"not_picked":["Hologram","Chill"],"picked":"Glacier","floor":2.0},{"not_picked":["Go for the Eyes","Scrape"],"picked":"Rebound","floor":4.0},{"not_picked":["Leap","Chaos","Sunder"],"picked":"Biased Cognition","floor":10.0},{"not_picked":["Melter","Recycle","Fusion"],"picked":"Loop","floor":12.0},{"not_picked":["FTL","Beam Cell","Gash","Leap"],"picked":"Singing Bowl","floor":13.0},{"not_picked":["Hyperbeam","All For One","Biased Cognition"],"picked":"Echo Form","floor":16.0},{"not_picked":["Recycle+1","Turbo","Gash+1"],"picked":"Cold Snap+1","floor":18},{"not_picked":["Sweeping Beam+1","Redo","Rebound+1","Genetic Algorithm"],"picked":"Singing Bowl","floor":24},{"not_picked":["Stack","Sweeping Beam+1","Redo+1"],"picked":"White Noise","floor":28}],"player_experience":1255380,"relics_obtained":[{"floor":9.0,"key":"Question Card"},{"floor":10.0,"key":"Singing Bowl"},{"floor":12.0,"key":"Pantograph"},{"floor":17.0,"key":"Smiling Mask"},{"floor":17.0,"key":"Molten Egg 2"},{"floor":17.0,"key":"Pocketwatch"},{"floor":22,"key":"Sundial"},{"floor":24,"key":"Strawberry"},{"floor":26,"key":"Oddly Smooth Stone"}],"event_choices":[{"damage_healed":0.0,"max_hp_gain":0.0,"max_hp_loss":0.0,"gold_gain":0.0,"event_name":"Shining Light","player_choice":"Ignored","floor":3.0,"gold_loss":0.0,"damage_taken":0.0},{"damage_healed":0.0,"max_hp_gain":0.0,"max_hp_loss":0.0,"gold_gain":75.0,"event_name":"World of Goop","player_choice":"Gather Gold","floor":7.0,"gold_loss":0.0,"damage_taken":11.0},{"damage_healed":0.0,"max_hp_gain":0.0,"max_hp_loss":0.0,"gold_gain":30.0,"event_name":"Dead Adventurer","player_choice":"Searched \u00272\u0027 times","floor":14.0,"gold_loss":0.0,"damage_taken":0.0},{"damage_healed":0,"gold_gain":0,"player_choice":"Ignored","damage_taken":0,"max_hp_gain":0,"max_hp_loss":0,"event_name":"Vampires","floor":20,"gold_loss":0},{"damage_healed":0,"gold_gain":50,"player_choice":"Stole From Cult","damage_taken":0,"max_hp_gain":0,"max_hp_loss":0,"event_name":"Nest","floor":21,"gold_loss":0}],"is_beta":false,"boss_relics":[{"not_picked":["Runic Pyramid","White Beast Statue"],"picked":"Calling Bell"}],"items_purged_floors":[19,25],"is_endless":false,"potions_floor_spawned":[1,10,13,16],"killed_by":"Snake Plant","ascension_level":20}