{"gold_per_floor":[119,44,60,78,78,78,78,121,147,147,172,192,211,211,211,334,334,357,357,382,407,407],"floor_reached":22,"playtime":1721,"items_purged":["Regret"],"score":254,"play_id":"24b37f63-628c-454d-bb29-49c8e4447173","local_time":"20190125103536","is_ascension_mode":true,"campfire_choices":[{"data":"Dual Wield","floor":6.0,"key":"SMITH"},{"data":"Shockwave","floor":10.0,"key":"SMITH"},{"data":"Armaments","floor":15.0,"key":"SMITH"}],"neow_cost":"CURSE","seed_source_timestamp":1601273165336,"circlet_count":0,"master_deck":["Strike_R","Strike_R","Strike_R","Strike_R","Strike_R","Defend_R","Defend_R","Defend_R","Defend_R","Bash+1","Dual Wield+1","Clash","Shockwave+1","Armaments+1","Thunderclap","Demon Form","True Grit","Clash","Clothesline"],"special_seed":0,"relics":["Burning Blood","Champion Belt","Golden Idol","Smiling Mask","Omamori","Cursed Key"],"potions_floor_usage":[],"damage_taken":[{"damage":9.0,"enemies":"2 Louse","floor":1.0,"turns":4.0},{"damage":6.0,"enemies":"Cultist","floor":3.0,"turns":3.0},{"damage":7.0,"enemies":"Jaw Worm","floor":4.0,"turns":2.0},{"damage":36.0,"enemies":"Lagavulin","floor":8.0,"turns":6.0},{"damage":12.0,"enemies":"Lots of Slimes","floor":11.0,"turns":5.0},{"damage":2.0,"enemies":"Blue Slaver","floor":12.0,"turns":3.0},{"damage":15.0,"enemies":"Red Slaver","floor":13.0,"turns":5.0},{"damage":23.0,"enemies":"The Guardian","floor":16.0,"turns":13.0},{"damage":28.0,"enemies":"3 Byrds","floor":18.0,"turns":6.0},{"damage":9.0,"enemies":"2 Thieves","floor":20.0,"turns":2.0},{"damage":25.0,"enemies":"Snake Plant","floor":21.0,"turns":5.0},{"damage":14,"enemies":"3 Cultists","floor":22,"turns":3}],"seed_played":"9027923669846519358","potions_obtained":[{"floor":3.0,"key":"SkillPotion"},{"floor":4.0,"key":"Ancient Potion"},{"floor":11.0,"key":"SkillPotion"},{"floor":12.0,"key":"Ancient Potion"},{"floor":14.0,"key":"SpeedPotion"},{"floor":14.0,"key":"Ancient Potion"}],"is_trial":false,"path_per_floor":["M","M","$","M","M","?","R","?","E","T","R","M","M","M","?","R","B",null,"M","?","M","M","M"],"character_chosen":"IRONCLAD","items_purchased":[],"campfire_rested":0,"item_purchase_floors":[],"current_hp_per_floor":[69,69,69,68,68,68,68,38,38,38,32,36,27,27,27,10,58,36,36,33,14,0],"gold":407,"neow_bonus":"ONE_RARE_RELIC","is_prod":false,"is_daily":false,"chose_seed":false,"campfire_upgraded":3,"win_rate":0,"timestamp":1548408936,"path_taken":["M","$","M","M","?","R","?","E","T","R","M","M","M","?","R","BOSS","M","?","?","M","?"],"build_version":"2018-12-20","purchased_purges":1,"victory":false,"max_hp_per_floor":[80,80,80,80,74,74,74,74,74,74,74,74,74,74,74,74,74,74,74,74,74,74],"card_choices":[{"not_picked":["Power Through","Thunderclap"],"picked":"Dual Wield","floor":1.0},{"not_picked":["Perfected Strike","Wild Strike"],"picked":"Clash","floor":3.0},{"not_picked":["Second Wind","Sword Boomerang","Flex"],"picked":"SKIP","floor":4.0},{"not_picked":["Heavy Blade","Clothesline"],"picked":"Shockwave","floor":8.0},{"not_picked":["Intimidate","Searing Blow"],"picked":"Armaments","floor":11.0},{"not_picked":["Warcry","Second Wind"],"picked":"Thunderclap","floor":12.0},{"not_picked":["Sword Boomerang","Sever Soul","Perfected Strike"],"picked":"SKIP","floor":13.0},{"not_picked":["Impervious","Dark Embrace"],"picked":"Demon Form","floor":16.0},{"not_picked":["Fire Breathing+1","Heavy Blade+1"],"picked":"True Grit","floor":18.0},{"not_picked":["Flex","Perfected Strike"],"picked":"Clothesline","floor":20.0},{"not_picked":["Carnage","Rupture","Clothesline"],"picked":"SKIP","floor":21.0}],"player_experience":148877,"relics_obtained":[{"floor":8.0,"key":"Smiling Mask"},{"floor":9.0,"key":"Omamori"}],"event_choices":[{"damage_healed":0.0,"max_hp_gain":0.0,"max_hp_loss":6.0,"gold_gain":0.0,"event_name":"Golden Idol","player_choice":"Lose Max HP","floor":5.0,"gold_loss":0.0,"damage_taken":0.0,"relics_obtained":["Golden Idol"]},{"damage_healed":0.0,"max_hp_gain":0.0,"max_hp_loss":0.0,"gold_gain":0.0,"event_name":"Living Wall","player_choice":"Grow","floor":7.0,"gold_loss":0.0,"damage_taken":0.0,"cards_upgraded":["Bash"]},{"damage_healed":0.0,"max_hp_gain":0.0,"max_hp_loss":0.0,"gold_gain":0.0,"event_name":"Lab","player_choice":"Got Potions","floor":14.0,"gold_loss":0.0,"damage_taken":0.0},{"damage_healed":0.0,"max_hp_gain":0.0,"max_hp_loss":0.0,"gold_gain":0.0,"event_name":"Duplicator","player_choice":"Copied","floor":19.0,"gold_loss":0.0,"damage_taken":0.0,"cards_obtained":["Clash"]}],"is_beta":false,"boss_relics":[{"not_picked":["Mark of Pain","Pandora\u0027s Box"],"picked":"Cursed Key"}],"items_purged_floors":[2],"is_endless":false,"potions_floor_spawned":[3,4,11,12],"killed_by":"3 Cultists","ascension_level":7}