{"gold_per_floor":[117,134,134,144,161,191,191,217,217,142,142,158,186,200,200,278,278,298,149,64,64,64,80,80,80,80,127,151,163,175,199,211,223],"floor_reached":33,"playtime":2227,"items_purged":["Regret","Strike_B"],"score":485,"play_id":"f7830522-dc64-4c18-9b2d-cc56cd733283","local_time":"20180812192105","is_ascension_mode":true,"campfire_choices":[{"floor":7,"key":"REST"},{"floor":11,"key":"REST"},{"data":"Zap","floor":15,"key":"SMITH"},{"data":"Tempest","floor":24,"key":"SMITH"},{"data":"Go for the Eyes","floor":29,"key":"SMITH"},{"data":"Dualcast","floor":32,"key":"SMITH"}],"neow_cost":"NONE","seed_source_timestamp":32542452325746,"circlet_count":0,"master_deck":["Strike_B","Strike_B","Strike_B","Defend_B","Defend_B","Defend_B","Defend_B","Zap+1","Dualcast+1","AscendersBane","Tempest+1","Melter","Go for the Eyes+1","Glacier","Core Surge","Cold Snap","Core Surge","Steam","Conserve Battery","Ball Lightning","Auto Shields","Reboot","Leap+1"],"relics":["Cracked Core","Art of War","Vajra","Torii","Meat on the Bone","Cables","Matryoshka","Velvet Choker","Dream Catcher","Symbiotic Virus","MawBank","Bag of Preparation"],"potions_floor_usage":[6,6,13,16,27,33,33],"damage_taken":[{"damage":4,"enemies":"2 Louse","floor":1,"turns":2},{"damage":4,"enemies":"Small Slimes","floor":2,"turns":4},{"damage":1,"enemies":"Cultist","floor":4,"turns":3},{"damage":15,"enemies":"Red Slaver","floor":5,"turns":3},{"damage":23,"enemies":"3 Sentries","floor":6,"turns":9},{"damage":20,"enemies":"Lagavulin","floor":8,"turns":8},{"damage":8,"enemies":"3 Louse","floor":12,"turns":3},{"damage":11,"enemies":"Gremlin Nob","floor":13,"turns":3},{"damage":1,"enemies":"2 Fungi Beasts","floor":14,"turns":2},{"damage":4,"enemies":"The Guardian","floor":16,"turns":11},{"damage":0,"enemies":"Shell Parasite","floor":18,"turns":4},{"damage":0,"enemies":"Spheric Guardian","floor":23,"turns":1},{"damage":14,"enemies":"Book of Stabbing","floor":27,"turns":4},{"damage":0,"enemies":"3 Cultists","floor":28,"turns":4},{"damage":1,"enemies":"Centurion and Healer","floor":31,"turns":5},{"damage":66,"enemies":"Champ","floor":33,"turns":12}],"seed_played":"3962766428824165633","potions_obtained":[{"floor":1,"key":"GamblersBrew"},{"floor":2,"key":"SkillPotion"},{"floor":8,"key":"AttackPotion"},{"floor":13,"key":"Fire Potion"},{"floor":14,"key":"Strength Potion"},{"floor":23,"key":"Dexterity Potion"},{"floor":27,"key":"Energy Potion"}],"is_trial":false,"path_per_floor":["M","M","?","M","M","E","R","E","T","$","R","M","E","M","R","B",null,"M","$","?","$","?","M","R","?","T","E","M","R","$","M","R"],"character_chosen":"DEFECT","items_purchased":["Conserve Battery"],"campfire_rested":2,"item_purchase_floors":[19],"current_hp_per_floor":[60,56,56,55,40,17,38,18,18,18,39,43,44,43,43,39,63,63,63,63,63,50,50,50,50,50,48,48,48,48,47,47,0],"gold":223,"neow_bonus":"RANDOM_COMMON_RELIC","is_prod":false,"is_daily":false,"chose_seed":false,"campfire_upgraded":4,"win_rate":0,"timestamp":1534126865,"path_taken":["M","M","?","M","?","E","R","E","T","$","R","M","E","M","R","BOSS","M","$","?","?","?","M","R","?","T","E","M","R","?","M","R","BOSS"],"build_version":"2018-08-09","purchased_purges":2,"victory":false,"max_hp_per_floor":[71,71,71,71,71,71,71,71,71,71,71,71,71,71,71,71,71,71,71,71,71,76,76,76,76,76,76,76,76,76,76,76,76],"card_choices":[{"not_picked":["Static Discharge","Turbo"],"picked":"Tempest","floor":1},{"not_picked":["Scrape","Heatsinks"],"picked":"Melter","floor":2},{"not_picked":["FTL","Hologram"],"picked":"Go for the Eyes","floor":4},{"not_picked":["Compile Driver","Force Field"],"picked":"Glacier","floor":5},{"not_picked":["Gash","Storm","Sweeping Beam"],"picked":"SKIP","floor":6},{"not_picked":["Stack","Reinforced Body"],"picked":"Core Surge","floor":8},{"not_picked":["Stack","Barrage"],"picked":"Cold Snap","floor":12},{"not_picked":["Streamline","Sweeping Beam"],"picked":"Core Surge","floor":13},{"not_picked":["Rip and Tear","Stack"],"picked":"Steam","floor":14},{"not_picked":["Steam","Sweeping Beam","Turbo"],"picked":"SKIP","floor":18},{"not_picked":["Streamline","Compile Driver"],"picked":"Ball Lightning","floor":23},{"not_picked":["Tempest","FTL"],"picked":"Auto Shields","floor":27},{"not_picked":["Steam","Hologram"],"picked":"Reboot","floor":28},{"not_picked":["Steam","Conserve Battery"],"picked":"Leap+1","floor":31}],"player_experience":752442,"relics_obtained":[{"floor":6,"key":"Torii"},{"floor":8,"key":"Meat on the Bone"},{"floor":9,"key":"Cables"},{"floor":13,"key":"Matryoshka"},{"floor":26,"key":"Symbiotic Virus"},{"floor":26,"key":"MawBank"},{"floor":27,"key":"Bag of Preparation"}],"event_choices":[{"event_name":"Big Fish","player_choice":"Box","floor":3,"damage_taken":0},{"event_name":"Addict","player_choice":"Obtained Relic","floor":20,"damage_taken":0},{"event_name":"Forgotten Altar","player_choice":"Shed Blood","floor":22,"damage_taken":0},{"event_name":"Vampires","player_choice":"Ignored","floor":25,"damage_taken":0}],"is_beta":false,"boss_relics":[{"not_picked":["Black Star","Calling Bell"],"picked":"Velvet Choker"}],"items_purged_floors":[10,19],"is_endless":false,"potions_floor_spawned":[1,2,8,13,14,23,27],"killed_by":"Champ","ascension_level":14}