{"path_per_floor":["M","M","M","?","M","R","E","R","T","R","E","M","$","?","R","B",null,"M","?","M","$","?","R","E","R","T","M","M","?","R","$","R","B",null,"M","M","$","M","M","R","?","R","T","?","M","R","E","M","R","B"],"character_chosen":"IRONCLAD","items_purchased":["Shrug It Off"],"gold_per_floor":[18,28,38,38,48,48,80,80,80,80,113,123,48,48,48,168,206,231,154,167,67,67,67,111,111,111,126,149,149,149,0,0,121,121,135,156,6,30,45,45,0,0,0,0,15,15,54,74,74,74],"floor_reached":51,"campfire_rested":6,"playtime":2926,"current_hp_per_floor":[94,91,86,67,58,58,64,64,64,64,44,44,44,20,48,35,86,88,88,76,76,76,76,35,65,75,50,37,21,21,21,54,40,93,91,81,81,45,28,61,61,94,94,94,85,85,57,36,69,35],"items_purged":["Strike_R","Strike_R","Strike_R","Strike_R"],"gold":74,"score":1058,"play_id":"fb01ebb8-eab1-48ff-8fdf-12f71a6ac9ac","local_time":"20180502221540","is_prod":false,"is_daily":false,"chose_seed":false,"is_ascension_mode":true,"campfire_upgraded":6,"timestamp":1525324540,"path_taken":["BOSS","M","M","M","?","M","R","E","R","T","R","E","?","?","?","R","BOSS","M","?","M","$","?","R","E","R","T","M","M","?","R","$","R","BOSS","M","M","$","M","?","R","?","R","T","?","?","R","E","M","R","BOSS"],"build_version":"2018-04-28v2","seed_source_timestamp":0,"purchased_purges":6,"victory":true,"master_deck":["Strike_R+1","Defend_R","Defend_R","Defend_R","Defend_R+1","Bash+1","AscendersBane","Inflame+1","Metallicize+1","Uppercut+1","Whirlwind","True Grit","Combust+1","Demon Form+1","Heavy Blade+1","Heavy Blade","Necronomicurse","Shrug It Off","Disarm","Berserk+1","Limit Break","Panacea+1","Metallicize+1","Heavy Blade","Blood for Blood+1"],"max_hp_per_floor":[96,96,96,96,96,96,96,96,96,96,96,96,96,96,96,96,101,101,101,101,101,101,101,101,101,111,111,111,111,111,111,111,111,111,111,111,111,111,111,111,111,111,111,111,111,111,111,111,111,111],"relics":["Burning Blood","Dream Catcher","Pantograph","Dead Branch","Golden Idol","Tiny House","Frozen Egg 2","Whetstone","Pear","Necronomicon","Runic Dome","Red Mask","Bag of Preparation","Art of War"],"card_choices":[{"not_picked":["True Grit","Burning Pact"],"picked":"Inflame","floor":1},{"not_picked":["Rupture","Thunderclap"],"picked":"Metallicize","floor":3},{"not_picked":["True Grit","Reckless Charge"],"picked":"Uppercut","floor":5},{"not_picked":["Sentinel","Bludgeon"],"picked":"Whirlwind","floor":11},{"not_picked":["Cleave","Pummel"],"picked":"True Grit","floor":12},{"not_picked":["Perfected Strike","True Grit"],"picked":"Combust","floor":15},{"not_picked":["Exhume","Bludgeon"],"picked":"Demon Form","floor":16},{"not_picked":["Inflame","Battle Trance"],"picked":"Heavy Blade","floor":17},{"not_picked":["True Grit","Bloodletting"],"picked":"Heavy Blade","floor":27},{"not_picked":["Sword Boomerang","Pummel"],"picked":"Disarm","floor":32},{"not_picked":["Limit Break","Reaper"],"picked":"Berserk","floor":33},{"not_picked":["Sword Boomerang","Body Slam"],"picked":"Limit Break","floor":40},{"not_picked":["Swift Strike","Trip"],"picked":"Panacea","floor":44},{"not_picked":["Pommel Strike","Corruption"],"picked":"Metallicize","floor":45},{"not_picked":["True Grit","Pummel"],"picked":"Heavy Blade","floor":47},{"not_picked":["Clash","Shrug It Off"],"picked":"Blood for Blood","floor":49}],"player_experience":424050,"potions_floor_usage":[7,16,24,28,33,33,33,50,50,50],"damage_taken":[{"damage":0,"enemies":"Small Slimes","floor":1,"turns":3},{"damage":9,"enemies":"Jaw Worm","floor":2,"turns":5},{"damage":11,"enemies":"Cultist","floor":3,"turns":5},{"damage":15,"enemies":"Red Slaver","floor":5,"turns":5},{"damage":15,"enemies":"3 Sentries","floor":7,"turns":11},{"damage":26,"enemies":"Gremlin Nob","floor":11,"turns":5},{"damage":6,"enemies":"3 Louse","floor":12,"turns":4},{"damage":44,"enemies":"The Guardian","floor":16,"turns":14},{"damage":4,"enemies":"3 Byrds","floor":18,"turns":5},{"damage":18,"enemies":"Chosen","floor":20,"turns":6},{"damage":47,"enemies":"Book of Stabbing","floor":24,"turns":5},{"damage":31,"enemies":"Snake Plant","floor":27,"turns":6},{"damage":31,"enemies":"3 Cultists","floor":28,"turns":5},{"damage":45,"enemies":"Champ","floor":33,"turns":11},{"damage":8,"enemies":"Orb Walker","floor":35,"turns":3},{"damage":16,"enemies":"3 Shapes","floor":36,"turns":4},{"damage":42,"enemies":"Sphere and 2 Shapes","floor":38,"turns":5},{"damage":23,"enemies":"Maw","floor":39,"turns":5},{"damage":15,"enemies":"3 Darklings","floor":45,"turns":2},{"damage":34,"enemies":"Nemesis","floor":47,"turns":5},{"damage":27,"enemies":"4 Shapes","floor":48,"turns":5},{"damage":65,"enemies":"Time Eater","floor":50,"turns":7}],"event_choices":[{"event_name":"Shining Light","player_choice":"Entered Light","floor":4,"damage_taken":0},{"event_name":"Golden Idol","player_choice":"Take Damage","floor":14,"damage_taken":0},{"event_name":"Drug Dealer","player_choice":"Got JAXXED","floor":19,"damage_taken":0},{"event_name":"Addict","player_choice":"Gave JAX","floor":22,"damage_taken":0},{"event_name":"Cursed Tome","player_choice":"Obtained Book","floor":29,"damage_taken":0},{"event_name":"Tomb of Lord Red Mask","player_choice":"Paid","floor":41,"damage_taken":0},{"event_name":"SensoryStone","player_choice":"Memory 1","floor":44,"damage_taken":0}],"boss_relics":[{"not_picked":["Black Blood","Philosopher\u0027s Stone"],"picked":"Tiny House"},{"not_picked":["Calling Bell","Runic Cube"],"picked":"Runic Dome"}],"potions_floor_spawned":[2,3,12,16,24,28,33,35,38,47,48],"seed_played":"-8106710601500250576","ascension_level":10,"is_trial":false}