{"path_per_floor":["M","M","M","M","M","E","R","M","T","R","?","E","R","M","R","B",null,"M","?","M","$","M","R","E","?","T","$","$","M","?","M","R","B",null,"M","?","M","?","?","E","M","R","T","M","M","R","$","?","R","B"],"character_chosen":"IRONCLAD","items_purchased":["Paper Frog"],"gold_per_floor":[113,133,148,160,173,202,202,212,236,236,300,326,326,345,345,445,445,445,445,445,370,370,370,370,295,295,51,51,51,51,51,51,51,51,51,51,51,51,0,0,0,0,0,0,0,0,0,0,0,0],"floor_reached":51,"campfire_rested":3,"playtime":3602,"item_purchase_floors":[],"current_hp_per_floor":[68,60,51,53,52,36,36,31,31,70,60,46,46,51,51,21,65,64,64,63,63,45,45,20,20,20,20,20,8,8,14,53,40,70,52,52,52,49,49,24,19,68,68,72,72,80,80,80,80,12],"items_purged":["Strike_R"],"gold":0,"score":1094,"play_id":"d21159b6-80e4-426d-820b-ab592cf4ea43","local_time":"20180526043740","is_prod":false,"is_daily":false,"chose_seed":false,"is_ascension_mode":true,"campfire_upgraded":6,"win_rate":0,"timestamp":1527334660,"campfire_choices":[{"data":"Combust","floor":7.0,"key":"SMITH"},{"floor":10.0,"key":"REST"},{"data":"True Grit","floor":13.0,"key":"SMITH"},{"data":"Demon Form","floor":15.0,"key":"SMITH"},{"data":"Shockwave","floor":23.0,"key":"SMITH"},{"floor":32,"key":"REST"},{"floor":42,"key":"REST"},{"data":"Heavy Blade","floor":46,"key":"SMITH"},{"data":"Uppercut","floor":49,"key":"SMITH"}],"path_taken":["M","M","M","?","M","E","R","M","T","R","?","E","R","M","R","BOSS","M","?","M","$","?","R","E","?","T","?","$","?","?","M","R","BOSS","M","?","M","?","?","E","M","R","T","M","?","R","?","?","R","BOSS"],"build_version":"2018-05-24","seed_source_timestamp":0,"purchased_purges":1,"victory":true,"master_deck":["Strike_R","Strike_R","Defend_R","Defend_R","Defend_R","Defend_R","Bash","AscendersBane","Clash","Combust+1","Clash","Seeing Red","True Grit+1","Uppercut+1","True Grit+1","Shockwave+1","Demon Form+1","Limit Break","Heavy Blade+1","Warcry","Clash","Iron Wave","Impervious","Headbutt+1","Ghostly Armor","Iron Wave+1"],"max_hp_per_floor":[80,80,80,80,80,80,80,80,80,80,80,80,80,80,80,80,80,80,80,80,80,80,80,80,80,80,80,80,80,80,80,80,80,80,80,80,80,80,80,80,80,80,80,80,80,80,80,80,80,80],"relics":["Burning Blood","Boot","Mercury Hourglass","Regal Pillow","Oddly Smooth Stone","Happy Flower","Ectoplasm","Bag of Preparation","Vajra","Paper Frog","Eternal Feather","Du-Vu Doll","Red Mask","Self Forming Clay","Bottled Flame"],"card_choices":[{"not_picked":["Wild Strike","Body Slam"],"picked":"Clash","floor":1.0},{"not_picked":["Body Slam","Twin Strike"],"picked":"Combust","floor":2.0},{"not_picked":["Havoc","Thunderclap"],"picked":"Clash","floor":3.0},{"not_picked":["Anger","Wild Strike"],"picked":"Battle Trance","floor":4.0},{"not_picked":["Cleave","Anger"],"picked":"Seeing Red","floor":5.0},{"not_picked":["Fiend Fire","Hemokinesis"],"picked":"True Grit","floor":6.0},{"not_picked":["Clash","Shrug It Off"],"picked":"Uppercut","floor":8.0},{"not_picked":["Evolve","Armaments"],"picked":"True Grit","floor":11.0},{"not_picked":["Reckless Charge","Whirlwind"],"picked":"Shockwave","floor":12.0},{"not_picked":["Thunderclap","Clash"],"picked":"Demon Form","floor":14.0},{"not_picked":["Double Tap","Bludgeon"],"picked":"Limit Break","floor":16.0},{"not_picked":["Thunderclap","Feel No Pain"],"picked":"Heavy Blade","floor":18.0},{"not_picked":["Flex","Anger","Burning Pact"],"picked":"SKIP","floor":20.0},{"not_picked":["Armaments","Perfected Strike"],"picked":"Warcry","floor":22.0},{"not_picked":["Juggernaut","Cleave+1"],"picked":"Clash","floor":24.0},{"not_picked":["Twin Strike","Infernal Blade","Burning Pact"],"picked":"SKIP","floor":29},{"not_picked":["Bloodletting","Flex+1"],"picked":"Iron Wave","floor":31},{"not_picked":["Bludgeon","Reaper"],"picked":"Impervious","floor":33},{"not_picked":["Feel No Pain+1","Twin Strike","Power Through"],"picked":"SKIP","floor":35},{"not_picked":["Second Wind","Anger+1","Perfected Strike"],"picked":"SKIP","floor":37},{"not_picked":["Perfected Strike","Cleave"],"picked":"Headbutt+1","floor":38},{"not_picked":["Havoc","Carnage+1"],"picked":"Ghostly Armor","floor":40},{"not_picked":["Second Wind+1","Entrench"],"picked":"Iron Wave+1","floor":41},{"not_picked":["Anger","Reaper","Iron Wave"],"picked":"SKIP","floor":44},{"not_picked":["Rage+1","Spot Weakness","Wild Strike+1"],"picked":"SKIP","floor":45}],"player_experience":514496,"potions_floor_usage":[29,38,45,50,50,50],"damage_taken":[{"damage":10.0,"enemies":"Cultist","floor":1.0,"turns":5.0},{"damage":14.0,"enemies":"2 Louse","floor":2.0,"turns":3.0},{"damage":15.0,"enemies":"Jaw Worm","floor":3.0,"turns":4.0},{"damage":4.0,"enemies":"Large Slime","floor":4.0,"turns":5.0},{"damage":7.0,"enemies":"Looter","floor":5.0,"turns":4.0},{"damage":22.0,"enemies":"3 Sentries","floor":6.0,"turns":7.0},{"damage":11.0,"enemies":"Blue Slaver","floor":8.0,"turns":3.0},{"damage":16.0,"enemies":"Gremlin Nob","floor":11.0,"turns":3.0},{"damage":20.0,"enemies":"Lagavulin","floor":12.0,"turns":5.0},{"damage":1.0,"enemies":"Large Slime","floor":14.0,"turns":2.0},{"damage":36.0,"enemies":"Slime Boss","floor":16.0,"turns":6.0},{"damage":7.0,"enemies":"3 Byrds","floor":18.0,"turns":4.0},{"damage":7.0,"enemies":"Chosen","floor":20.0,"turns":5.0},{"damage":24.0,"enemies":"Slaver and Parasite","floor":22.0,"turns":5.0},{"damage":31.0,"enemies":"Gremlin Leader","floor":24.0,"turns":5.0},{"damage":18,"enemies":"Sentry and Sphere","floor":29,"turns":5},{"damage":0,"enemies":"Centurion and Healer","floor":31,"turns":5},{"damage":19,"enemies":"Champ","floor":33,"turns":7},{"damage":24,"enemies":"Orb Walker","floor":35,"turns":5},{"damage":6,"enemies":"3 Shapes","floor":37,"turns":5},{"damage":9,"enemies":"Mysterious Sphere","floor":38,"turns":3},{"damage":31,"enemies":"Giant Head","floor":40,"turns":7},{"damage":11,"enemies":"3 Darklings","floor":41,"turns":5},{"damage":2,"enemies":"4 Shapes","floor":44,"turns":5},{"damage":6,"enemies":"Maw","floor":45,"turns":7},{"damage":74,"enemies":"Time Eater","floor":50,"turns":9}],"relics_obtained":[{"floor":6.0,"key":"Mercury Hourglass"},{"floor":9.0,"key":"Regal Pillow"},{"floor":12.0,"key":"Happy Flower"},{"floor":24.0,"key":"Bag of Preparation"},{"floor":26.0,"key":"Vajra"},{"floor":38,"key":"Du-Vu Doll"},{"floor":40,"key":"Self Forming Clay"},{"floor":43,"key":"Bottled Flame"}],"event_choices":[{"event_name":"Dead Adventurer","player_choice":"Searched \u00272\u0027 times","floor":11.0,"damage_taken":0.0},{"event_name":"Back to Basics","player_choice":"Elegance","floor":19.0,"damage_taken":0.0},{"event_name":"Beggar","player_choice":"Gave Gold","floor":25.0,"damage_taken":0.0},{"event_name":"Vampires","player_choice":"Ignored","floor":30,"damage_taken":0},{"event_name":"Upgrade Shrine","player_choice":"Upgraded","floor":36,"damage_taken":0},{"event_name":"Mysterious Sphere","player_choice":"Fight","floor":38,"damage_taken":0},{"event_name":"Tomb of Lord Red Mask","player_choice":"Paid","floor":39,"damage_taken":0}],"boss_relics":[{"not_picked":["Astrolabe","Philosopher\u0027s Stone"],"picked":"Eternal Feather"}],"items_purged_floors":[],"potions_floor_spawned":[3,5,8,11,14,16,22,31,35,41,44,45],"seed_played":"7334808649110502460","ascension_level":12,"potions_obtained":[{"floor":3.0,"key":"FearPotion"},{"floor":5.0,"key":"Strength Potion"},{"floor":8.0,"key":"SpeedPotion"},{"floor":11.0,"key":"Explosive Potion"},{"floor":16.0,"key":"Strength Potion"},{"floor":31,"key":"Explosive Potion"},{"floor":35,"key":"AttackPotion"},{"floor":41,"key":"SkillPotion"},{"floor":44,"key":"Fire Potion"},{"floor":45,"key":"PowerPotion"}],"is_trial":false}