{"path_per_floor":["M","M","M","M","M","R","E","R","T","E","M","R","M","M","R"],"character_chosen":"IRONCLAD","items_purchased":[],"gold_per_floor":[119,131,150,169,179,179,214,214,214,248,268,268,283,295,295,295],"floor_reached":16,"campfire_rested":1,"playtime":1017,"current_hp_per_floor":[72,66,67,46,44,44,34,58,58,51,53,53,59,62,62,0],"items_purged":[],"gold":295,"score":157,"play_id":"9a539f64-f796-4b77-a4ef-ca5e5a75947b","local_time":"20180421184000","is_prod":false,"is_daily":false,"chose_seed":false,"is_ascension_mode":true,"campfire_upgraded":2,"timestamp":1524361200,"path_taken":["M","M","M","M","M","R","E","R","T","E","M","R","M","M","R","BOSS"],"build_version":"2018-04-19","seed_source_timestamp":114848128324038,"purchased_purges":0,"victory":false,"master_deck":["Strike_R","Strike_R","Strike_R","Strike_R","Defend_R","Defend_R","Defend_R","Defend_R","Bash+1","Flex","Battle Trance","Shrug It Off","Whirlwind+1","Flex","Flame Barrier+1","Iron Wave+1"],"max_hp_per_floor":[80,80,80,80,80,80,80,80,80,80,80,80,80,80,80,80],"relics":["Burning Blood","Molten Egg 2","Bottled Lightning","Peace Pipe"],"card_choices":[{"not_picked":["Warcry","Anger"],"picked":"Flex","floor":1},{"not_picked":["Intimidate","True Grit"],"picked":"Battle Trance","floor":3},{"not_picked":["Second Wind","Havoc"],"picked":"Shrug It Off","floor":5},{"not_picked":["Reckless Charge","Body Slam"],"picked":"Whirlwind","floor":7},{"not_picked":["Juggernaut","Heavy Blade"],"picked":"Flex","floor":10},{"not_picked":["Armaments","Sword Boomerang"],"picked":"Flame Barrier","floor":11},{"not_picked":["Heavy Blade","Hemokinesis"],"picked":"Iron Wave","floor":13}],"player_experience":344347,"potions_floor_usage":[7,13,16,16],"damage_taken":[{"damage":6,"enemies":"Cultist","floor":1,"turns":3},{"damage":12,"enemies":"Jaw Worm","floor":2,"turns":3},{"damage":5,"enemies":"2 Louse","floor":3,"turns":4},{"damage":27,"enemies":"Lots of Slimes","floor":4,"turns":5},{"damage":8,"enemies":"2 Fungi Beasts","floor":5,"turns":5},{"damage":16,"enemies":"Gremlin Nob","floor":7,"turns":3},{"damage":13,"enemies":"3 Sentries","floor":10,"turns":4},{"damage":4,"enemies":"Looter","floor":11,"turns":3},{"damage":0,"enemies":"Large Slime","floor":13,"turns":4},{"damage":3,"enemies":"2 Fungi Beasts","floor":14,"turns":3},{"damage":80,"enemies":"Hexaghost","floor":16,"turns":12}],"event_choices":[],"boss_relics":[],"potions_floor_spawned":[2,10,11,13],"seed_played":"-4747181735732684275","killed_by":"Hexaghost","ascension_level":7,"is_trial":false}