{"gold_per_floor":[118,193,204,204,41,69,140,140,166,200,200,213,213,233,233,308,308,327,377,394,51,70,70,70,70,70,96,96,110,141,151,151,227,227,242,255,275,95,115,115,135,163,163,163,385,385,403,419,419,419],"floor_reached":51,"playtime":4291,"items_purged":["Strike_G","Slice"],"score":1287,"play_id":"761320b6-446a-4411-a415-9f653ffecb78","local_time":"20190428165244","is_ascension_mode":true,"campfire_choices":[{"floor":8.0,"key":"REST"},{"data":"Noxious Fumes","floor":11.0,"key":"SMITH"},{"data":"Dodge and Roll","floor":15.0,"key":"SMITH"},{"data":"Cloak And Dagger","floor":23.0,"key":"SMITH"},{"data":"Wraith Form v2","floor":25.0,"key":"SMITH"},{"floor":32.0,"key":"REST"},{"data":"Reflex","floor":40.0,"key":"SMITH"},{"floor":44.0,"key":"REST"},{"data":"Bullet Time","floor":49,"key":"SMITH"}],"neow_cost":"NONE","seed_source_timestamp":11439079887514,"circlet_count":0,"master_deck":["AscendersBane","Survivor","Neutralize+1","Endless Agony+1","Dash","Noxious Fumes+1","Bane","Dodge and Roll+1","Malaise","Slice","Eviscerate","Unload","Bullet Time+1","Grand Finale","Corpse Explosion","Skewer","Tactician","Wraith Form v2+1","Prepared+1","PiercingWail","Cloak And Dagger+1","Blur","Deadly Poison","Noxious Fumes","PiercingWail","Die Die Die","Acrobatics","Reflex+1","Crippling Poison+1","Prepared+1","Die Die Die","Calculated Gamble+1","Acrobatics"],"special_seed":0,"relics":["Ring of the Snake","Vajra","Gremlin Horn","Snake Skull","Whetstone","GremlinMask","Pandora\u0027s Box","Gambling Chip","Letter Opener","Strawberry","Red Mask","Runic Dome","Darkstone Periapt","Blue Candle"],"potions_floor_usage":[50,50],"damage_taken":[{"damage":8.0,"enemies":"Jaw Worm","floor":1.0,"turns":6.0},{"damage":2.0,"enemies":"2 Louse","floor":3.0,"turns":6.0},{"damage":27.0,"enemies":"Lagavulin","floor":6.0,"turns":7.0},{"damage":7.0,"enemies":"3 Sentries","floor":10.0,"turns":7.0},{"damage":0.0,"enemies":"Cultist","floor":12.0,"turns":2.0},{"damage":0.0,"enemies":"2 Fungi Beasts","floor":14.0,"turns":4.0},{"damage":5.0,"enemies":"Hexaghost","floor":16.0,"turns":9.0},{"damage":0.0,"enemies":"3 Byrds","floor":18.0,"turns":3.0},{"damage":14.0,"enemies":"Spheric Guardian","floor":20.0,"turns":6.0},{"damage":6.0,"enemies":"Snake Plant","floor":22.0,"turns":4.0},{"damage":0.0,"enemies":"Book of Stabbing","floor":27.0,"turns":3.0},{"damage":0.0,"enemies":"Snecko","floor":29.0,"turns":6.0},{"damage":4.0,"enemies":"Masked Bandits","floor":30.0,"turns":3.0},{"damage":2.0,"enemies":"Cultist and Chosen","floor":31.0,"turns":6.0},{"damage":24.0,"enemies":"Collector","floor":33.0,"turns":7.0},{"damage":0.0,"enemies":"3 Darklings","floor":35.0,"turns":4.0},{"damage":1.0,"enemies":"Orb Walker","floor":36.0,"turns":4.0},{"damage":0.0,"enemies":"4 Shapes","floor":37.0,"turns":4.0},{"damage":0.0,"enemies":"Jaw Worm Horde","floor":39.0,"turns":2.0},{"damage":3.0,"enemies":"3 Darklings","floor":41.0,"turns":4.0},{"damage":18.0,"enemies":"Giant Head","floor":42.0,"turns":8.0},{"damage":0,"enemies":"Sphere and 2 Shapes","floor":47,"turns":4},{"damage":0,"enemies":"4 Shapes","floor":48,"turns":2},{"damage":46,"enemies":"Awakened One","floor":50,"turns":13}],"seed_played":"3134137921796032788","potions_obtained":[{"floor":0.0,"key":"Strength Potion"},{"floor":0.0,"key":"Weak Potion"},{"floor":12.0,"key":"FearPotion"},{"floor":16.0,"key":"PowerPotion"},{"floor":22.0,"key":"Poison Potion"},{"floor":29.0,"key":"Swift Potion"},{"floor":30.0,"key":"GamblersBrew"},{"floor":31.0,"key":"Ancient Potion"},{"floor":37.0,"key":"PowerPotion"},{"floor":48,"key":"PowerPotion"}],"is_trial":false,"path_per_floor":["M","?","M","?","$","E","T","R","T","E","R","M","?","M","R","B",null,"M","?","M","$","M","R","?","R","T","E","?","M","?","M","R","B",null,"M","M","M","$","M","R","M","E","T","R","?","?","M","M","R","B",null],"character_chosen":"THE_SILENT","items_purchased":["Noxious Fumes","Gambling Chip","Reflex"],"campfire_rested":3,"item_purchase_floors":[5,21,38],"current_hp_per_floor":[51,40,38,38,38,11,11,30,30,23,23,23,23,23,23,18,54,54,54,40,40,34,34,34,34,34,41,41,41,37,35,56,32,63,63,62,62,62,62,62,59,41,41,62,62,62,62,62,62,16],"gold":419,"neow_bonus":"THREE_SMALL_POTIONS","is_prod":false,"is_daily":false,"chose_seed":false,"campfire_upgraded":6,"win_rate":0,"timestamp":1556488364,"path_taken":["M","?","M","?","$","E","?","R","T","E","R","?","?","M","R","BOSS","M","?","M","$","M","R","?","R","T","E","?","M","?","M","R","BOSS","M","M","M","$","M","R","M","E","T","R","?","?","M","?","R","BOSS"],"build_version":"2019-01-23","purchased_purges":2,"victory":true,"max_hp_per_floor":[66,66,66,66,66,66,66,66,66,66,66,66,66,66,66,66,66,66,66,66,66,66,66,66,66,66,73,73,73,73,73,73,73,73,73,73,73,73,73,73,73,73,73,73,73,73,73,73,73,73],"card_choices":[{"not_picked":["Concentrate","Outmaneuver"],"picked":"Endless Agony","floor":1.0},{"not_picked":["Outmaneuver","Bane"],"picked":"Dash","floor":3.0},{"not_picked":["Caltrops","PiercingWail"],"picked":"Slice","floor":6.0},{"not_picked":["A Thousand Cuts","Blade Dance","Flying Knee"],"picked":"SKIP","floor":10.0},{"not_picked":["A Thousand Cuts","Blade Dance","Flying Knee"],"picked":"SKIP","floor":10.0},{"not_picked":["Prepared","Tactician"],"picked":"Bane","floor":12.0},{"not_picked":["Dagger Throw","Slice"],"picked":"Dodge and Roll","floor":14.0},{"not_picked":["Night Terror","Bullet Time"],"picked":"Malaise","floor":16.0},{"not_picked":["Infinite Blades","Dagger Throw"],"picked":"Prepared+1","floor":18.0},{"not_picked":["Riddle With Holes","Slice"],"picked":"PiercingWail","floor":20.0},{"not_picked":["Sucker Punch+1","Dagger Spray"],"picked":"Cloak And Dagger","floor":22.0},{"not_picked":["Heel Hook","Expertise"],"picked":"Blur","floor":27.0},{"not_picked":["Endless Agony","Quick Slash+1","Underhanded Strike"],"picked":"SKIP","floor":29.0},{"not_picked":["Dagger Throw","Tactician"],"picked":"Noxious Fumes","floor":30.0},{"not_picked":["Skewer","Bullet Time"],"picked":"PiercingWail","floor":31.0},{"not_picked":["Venomology","Glass Knife"],"picked":"Die Die Die","floor":33.0},{"not_picked":["Dodge and Roll","Slice+1","Dash"],"picked":"SKIP","floor":35.0},{"not_picked":["Choke","Dagger Spray"],"picked":"Acrobatics","floor":36.0},{"not_picked":["Dagger Spray+1","Dodge and Roll","Endless Agony"],"picked":"SKIP","floor":37.0},{"not_picked":["Predator","Slice","Dodge and Roll"],"picked":"SKIP","floor":39.0},{"not_picked":["Dodge and Roll","Deflect"],"picked":"Crippling Poison+1","floor":41.0},{"not_picked":["Storm of Steel","Backflip"],"picked":"Prepared+1","floor":42.0},{"not_picked":["Dagger Spray","Well Laid Plans"],"picked":"Calculated Gamble+1","floor":47},{"not_picked":["Deadly Poison","Expertise"],"picked":"Acrobatics","floor":48}],"player_experience":836175,"relics_obtained":[{"floor":6.0,"key":"Vajra"},{"floor":7.0,"key":"Gremlin Horn"},{"floor":9.0,"key":"Snake Skull"},{"floor":10.0,"key":"Whetstone"},{"floor":26.0,"key":"Letter Opener"},{"floor":27.0,"key":"Strawberry"},{"floor":30.0,"key":"Red Mask"},{"floor":42.0,"key":"Darkstone Periapt"},{"floor":43.0,"key":"Blue Candle"}],"event_choices":[{"damage_healed":0.0,"max_hp_gain":0.0,"max_hp_loss":0.0,"gold_gain":75.0,"event_name":"World of Goop","player_choice":"Gather Gold","floor":2.0,"gold_loss":0.0,"damage_taken":11.0},{"damage_healed":0.0,"max_hp_gain":0.0,"max_hp_loss":0.0,"gold_gain":0.0,"event_name":"Living Wall","player_choice":"Grow","floor":4.0,"gold_loss":0.0,"damage_taken":0.0,"cards_upgraded":["Neutralize"]},{"damage_healed":0.0,"max_hp_gain":0.0,"max_hp_loss":0.0,"gold_gain":0.0,"event_name":"FaceTrader","player_choice":"Trade","floor":13.0,"gold_loss":0.0,"damage_taken":0.0,"relics_obtained":["GremlinMask"]},{"damage_healed":0.0,"max_hp_gain":0.0,"max_hp_loss":0.0,"gold_gain":50.0,"event_name":"Nest","player_choice":"Stole From Cult","floor":19.0,"gold_loss":0.0,"damage_taken":0.0},{"damage_healed":0.0,"max_hp_gain":0.0,"max_hp_loss":0.0,"gold_gain":0.0,"event_name":"Vampires","player_choice":"Ignored","floor":24.0,"gold_loss":0.0,"damage_taken":0.0},{"damage_healed":0.0,"max_hp_gain":0.0,"max_hp_loss":0.0,"gold_gain":0.0,"event_name":"The Library","player_choice":"Read","floor":28.0,"gold_loss":0.0,"damage_taken":0.0,"cards_obtained":["Deadly Poison"]},{"damage_healed":0.0,"max_hp_gain":0.0,"max_hp_loss":0.0,"gold_gain":0.0,"event_name":"Masked Bandits","player_choice":"Fought Bandits","floor":30.0,"gold_loss":0.0,"damage_taken":0.0},{"damage_healed":0.0,"max_hp_gain":0.0,"max_hp_loss":0.0,"gold_gain":222.0,"event_name":"Tomb of Lord Red Mask","player_choice":"Wore Mask","floor":45.0,"gold_loss":0.0,"damage_taken":0.0},{"damage_healed":0,"gold_gain":0,"player_choice":"1 cards matched","damage_taken":0,"max_hp_gain":0,"max_hp_loss":0,"event_name":"Match and Keep!","floor":46,"gold_loss":0,"cards_obtained":["Die Die Die"]}],"is_beta":false,"boss_relics":[{"not_picked":["Empty Cage","Busted Crown"],"picked":"Pandora\u0027s Box"},{"not_picked":["Tiny House","Calling Bell"],"picked":"Runic Dome"}],"items_purged_floors":[5,38],"is_endless":false,"potions_floor_spawned":[3,12,16,22,29,30,31,37,41,48],"ascension_level":17}