{"gold_per_floor":[115,126,137,147,166,166,198,198,198,222,234,265,277,289,301,385,397,379,402,689,711,131,131,141,160,160,60,74,74,85,103,103,103],"floor_reached":33,"playtime":3553,"items_purged":["Regret","Regret"],"score":485,"play_id":"f3ea1dbe-7e1a-49e1-bb0d-006f343de85a","local_time":"20190117222504","is_ascension_mode":true,"campfire_choices":[{"data":"Neutralize","floor":6.0,"key":"SMITH"},{"floor":8.0,"key":"REST"},{"data":"Dodge and Roll","floor":11.0,"key":"SMITH"},{"data":"Footwork","floor":13.0,"key":"SMITH"},{"data":"Dash","floor":15.0,"key":"SMITH"},{"data":"Glass Knife","floor":23.0,"key":"SMITH"},{"floor":29.0,"key":"REST"},{"data":"Dash","floor":32,"key":"SMITH"}],"neow_cost":"NONE","seed_source_timestamp":0,"circlet_count":0,"master_deck":["AscendersBane","Defend_G","Defend_G","Defend_G","Defend_G","Defend_G","Strike_G","Strike_G","Strike_G+1","Strike_G","Strike_G","Survivor","Neutralize+1","Dash+1","Crippling Poison","Infinite Blades","Dash+1","Dodge and Roll+1","Dash+1","Footwork+1","Glass Knife+1","Well Laid Plans","Noxious Fumes","Cloak And Dagger","Poisoned Stab","Blade Dance","Cloak And Dagger","Cloak And Dagger"],"special_seed":0,"relics":["Ring of the Snake","Bottled Tornado","MawBank","Bronze Scales","Busted Crown","Whetstone","Ornamental Fan","Torii"],"potions_floor_usage":[31,33],"damage_taken":[{"damage":1.0,"enemies":"Cultist","floor":1.0,"turns":5.0},{"damage":6.0,"enemies":"Jaw Worm","floor":2.0,"turns":5.0},{"damage":0.0,"enemies":"2 Louse","floor":3.0,"turns":3.0},{"damage":2.0,"enemies":"Gremlin Gang","floor":4.0,"turns":4.0},{"damage":7.0,"enemies":"Looter","floor":5.0,"turns":5.0},{"damage":38.0,"enemies":"Gremlin Nob","floor":7.0,"turns":6.0},{"damage":2.0,"enemies":"2 Fungi Beasts","floor":10.0,"turns":4.0},{"damage":4.0,"enemies":"Lots of Slimes","floor":12.0,"turns":5.0},{"damage":19.0,"enemies":"Hexaghost","floor":16.0,"turns":13.0},{"damage":12.0,"enemies":"2 Thieves","floor":18.0,"turns":4.0},{"damage":16.0,"enemies":"Spheric Guardian","floor":19.0,"turns":5.0},{"damage":25.0,"enemies":"Chosen and Byrds","floor":21.0,"turns":8.0},{"damage":10.0,"enemies":"Shelled Parasite and Fungi","floor":24.0,"turns":5.0},{"damage":6.0,"enemies":"3 Cultists","floor":25.0,"turns":5.0},{"damage":13.0,"enemies":"Chosen and Byrds","floor":28.0,"turns":6.0},{"damage":2,"enemies":"Shelled Parasite and Fungi","floor":30,"turns":5},{"damage":1,"enemies":"Cultist and Chosen","floor":31,"turns":6},{"damage":68,"enemies":"Automaton","floor":33,"turns":14}],"seed_played":"-4723166082426560478","potions_obtained":[{"floor":3.0,"key":"PowerPotion"},{"floor":5.0,"key":"Regen Potion"},{"floor":7.0,"key":"Regen Potion"},{"floor":24.0,"key":"Fruit Juice"},{"floor":28.0,"key":"Ancient Potion"},{"floor":30,"key":"Fruit Juice"}],"is_trial":false,"path_per_floor":["M","M","M","M","M","R","E","R","T","M","R","M","R","?","R","B",null,"M","M","?","M","$","R","M","M","T","$","M","R","M","M","R","B"],"character_chosen":"THE_SILENT","items_purchased":["Noxious Fumes","Whetstone","Ornamental Fan","Cloak And Dagger"],"campfire_rested":2,"item_purchase_floors":[22,22,22,22],"current_hp_per_floor":[64,58,58,56,49,49,11,32,32,30,30,26,26,26,26,7,56,44,28,28,52,52,52,42,41,41,41,28,51,49,53,53,0],"gold":103,"neow_bonus":"TEN_PERCENT_HP_BONUS","is_prod":false,"is_daily":false,"chose_seed":false,"campfire_upgraded":6,"win_rate":0,"timestamp":1547792704,"path_taken":["M","M","M","?","M","R","E","R","T","M","R","M","R","?","R","BOSS","M","M","?","M","$","R","M","M","T","$","M","R","?","M","R","BOSS"],"build_version":"2019-01-17","purchased_purges":2,"victory":false,"max_hp_per_floor":[72,72,72,72,72,72,72,72,72,72,72,72,72,72,72,72,72,72,72,72,72,72,72,72,77,77,77,77,77,77,82,82,82],"card_choices":[{"not_picked":["Acrobatics","Prepared"],"picked":"Dash","floor":1.0},{"not_picked":["Dash","Dodge and Roll"],"picked":"Crippling Poison","floor":2.0},{"not_picked":["Deflect","Expertise"],"picked":"Infinite Blades","floor":3.0},{"not_picked":["Setup","Distraction"],"picked":"Dash","floor":4.0},{"not_picked":["Reflex","Deflect"],"picked":"Dodge and Roll","floor":5.0},{"not_picked":["Outmaneuver","Cloak And Dagger"],"picked":"Dash","floor":7.0},{"not_picked":["Sucker Punch","Corpse Explosion","Underhanded Strike"],"picked":"SKIP","floor":10.0},{"not_picked":["Prepared","Backflip"],"picked":"Footwork","floor":12.0},{"not_picked":["Wraith Form v2","Night Terror"],"picked":"Glass Knife","floor":16.0},{"not_picked":["Bane"],"picked":"SKIP","floor":18.0},{"not_picked":[],"picked":"Well Laid Plans","floor":19.0},{"not_picked":["Bouncing Flask"],"picked":"SKIP","floor":21.0},{"not_picked":[],"picked":"Poisoned Stab","floor":24.0},{"not_picked":[],"picked":"Blade Dance","floor":25.0},{"not_picked":[],"picked":"Cloak And Dagger","floor":28.0},{"not_picked":[],"picked":"Cloak And Dagger","floor":30},{"not_picked":["Bane"],"picked":"SKIP","floor":31}],"player_experience":1144212,"relics_obtained":[{"floor":7.0,"key":"Bottled Tornado"},{"floor":9.0,"key":"MawBank"},{"floor":26.0,"key":"Torii"}],"event_choices":[{"damage_healed":0.0,"max_hp_gain":0.0,"max_hp_loss":0.0,"gold_gain":0.0,"event_name":"Big Fish","player_choice":"Box","floor":14.0,"gold_loss":0.0,"damage_taken":0.0,"relics_obtained":["Bronze Scales"],"cards_obtained":["Regret"]},{"damage_healed":0.0,"max_hp_gain":0.0,"max_hp_loss":0.0,"gold_gain":275.0,"event_name":"Golden Shrine","player_choice":"Desecrate","floor":20.0,"gold_loss":0.0,"damage_taken":0.0,"cards_obtained":["Regret"]}],"is_beta":false,"boss_relics":[{"not_picked":["Ring of the Serpent","WristBlade"],"picked":"Busted Crown"}],"items_purged_floors":[22,27],"is_endless":false,"potions_floor_spawned":[3,5,7,16,19,24,28,30],"killed_by":"Automaton","ascension_level":18}