{"gold_per_floor":[116,116,126,6,18,18,50,50,102,113,130,130,130,162,162,263,263,237,336,352,363,154,154,167,18,73,91,91,102,102,102,102,102],"floor_reached":33,"playtime":1938,"items_purged":["Pain","Strike_R"],"score":386,"play_id":"6b7c7f29-8054-4695-97c1-99391eeda0ac","local_time":"20190130101310","is_ascension_mode":true,"campfire_choices":[{"data":"Body Slam","floor":6.0,"key":"SMITH"},{"data":"Bash","floor":8.0,"key":"SMITH"},{"data":"Spot Weakness","floor":12.0,"key":"SMITH"},{"data":"Shrug It Off","floor":15.0,"key":"SMITH"},{"data":"Corruption","floor":23.0,"key":"SMITH"},{"data":"Brutality","floor":28,"key":"SMITH"},{"data":"Body Slam","floor":30,"key":"SMITH"},{"data":"Clothesline","floor":32,"key":"SMITH"}],"neow_cost":"NONE","seed_source_timestamp":432624154465208,"circlet_count":0,"master_deck":["AscendersBane","Strike_R+1","Strike_R+1","Strike_R+1","Strike_R+1","Defend_R+1","Defend_R+1","Defend_R+1","Defend_R+1","Bash+1","Brutality+1","Spot Weakness+1","Headbutt","Body Slam+1","Iron Wave","Feel No Pain","Second Wind","Shrug It Off+1","Reaper","Rupture","Rupture+1","Corruption+1","Pummel","Bandage Up","Seeing Red","Clothesline+1","Body Slam+1","Pommel Strike"],"special_seed":0,"relics":["Black Blood","WarpedTongs","Anchor","Ancient Tea Set","Meat on the Bone","Magic Flower","Tiny Chest"],"potions_floor_usage":[],"damage_taken":[{"damage":3.0,"enemies":"Jaw Worm","floor":1.0,"turns":6.0},{"damage":8.0,"enemies":"Cultist","floor":3.0,"turns":4.0},{"damage":6.0,"enemies":"2 Louse","floor":5.0,"turns":3.0},{"damage":7.0,"enemies":"3 Sentries","floor":7.0,"turns":6.0},{"damage":0.0,"enemies":"Large Slime","floor":10.0,"turns":6.0},{"damage":4.0,"enemies":"2 Fungi Beasts","floor":11.0,"turns":3.0},{"damage":30.0,"enemies":"Lagavulin","floor":14.0,"turns":5.0},{"damage":26.0,"enemies":"Hexaghost","floor":16.0,"turns":9.0},{"damage":37.0,"enemies":"2 Thieves","floor":18.0,"turns":5.0},{"damage":37.0,"enemies":"3 Byrds","floor":20.0,"turns":9.0},{"damage":7.0,"enemies":"Sentry and Sphere","floor":21.0,"turns":6.0},{"damage":31.0,"enemies":"3 Cultists","floor":24.0,"turns":6.0},{"damage":34,"enemies":"Shelled Parasite and Fungi","floor":27,"turns":5},{"damage":27,"enemies":"Centurion and Healer","floor":29,"turns":6},{"damage":89,"enemies":"Automaton","floor":33,"turns":6}],"seed_played":"-3134838280576876645","potions_obtained":[{"floor":1.0,"key":"Ancient Potion"},{"floor":10.0,"key":"Strength Potion"},{"floor":11.0,"key":"BloodPotion"},{"floor":20.0,"key":"PowerPotion"},{"floor":24.0,"key":"SpeedPotion"},{"floor":27,"key":"Strength Potion"}],"is_trial":false,"path_per_floor":["M","?","M","$","M","R","E","R","T","M","M","R","?","E","R","B",null,"M","?","M","M","$","R","M","$","T","M","R","M","R","?","R","B"],"character_chosen":"IRONCLAD","items_purchased":["Body Slam","Corruption","Pummel","Bandage Up","Clothesline"],"campfire_rested":0,"item_purchase_floors":[4,22,22,22,25],"current_hp_per_floor":[75,75,73,73,73,73,72,72,72,78,80,80,80,56,56,57,74,58,58,66,74,74,74,74,74,74,80,80,80,80,80,80,0],"gold":102,"neow_bonus":"ONE_RANDOM_RARE_CARD","is_prod":false,"is_daily":false,"chose_seed":false,"campfire_upgraded":8,"win_rate":0,"timestamp":1548839590,"path_taken":["M","?","?","$","M","R","E","R","T","M","M","R","?","E","R","BOSS","M","?","M","M","$","R","M","$","T","M","R","M","R","?","R","BOSS"],"build_version":"2019-01-23","purchased_purges":2,"victory":false,"max_hp_per_floor":[80,80,80,80,80,80,80,80,80,80,80,80,80,80,80,80,80,80,80,80,80,80,80,80,80,80,80,80,80,80,80,80,80],"card_choices":[{"not_picked":["Evolve","Clash"],"picked":"Spot Weakness","floor":1.0},{"not_picked":["Armaments","Pommel Strike"],"picked":"Headbutt","floor":3.0},{"not_picked":["Fire Breathing","Sword Boomerang"],"picked":"Iron Wave","floor":5.0},{"not_picked":["Sword Boomerang","Juggernaut","Havoc"],"picked":"SKIP","floor":7.0},{"not_picked":["Dual Wield","Cleave"],"picked":"Feel No Pain","floor":10.0},{"not_picked":["Anger","Evolve"],"picked":"Second Wind","floor":11.0},{"not_picked":["Evolve","Anger"],"picked":"Shrug It Off","floor":14.0},{"not_picked":["Barricade","Immolate"],"picked":"Reaper","floor":16.0},{"not_picked":["Anger","Clash"],"picked":"Rupture","floor":18.0},{"not_picked":["Feel No Pain+1","Wild Strike"],"picked":"Rupture+1","floor":20.0},{"not_picked":["Shrug It Off","Burning Pact","Armaments"],"picked":"SKIP","floor":21.0},{"not_picked":["Battle Trance","Headbutt"],"picked":"Seeing Red","floor":24.0},{"not_picked":["Pommel Strike","Searing Blow"],"picked":"Body Slam","floor":27},{"not_picked":["Power Through","Iron Wave"],"picked":"Pommel Strike","floor":29}],"player_experience":185349,"relics_obtained":[{"floor":7.0,"key":"Anchor"},{"floor":9.0,"key":"Ancient Tea Set"},{"floor":14.0,"key":"Magic Flower"},{"floor":26.0,"key":"Tiny Chest"}],"event_choices":[{"damage_healed":0.0,"max_hp_gain":0.0,"max_hp_loss":0.0,"gold_gain":0.0,"event_name":"Accursed Blacksmith","player_choice":"Rummage","floor":2.0,"gold_loss":0.0,"damage_taken":0.0,"relics_obtained":["WarpedTongs"],"cards_obtained":["Pain"]},{"damage_healed":0.0,"max_hp_gain":0.0,"max_hp_loss":0.0,"gold_gain":0.0,"event_name":"Dead Adventurer","player_choice":"Searched \u00272\u0027 times","floor":13.0,"gold_loss":0.0,"damage_taken":0.0,"relics_obtained":["Meat on the Bone"]},{"damage_healed":0.0,"max_hp_gain":0.0,"max_hp_loss":0.0,"gold_gain":99.0,"event_name":"Nest","player_choice":"Stole From Cult","floor":19.0,"gold_loss":0.0,"damage_taken":0.0},{"damage_healed":0,"gold_gain":0,"player_choice":"Simplicity","damage_taken":0,"max_hp_gain":0,"max_hp_loss":0,"event_name":"Back to Basics","floor":31,"gold_loss":0,"cards_upgraded":["Strike_R","Strike_R","Strike_R","Strike_R","Defend_R","Defend_R","Defend_R","Defend_R"]}],"is_beta":false,"boss_relics":[{"not_picked":["Tiny House","Ectoplasm"],"picked":"Black Blood"}],"items_purged_floors":[4,25],"is_endless":false,"potions_floor_spawned":[1,10,11,20,24,27],"killed_by":"Automaton","ascension_level":10}