{"gold_per_floor":[19,19,40,40,61,61,94,94,94,129,129,142,92,115,115,240,240,254,254,132,232,245,245,573,591,645,645],"floor_reached":27,"playtime":1542,"items_purged":["Defend_B"],"score":266,"play_id":"74d9412f-0878-41fb-8415-07fce69080bf","local_time":"20181002083450","is_ascension_mode":false,"campfire_choices":[{"data":"Zap","floor":6.0,"key":"SMITH"},{"data":"Loop","floor":8.0,"key":"SMITH"},{"data":"Loop","floor":11.0,"key":"SMITH"},{"data":"Defragment","floor":15.0,"key":"SMITH"},{"data":"Go for the Eyes","floor":23.0,"key":"SMITH"}],"neow_cost":"NO_GOLD","seed_source_timestamp":0,"circlet_count":0,"master_deck":["Strike_B","Strike_B","Strike_B","Defend_B","Defend_B","Defend_B","Zap+1","Dualcast","Machine Learning","Cold Snap","Go for the Eyes+1","Loop+1","Defragment+1","Loop+1","Cold Snap","Conserve Battery","FTL","Coolheaded","Leap","Glacier"],"special_seed":0,"relics":["Cracked Core","Bloody Idol","Thread and Needle","Cables","Centennial Puzzle","Black Star","Incense Burner","Darkstone Periapt","Mango","Old Coin","Tiny Chest"],"potions_floor_usage":[],"damage_taken":[{"damage":3.0,"enemies":"Jaw Worm","floor":1.0,"turns":4.0},{"damage":0.0,"enemies":"Small Slimes","floor":3.0,"turns":2.0},{"damage":0.0,"enemies":"Cultist","floor":5.0,"turns":3.0},{"damage":12.0,"enemies":"Lagavulin","floor":7.0,"turns":6.0},{"damage":0.0,"enemies":"3 Sentries","floor":10.0,"turns":7.0},{"damage":11.0,"enemies":"2 Fungi Beasts","floor":12.0,"turns":3.0},{"damage":0.0,"enemies":"Blue Slaver","floor":14.0,"turns":2.0},{"damage":2.0,"enemies":"Hexaghost","floor":16.0,"turns":10.0},{"damage":0.0,"enemies":"Chosen","floor":18.0,"turns":3.0},{"damage":7.0,"enemies":"Colosseum Slavers","floor":21.0,"turns":5.0},{"damage":16.0,"enemies":"Colosseum Nobs","floor":21.0,"turns":7.0},{"damage":0.0,"enemies":"3 Byrds","floor":22.0,"turns":7.0},{"damage":10,"enemies":"Book of Stabbing","floor":24,"turns":5},{"damage":0,"enemies":"Snecko","floor":25,"turns":7},{"damage":93,"enemies":"Gremlin Leader","floor":27,"turns":18}],"seed_played":"-2646920481568000303","potions_obtained":[{"floor":4.0,"key":"SkillPotion"},{"floor":4.0,"key":"Block Potion"},{"floor":4.0,"key":"Block Potion"},{"floor":14.0,"key":"PowerPotion"},{"floor":16.0,"key":"Strength Potion"},{"floor":18.0,"key":"Block Potion"}],"is_trial":false,"path_per_floor":["M","?","M","?","M","R","E","R","T","E","R","M","?","M","R","B",null,"M","?","$","?","M","R","E","M","T"],"character_chosen":"DEFECT","items_purchased":["Coolheaded"],"campfire_rested":0,"item_purchase_floors":[20],"current_hp_per_floor":[72,54,54,54,54,54,42,42,42,42,42,31,31,31,31,29,75,75,75,75,64,69,69,83,88,89,0],"gold":645,"neow_bonus":"THREE_RARE_CARDS","is_prod":false,"is_daily":false,"chose_seed":false,"campfire_upgraded":5,"win_rate":0,"timestamp":1538494490,"path_taken":["M","?","M","?","M","R","E","R","T","E","R","M","?","M","R","BOSS","M","?","$","?","?","R","E","M","T","E"],"build_version":"2018-09-27","purchased_purges":1,"victory":false,"max_hp_per_floor":[75,75,75,75,75,75,75,75,75,75,75,75,75,75,75,75,75,75,75,75,75,75,75,89,89,89,89],"card_choices":[{"not_picked":["Multi-Cast","Meteor Strike"],"picked":"Machine Learning","floor":0.0},{"not_picked":["Capacitor","Reinforced Body"],"picked":"Cold Snap","floor":1.0},{"not_picked":["Storm","Hello World"],"picked":"Go for the Eyes","floor":3.0},{"not_picked":["Steam","Turbo"],"picked":"Loop","floor":5.0},{"not_picked":["Aggregate","Heatsinks"],"picked":"Defragment","floor":7.0},{"not_picked":["Sunder","Scrape"],"picked":"Loop","floor":10.0},{"not_picked":["Turbo","Leap"],"picked":"Cold Snap","floor":12.0},{"not_picked":["Ball Lightning","Rebound"],"picked":"Conserve Battery","floor":14.0},{"not_picked":["Scrape+1","Steam"],"picked":"FTL","floor":18.0},{"not_picked":["Genetic Algorithm","Redo+1"],"picked":"Leap","floor":21.0},{"not_picked":["Reinforced Body+1","Leap","Conserve Battery"],"picked":"SKIP","floor":22.0},{"not_picked":["Genetic Algorithm","Streamline"],"picked":"Glacier","floor":24},{"not_picked":["Steam","Streamline","Turbo"],"picked":"SKIP","floor":25}],"player_experience":833476,"relics_obtained":[{"floor":7.0,"key":"Thread and Needle"},{"floor":9.0,"key":"Cables"},{"floor":10.0,"key":"Centennial Puzzle"},{"floor":21.0,"key":"Incense Burner"},{"floor":21.0,"key":"Darkstone Periapt"},{"floor":24,"key":"Mango"},{"floor":24,"key":"Old Coin"},{"floor":26,"key":"Tiny Chest"}],"event_choices":[{"event_name":"Golden Idol","player_choice":"Take Damage","floor":2.0,"damage_taken":0.0},{"event_name":"The Lab","player_choice":"Got Potions","floor":4.0,"damage_taken":0.0},{"event_name":"The Cleric","player_choice":"Card Removal","floor":13.0,"damage_taken":0.0},{"event_name":"Forgotten Altar","player_choice":"Gave Idol","floor":19.0,"damage_taken":0.0},{"event_name":"Colosseum","player_choice":"Fight","floor":21.0,"damage_taken":0.0},{"event_name":"Colosseum","player_choice":"Fought Nobs","floor":21.0,"damage_taken":0.0}],"is_beta":false,"boss_relics":[{"not_picked":["Ectoplasm","Orrery"],"picked":"Black Star"}],"items_purged_floors":[20],"is_endless":false,"potions_floor_spawned":[7,14,16,18,21],"killed_by":"Gremlin Leader","ascension_level":0}