{"gold_per_floor":[113,129,129,129,139,169,169,180,205,12,26,60,60,135,135,238,238,254,271,285,4,4,36,36,49,72,72,398,414,216,231,231,328,328,345,361,157,175,175,175,208,224,247,280,303,313,0,11,11,11],"floor_reached":51,"playtime":2366,"items_purged":["Regret","Strike_R","Strike_R","Strike_R"],"score":834,"play_id":"3d2cb9b0-1107-4530-956e-3a4f3c538e54","local_time":"20181002123214","is_ascension_mode":false,"campfire_choices":[{"data":"Disarm","floor":13,"key":"SMITH"},{"data":"Inflame","floor":15,"key":"SMITH"},{"data":"Metallicize","floor":24,"key":"SMITH"},{"data":"Metallicize","floor":32,"key":"SMITH"},{"data":"Demon Form","floor":40,"key":"SMITH"},{"data":"Heavy Blade","floor":49,"key":"SMITH"}],"neow_cost":"NONE","seed_source_timestamp":0,"circlet_count":0,"master_deck":["Strike_R","Strike_R","Defend_R","Defend_R","Defend_R+1","Defend_R","Bash","Clothesline","Sword Boomerang","Disarm+1","Inflame+1","Metallicize+1","Sword Boomerang","Flame Barrier","Demon Form+1","True Grit+1","Metallicize+1","Warcry+1","Heavy Blade+1","Battle Trance+1","Shrug It Off","True Grit","Limit Break","Shrug It Off+1","Disarm+1"],"special_seed":0,"relics":["Burning Blood","Potion Belt","Red Skull","Smiling Mask","Bag of Marbles","Orichalcum","Omamori","Mark of Pain","Ancient Tea Set","Pantograph","Oddly Smooth Stone","Singing Bowl","Old Coin","War Paint","Runic Dome","Bronze Scales","Unceasing Top","Vajra","Dream Catcher","Bag of Preparation","Red Mask"],"potions_floor_usage":[12,12,23,33,50,50],"damage_taken":[{"damage":0.0,"enemies":"2 Louse","floor":1.0,"turns":2.0},{"damage":0.0,"enemies":"Cultist","floor":2.0,"turns":3.0},{"damage":8.0,"enemies":"Jaw Worm","floor":5.0,"turns":5.0},{"damage":36.0,"enemies":"Lagavulin","floor":6.0,"turns":12.0},{"damage":14.0,"enemies":"Exordium Thugs","floor":8.0,"turns":5.0},{"damage":2.0,"enemies":"Blue Slaver","floor":11.0,"turns":4.0},{"damage":0,"enemies":"3 Sentries","floor":12,"turns":4},{"damage":3,"enemies":"The Guardian","floor":16,"turns":11},{"damage":19,"enemies":"3 Byrds","floor":18,"turns":4},{"damage":12,"enemies":"Spheric Guardian","floor":19,"turns":4},{"damage":4,"enemies":"Shelled Parasite and Fungi","floor":20,"turns":6},{"damage":30,"enemies":"Gremlin Leader","floor":23,"turns":9},{"damage":5,"enemies":"Snake Plant","floor":25,"turns":4},{"damage":5,"enemies":"Book of Stabbing","floor":28,"turns":7},{"damage":3,"enemies":"Centurion and Healer","floor":29,"turns":9},{"damage":0,"enemies":"Chosen and Byrds","floor":31,"turns":5},{"damage":14,"enemies":"Champ","floor":33,"turns":9},{"damage":8,"enemies":"3 Shapes","floor":35,"turns":7},{"damage":3,"enemies":"Orb Walker","floor":36,"turns":6},{"damage":34,"enemies":"Transient","floor":38,"turns":5},{"damage":14,"enemies":"Nemesis","floor":41,"turns":5},{"damage":11,"enemies":"3 Darklings","floor":42,"turns":5},{"damage":7,"enemies":"Giant Head","floor":44,"turns":8},{"damage":2,"enemies":"Maw","floor":46,"turns":5},{"damage":3,"enemies":"Spire Growth","floor":48,"turns":6},{"damage":11,"enemies":"Time Eater","floor":50,"turns":9}],"seed_played":"-9109080085901739237","potions_obtained":[{"floor":2.0,"key":"Fire Potion"},{"floor":8.0,"key":"Energy Potion"},{"floor":11.0,"key":"SteroidPotion"},{"floor":16,"key":"Dexterity Potion"},{"floor":18,"key":"SkillPotion"},{"floor":25,"key":"SpeedPotion"},{"floor":29,"key":"Strength Potion"},{"floor":31,"key":"FearPotion"},{"floor":33,"key":"Ancient Potion"}],"is_trial":false,"path_per_floor":["M","M","?","?","M","E","?","M","T","$","M","E","R","?","R","B",null,"M","M","M","$","?","E","R","M","T","?","E","M","$","M","R","B",null,"M","M","$","M","?","R","E","M","T","E","T","M","?","M","R","B"],"character_chosen":"IRONCLAD","items_purchased":["Orichalcum","Ancient Tea Set","Warcry","Heavy Blade","War Paint","Bronze Scales"],"campfire_rested":0,"item_purchase_floors":[10,21,21,21,30,37],"current_hp_per_floor":[80,80,80,62,60,30,30,22,22,22,26,32,32,21,21,24,80,67,61,63,63,63,39,39,48,48,48,55,75,75,82,82,74,82,84,86,86,60,60,60,54,51,51,50,50,54,54,59,59,79],"gold":11,"neow_bonus":"THREE_CARDS","is_prod":false,"is_daily":false,"chose_seed":false,"campfire_upgraded":6,"win_rate":0,"timestamp":1538508734,"path_taken":["M","M","?","?","?","E","?","M","T","?","M","E","R","?","R","BOSS","M","M","M","$","?","E","R","?","T","?","E","M","$","M","R","BOSS","M","M","$","M","?","R","E","?","T","E","?","M","?","M","R","BOSS"],"build_version":"2018-09-27","purchased_purges":4,"victory":true,"max_hp_per_floor":[80,80,80,80,80,80,80,80,80,80,80,80,80,80,80,80,80,80,80,80,80,80,80,80,80,80,80,82,82,82,82,82,82,82,84,86,86,88,88,88,90,92,92,92,92,92,92,94,94,94],"card_choices":[{"not_picked":["Thunderclap","Seeing Red"],"picked":"Clothesline","floor":0.0},{"not_picked":["Thunderclap","Flex"],"picked":"Sword Boomerang","floor":1.0},{"not_picked":["Warcry","Armaments"],"picked":"Disarm","floor":2.0},{"not_picked":["Seeing Red","Pummel"],"picked":"Inflame","floor":5.0},{"not_picked":["Armaments","Hemokinesis"],"picked":"Metallicize","floor":6.0},{"not_picked":["Perfected Strike","Rage"],"picked":"Sword Boomerang","floor":8.0},{"not_picked":["Flex","Cleave","Thunderclap"],"picked":"SKIP","floor":11.0},{"not_picked":["Battle Trance","Body Slam"],"picked":"Flame Barrier","floor":12},{"not_picked":["Reaper","Bludgeon"],"picked":"Demon Form","floor":16},{"not_picked":["Warcry+1","Anger"],"picked":"True Grit+1","floor":18},{"not_picked":["Pommel Strike","Headbutt+1"],"picked":"Metallicize","floor":19},{"not_picked":["Thunderclap+1","Wild Strike+1","Clothesline"],"picked":"SKIP","floor":20},{"not_picked":["Feel No Pain","Body Slam"],"picked":"Reaper","floor":23},{"not_picked":["Power Through","Twin Strike"],"picked":"Battle Trance+1","floor":25},{"not_picked":["Twin Strike+1","Sentinel","Spot Weakness+1"],"picked":"Singing Bowl","floor":28},{"not_picked":["Body Slam","Sentinel+1"],"picked":"Shrug It Off","floor":29},{"not_picked":["Bloodletting+1","Headbutt"],"picked":"True Grit","floor":31},{"not_picked":["Barricade","Fiend Fire"],"picked":"Limit Break","floor":33},{"not_picked":["Cleave+1","Corruption","Clothesline"],"picked":"Singing Bowl","floor":35},{"not_picked":["Body Slam+1","Rage","Headbutt"],"picked":"Singing Bowl","floor":36},{"not_picked":["Rage+1","Twin Strike+1","Perfected Strike"],"picked":"Singing Bowl","floor":38},{"not_picked":["Cleave+1","Dual Wield+1","Feel No Pain+1"],"picked":"Singing Bowl","floor":41},{"not_picked":["Armaments+1","Flex+1","Clash+1"],"picked":"Singing Bowl","floor":42},{"not_picked":["Bludgeon","Entrench+1"],"picked":"Shrug It Off+1","floor":44},{"not_picked":["Flex","Cleave+1"],"picked":"Disarm+1","floor":46},{"not_picked":["Armaments+1","Power Through+1","Warcry"],"picked":"Singing Bowl","floor":48}],"player_experience":844417,"relics_obtained":[{"floor":6.0,"key":"Red Skull"},{"floor":9.0,"key":"Bag of Marbles"},{"floor":12,"key":"Omamori"},{"floor":23,"key":"Pantograph"},{"floor":26,"key":"Oddly Smooth Stone"},{"floor":28,"key":"Old Coin"},{"floor":41,"key":"Unceasing Top"},{"floor":43,"key":"Vajra"},{"floor":44,"key":"Dream Catcher"},{"floor":45,"key":"Bag of Preparation"}],"event_choices":[{"event_name":"Match and Keep!","player_choice":"0 cards matched","floor":3.0,"damage_taken":0.0},{"event_name":"Scrap Ooze","player_choice":"success","floor":4.0,"damage_taken":18.0},{"event_name":"Big Fish","player_choice":"Box","floor":7.0,"damage_taken":0.0},{"event_name":"World of Goop","player_choice":"Gather Gold","floor":14,"damage_taken":0},{"event_name":"Beggar","player_choice":"Ignored","floor":22,"damage_taken":0},{"event_name":"The Mausoleum","player_choice":"Yes","floor":27,"damage_taken":0},{"event_name":"Falling","player_choice":"Removed Attack","floor":39,"damage_taken":0},{"event_name":"Tomb of Lord Red Mask","player_choice":"Paid","floor":47,"damage_taken":0}],"is_beta":false,"boss_relics":[{"not_picked":["Empty Cage","Runic Pyramid"],"picked":"Mark of Pain"},{"not_picked":["Eternal Feather","Pandora\u0027s Box"],"picked":"Runic Dome"}],"items_purged_floors":[10,21,30,37],"is_endless":false,"potions_floor_spawned":[2,8,11,16,18,25,29,31,33,36,41,44,46],"ascension_level":0}