{"path_per_floor":["M","?","T","M","$","E","R","E","T","M","M","?","R","?","R","B",null,"M","?","$","M","M","R","E","R","T","R","M","E","M","M","R","B",null,"M","M","?","?","$","R","E","M","T","M","E","M","M","M","R"],"character_chosen":"DEFECT","items_purchased":["Ice Cream","Multi-Cast"],"gold_per_floor":[319,394,418,434,53,83,83,110,110,124,135,135,135,135,135,230,230,230,230,53,53,53,53,53,53,53,53,53,53,53,53,53,53,53,53,53,53,53,53,53,53,53,53,53,53,53,53,53,53,53],"floor_reached":50,"campfire_rested":5,"playtime":3532,"current_hp_per_floor":[75,64,64,58,58,50,50,28,28,28,23,16,38,38,60,13,75,70,70,70,70,49,49,49,49,49,71,62,37,29,14,36,5,75,75,71,71,71,71,71,49,44,44,36,29,29,17,14,36,0],"items_purged":["Strike_B","Defend_B"],"gold":53,"score":579,"play_id":"68b57530-eb9a-42d9-a066-eb967fd829ba","local_time":"20180501204104","is_prod":false,"is_daily":false,"chose_seed":false,"is_ascension_mode":false,"campfire_upgraded":4,"timestamp":1525225264,"path_taken":["BOSS","M","?","?","M","$","E","R","E","T","?","M","?","R","?","R","BOSS","M","?","$","M","M","R","E","R","T","R","M","E","M","M","R","BOSS","M","M","?","?","?","R","E","M","T","M","E","M","M","M","R","BOSS"],"build_version":"2018-05-01","seed_source_timestamp":0,"purchased_purges":3,"victory":false,"master_deck":["Strike_B","Strike_B","Strike_B","Defend_B","Zap+1","Dualcast+1","Sweeping Beam","Ball Lightning","Streamline","Machine Learning","Auto Shields+1","Multi-Cast+1","FTL","Coolheaded+1","Go for the Eyes+1","Reinforced Body+1","Leap+1","Defragment+1","Skim"],"max_hp_per_floor":[75,75,75,75,75,75,75,75,75,75,75,75,75,75,75,75,75,75,75,75,75,75,75,75,75,75,75,75,75,75,75,75,75,75,75,75,75,75,75,75,75,75,75,75,75,75,75,75,75,75],"relics":["Cracked Core","Old Coin","Vajra","Ice Cream","Bag of Marbles","Dodecahedron","Gremlin Horn","Pen Nib","Ectoplasm","Girya","Mercury Hourglass","Bronze Scales","Cursed Key","Dream Catcher","Juzu Bracelet"],"card_choices":[{"not_picked":["Blizzard","Beam Cell"],"picked":"Sweeping Beam","floor":4.0},{"not_picked":["Barrage","Buffer"],"picked":"Ball Lightning","floor":10.0},{"not_picked":["Beam Cell","Reinforced Body"],"picked":"Streamline","floor":11.0},{"not_picked":["Rainbow","Amplify"],"picked":"Machine Learning","floor":16.0},{"not_picked":["Stack","Streamline"],"picked":"Auto Shields","floor":18.0},{"not_picked":["Impulse","Go for the Eyes"],"picked":"FTL","floor":22.0},{"not_picked":["Doom and Gloom","Impulse"],"picked":"Coolheaded","floor":29.0},{"not_picked":["Sweeping Beam","Stack"],"picked":"Go for the Eyes","floor":35},{"not_picked":["Darkness","Skim"],"picked":"Reinforced Body","floor":42},{"not_picked":["Impulse","Stack"],"picked":"Leap","floor":46},{"not_picked":["Beam Cell","Rip and Tear"],"picked":"Defragment","floor":47},{"not_picked":["Rebound","Scrape"],"picked":"Skim","floor":49}],"player_experience":3254,"potions_floor_usage":[35,45,48,50],"damage_taken":[{"damage":0.0,"enemies":"2 Louse","floor":1.0,"turns":2.0},{"damage":6.0,"enemies":"Jaw Worm","floor":4.0,"turns":3.0},{"damage":8.0,"enemies":"Gremlin Nob","floor":6.0,"turns":3.0},{"damage":22.0,"enemies":"3 Sentries","floor":8.0,"turns":5.0},{"damage":0.0,"enemies":"Cultist","floor":10.0,"turns":2.0},{"damage":5.0,"enemies":"Looter","floor":11.0,"turns":2.0},{"damage":47.0,"enemies":"Hexaghost","floor":16.0,"turns":8.0},{"damage":5.0,"enemies":"Shell Parasite","floor":18.0,"turns":3.0},{"damage":0.0,"enemies":"Chosen","floor":21.0,"turns":2.0},{"damage":21.0,"enemies":"Snake Plant","floor":22.0,"turns":3.0},{"damage":0.0,"enemies":"Gremlin Leader","floor":24.0,"turns":4.0},{"damage":9.0,"enemies":"Centurion and Healer","floor":28.0,"turns":3.0},{"damage":25.0,"enemies":"Slavers","floor":29.0,"turns":4.0},{"damage":8.0,"enemies":"Cultist and Chosen","floor":30.0,"turns":3.0},{"damage":15.0,"enemies":"Snecko","floor":31.0,"turns":3.0},{"damage":31.0,"enemies":"Automaton","floor":33.0,"turns":9.0},{"damage":0,"enemies":"3 Darklings","floor":35,"turns":2},{"damage":4,"enemies":"Orb Walker","floor":36,"turns":3},{"damage":22,"enemies":"Giant Head","floor":41,"turns":7},{"damage":5,"enemies":"Spire Growth","floor":42,"turns":3},{"damage":8,"enemies":"Sphere and 2 Shapes","floor":44,"turns":3},{"damage":7,"enemies":"Nemesis","floor":45,"turns":5},{"damage":0,"enemies":"Flame Bruiser 2 Orb","floor":46,"turns":3},{"damage":12,"enemies":"4 Shapes","floor":47,"turns":3},{"damage":3,"enemies":"Maw","floor":48,"turns":6},{"damage":36,"enemies":"Awakened One","floor":50,"turns":4}],"event_choices":[{"event_name":"World of Goop","player_choice":"Gather Gold","floor":2.0,"damage_taken":0.0},{"event_name":"Scrap Ooze","player_choice":"success","floor":12.0,"damage_taken":7.0},{"event_name":"Liars Game","player_choice":"disagreed","floor":14.0,"damage_taken":0.0},{"event_name":"Back to Basics","player_choice":"Elegance","floor":19.0,"damage_taken":0.0},{"event_name":"Accursed Blacksmith","player_choice":"Ignore","floor":37,"damage_taken":0},{"event_name":"Bonfire Elementals","player_choice":"BASIC","floor":38,"damage_taken":0}],"boss_relics":[{"not_picked":["Runic Pyramid","Eternal Feather"],"picked":"Cursed Key"}],"potions_floor_spawned":[4,8,11,21,24,31,33,36,45,46],"seed_played":"-2084315059730237863","killed_by":"Awakened One","ascension_level":0,"is_trial":false}