{"gold_per_floor":[113,132,132,148,25,56,76,107,187,187,213,213,15,30,30,129,129,149,159,23,41,55,55,66,66,135,135,163,163,198,217,217,321,321,333,352,352,42,5,31,51,81,81,101,101,113,113,125,125,125,125,125,48,48],"floor_reached":54,"playtime":4631,"items_purged":["Strike_B","Defend_B"],"score":1119,"play_id":"1dd7b21a-51d8-464b-a2eb-95469822fcd7","local_time":"20190201194230","is_ascension_mode":true,"campfire_choices":[{"data":"Zap","floor":10.0,"key":"SMITH"},{"floor":12.0,"key":"REST"},{"data":"Hologram","floor":15.0,"key":"SMITH"},{"floor":23.0,"key":"REST"},{"data":"Buffer","floor":29.0,"key":"SMITH"},{"floor":32.0,"key":"REST"},{"data":"Defragment","floor":45.0,"key":"SMITH"},{"floor":49.0,"key":"RECALL"},{"data":"Reinforced Body","floor":52.0,"key":"SMITH"}],"neow_cost":"PERCENT_DAMAGE","seed_source_timestamp":29103555697257,"circlet_count":0,"master_deck":["Strike_B","Defend_B","Defend_B","Defend_B","Zap+1","Dualcast","Coolheaded","Rebound","Reinforced Body+1","Redo+1","Hologram","Rip and Tear+1","Echo Form","Gash+1","Chill","Gash+1","Rebound+1","Hologram+1","Machine Learning","Self Repair+1","Defragment+1","Coolheaded","Leap","Go for the Eyes+1","Buffer+1","Sweeping Beam+1","All For One+1","Capacitor","White Noise","Self Repair+1","FTL+1","Beam Cell+1","Gash+1","Loop"],"special_seed":0,"relics":["Cracked Core","Molten Egg 2","Bird Faced Urn","Dodecahedron","Odd Mushroom","Philosopher\u0027s Stone","Question Card","MutagenicStrength","Orichalcum","Blood Vial","Busted Crown","Kunai","Happy Flower","Gambling Chip"],"potions_floor_usage":[54],"damage_taken":[{"damage":0.0,"enemies":"2 Louse","floor":1.0,"turns":2.0},{"damage":0.0,"enemies":"Small Slimes","floor":2.0,"turns":3.0},{"damage":2.0,"enemies":"Jaw Worm","floor":4.0,"turns":4.0},{"damage":44.0,"enemies":"Gremlin Nob","floor":6.0,"turns":5.0},{"damage":6.0,"enemies":"Gremlin Gang","floor":7.0,"turns":12.0},{"damage":9.0,"enemies":"Lagavulin","floor":8.0,"turns":6.0},{"damage":0.0,"enemies":"The Mushroom Lair","floor":11.0,"turns":1.0},{"damage":7.0,"enemies":"Large Slime","floor":14.0,"turns":4.0},{"damage":2.0,"enemies":"Hexaghost","floor":16.0,"turns":8.0},{"damage":24.0,"enemies":"Shell Parasite","floor":18.0,"turns":5.0},{"damage":6.0,"enemies":"2 Thieves","floor":19.0,"turns":5.0},{"damage":33.0,"enemies":"Snake Plant","floor":21.0,"turns":4.0},{"damage":27.0,"enemies":"Chosen and Byrds","floor":22.0,"turns":8.0},{"damage":4.0,"enemies":"Centurion and Healer","floor":24.0,"turns":7.0},{"damage":35.0,"enemies":"Gremlin Leader","floor":28.0,"turns":10.0},{"damage":39.0,"enemies":"Book of Stabbing","floor":30.0,"turns":8.0},{"damage":12.0,"enemies":"Snake Plant","floor":31.0,"turns":7.0},{"damage":0.0,"enemies":"Automaton","floor":33.0,"turns":9.0},{"damage":0.0,"enemies":"3 Shapes","floor":35.0,"turns":4.0},{"damage":2.0,"enemies":"Orb Walker","floor":36.0,"turns":3.0},{"damage":56.0,"enemies":"Nemesis","floor":40.0,"turns":9.0},{"damage":11.0,"enemies":"Sphere and 2 Shapes","floor":41.0,"turns":12.0},{"damage":0.0,"enemies":"Reptomancer","floor":42.0,"turns":11.0},{"damage":21.0,"enemies":"Jaw Worm Horde","floor":44.0,"turns":7.0},{"damage":0.0,"enemies":"4 Shapes","floor":46.0,"turns":6.0},{"damage":0.0,"enemies":"Sphere and 2 Shapes","floor":48.0,"turns":4.0},{"damage":48.0,"enemies":"Time Eater","floor":50.0,"turns":12.0},{"damage":95,"enemies":"Shield and Spear","floor":54,"turns":3}],"seed_played":"559350388786264767","potions_obtained":[{"floor":1.0,"key":"Swift Potion"},{"floor":6.0,"key":"FocusPotion"},{"floor":8.0,"key":"PowerPotion"},{"floor":24.0,"key":"GamblersBrew"},{"floor":28.0,"key":"SkillPotion"},{"floor":31.0,"key":"Swift Potion"},{"floor":37.0,"key":"SkillPotion"},{"floor":37.0,"key":"Ancient Potion"}],"is_trial":false,"path_per_floor":["M","M","?","M","$","E","M","E","T","R","?","R","$","M","R","B",null,"M","M","$","M","M","R","M","?","T","?","E","R","E","M","R","B",null,"M","M","?","$","$","E","M","E","T","M","R","M","?","M","R","B",null,"R","$","E"],"character_chosen":"DEFECT","items_purchased":["Redo","Chill","Gash+1","Dexterity Potion","Rebound+1","Defragment","Kunai","Capacitor","White Noise","Loop"],"campfire_rested":3,"item_purchase_floors":[5,13,13,13,13,20,38,38,39,53],"current_hp_per_floor":[50,50,75,73,73,29,23,14,14,14,16,38,38,31,31,31,64,46,54,54,35,24,46,74,74,74,74,54,54,25,45,67,75,75,75,75,75,75,75,61,74,75,75,75,75,75,75,75,75,75,75,75,75,0],"gold":48,"neow_bonus":"REMOVE_TWO","is_prod":false,"is_daily":false,"chose_seed":false,"campfire_upgraded":5,"win_rate":0,"timestamp":1549046550,"path_taken":["M","M","?","M","$","E","M","E","T","R","?","R","?","M","R","BOSS","M","?","$","M","M","R","M","?","T","?","E","R","E","M","R","BOSS","M","M","?","?","$","E","M","E","T","M","R","M","?","?","R","BOSS","R","$","E"],"build_version":"2019-01-23","purchased_purges":2,"victory":false,"max_hp_per_floor":[75,75,75,75,75,75,75,75,75,75,75,75,75,75,75,75,75,75,75,75,75,75,75,75,75,75,75,75,75,75,75,75,75,75,75,75,75,75,75,75,75,75,75,75,75,75,75,75,75,75,75,75,75,75],"card_choices":[{"not_picked":["BootSequence","Leap"],"picked":"Coolheaded","floor":1.0},{"not_picked":["Turbo","Stack"],"picked":"Rebound","floor":2.0},{"not_picked":["Sweeping Beam","Stack"],"picked":"Reinforced Body","floor":4.0},{"not_picked":["Undo","Conserve Battery"],"picked":"Hologram","floor":6.0},{"not_picked":["Hologram","Steam"],"picked":"Rip and Tear+1","floor":7.0},{"not_picked":["Undo","Multi-Cast"],"picked":"Echo Form","floor":8.0},{"not_picked":["Undo","Ball Lightning+1"],"picked":"Gash+1","floor":11.0},{"not_picked":["Blizzard+1","Leap"],"picked":"Hologram","floor":14.0},{"not_picked":["Hyperbeam+1","Creative AI"],"picked":"Machine Learning","floor":16.0},{"not_picked":["Conserve Battery+1","Blizzard+1"],"picked":"Self Repair+1","floor":18.0},{"not_picked":["Rebound+1","Stack+1","Genetic Algorithm"],"picked":"SKIP","floor":19.0},{"not_picked":["Rebound+1","Stack+1","Genetic Algorithm"],"picked":"SKIP","floor":19.0},{"not_picked":["Skim","Steam"],"picked":"Coolheaded","floor":21.0},{"not_picked":["Chill","Coolheaded"],"picked":"Leap","floor":22.0},{"not_picked":["Compile Driver+1","Barrage+1"],"picked":"Go for the Eyes+1","floor":24.0},{"not_picked":["Coolheaded","Steam","Auto Shields"],"picked":"Buffer","floor":28.0},{"not_picked":["Redo","Go for the Eyes+1","Streamline+1"],"picked":"Sweeping Beam+1","floor":30.0},{"not_picked":["Ball Lightning+1","Cold Snap+1","BootSequence","Redo+1"],"picked":"SKIP","floor":31.0},{"not_picked":["Thunder Strike+1","Buffer","Creative AI"],"picked":"All For One+1","floor":33.0},{"not_picked":["Coolheaded","Streamline+1"],"picked":"SKIP","floor":35.0},{"not_picked":["Darkness+1","Sweeping Beam+1"],"picked":"SKIP","floor":36.0},{"not_picked":["Hologram","Leap+1"],"picked":"SKIP","floor":40.0},{"not_picked":["Steam","Ball Lightning+1"],"picked":"SKIP","floor":41.0},{"not_picked":["Hologram+1"],"picked":"Self Repair+1","floor":42.0},{"not_picked":["Barrage+1"],"picked":"FTL+1","floor":44.0},{"not_picked":["Undo+1"],"picked":"Beam Cell+1","floor":46.0},{"not_picked":["Rip and Tear+1"],"picked":"Gash+1","floor":48.0}],"player_experience":241933,"relics_obtained":[{"floor":6.0,"key":"Molten Egg 2"},{"floor":8.0,"key":"Bird Faced Urn"},{"floor":9.0,"key":"Dodecahedron"},{"floor":11.0,"key":"Odd Mushroom"},{"floor":26.0,"key":"Question Card"},{"floor":28.0,"key":"Orichalcum"},{"floor":30.0,"key":"Blood Vial"},{"floor":40.0,"key":"Happy Flower"},{"floor":42.0,"key":"Gambling Chip"}],"event_choices":[{"damage_healed":25.0,"max_hp_gain":0.0,"max_hp_loss":0.0,"gold_gain":0.0,"event_name":"Big Fish","player_choice":"Banana","floor":3.0,"gold_loss":0.0,"damage_taken":0.0},{"damage_healed":0.0,"max_hp_gain":0.0,"max_hp_loss":0.0,"gold_gain":0.0,"event_name":"Mushrooms","player_choice":"Fought Mushrooms","floor":11.0,"gold_loss":0.0,"damage_taken":0.0},{"damage_healed":0.0,"max_hp_gain":0.0,"max_hp_loss":0.0,"gold_gain":0.0,"event_name":"Beggar","player_choice":"Ignored","floor":25.0,"gold_loss":0.0,"damage_taken":0.0},{"damage_healed":0.0,"max_hp_gain":0.0,"max_hp_loss":0.0,"gold_gain":0.0,"event_name":"Drug Dealer","player_choice":"Inject Mutagens","floor":27.0,"gold_loss":0.0,"damage_taken":0.0,"relics_obtained":["MutagenicStrength"]},{"damage_healed":0.0,"max_hp_gain":0.0,"max_hp_loss":0.0,"gold_gain":0.0,"event_name":"Lab","player_choice":"Got Potions","floor":37.0,"gold_loss":0.0,"damage_taken":0.0},{"damage_healed":0.0,"max_hp_gain":0.0,"max_hp_loss":0.0,"gold_gain":0.0,"event_name":"Upgrade Shrine","player_choice":"Upgraded","floor":47.0,"gold_loss":0.0,"damage_taken":0.0,"cards_upgraded":["Redo"]}],"is_beta":false,"boss_relics":[{"not_picked":["Velvet Choker","Tiny House"],"picked":"Philosopher\u0027s Stone"},{"not_picked":["Nuclear Battery","Eternal Feather"],"picked":"Busted Crown"}],"items_purged_floors":[5,20],"is_endless":false,"potions_floor_spawned":[1,6,8,24,28,31,35,44,48],"killed_by":"Shield and Spear","ascension_level":8}