{"gold_per_floor":[114,114,129,144,3,3,33,33,33,63,63,78,108,108,108,208,208,193,118,148,148,163,193,193,208,233,233,248,248,48,78,78,178,178,193,208,233,233,42,72,87,87,112,112,127],"floor_reached":45,"playtime":3710,"items_purged":["Strike_R"],"score":524,"play_id":"3fc43682-4227-40c8-8e52-c541bcf7affd","local_time":"20181202161339","daily_mods":["Heirloom","Blue Cards","Elite Swarm"],"is_ascension_mode":false,"campfire_choices":[{"data":"Creative AI","floor":6,"key":"SMITH"},{"floor":8,"key":"REST"},{"data":"Uppercut","floor":11,"key":"SMITH"},{"floor":15,"key":"REST"},{"floor":24,"key":"REST"},{"floor":27,"key":"REST"},{"floor":29,"key":"REST"},{"floor":32,"key":"REST"},{"floor":42,"key":"REST"},{"data":"Apotheosis","floor":44,"key":"SMITH"}],"neow_cost":"","seed_source_timestamp":0,"circlet_count":0,"master_deck":["Strike_R+1","Strike_R","Defend_R+1","Defend_R","Defend_R","Bash","Glacier","Go for the Eyes","Uppercut+1","Creative AI+1","Thunder Strike","Amplify","Echo Form","Echo Form","Cleave","Creative AI+1","Armaments+1","Meteor Strike","Tempest","Double Tap","Reaper","Whirlwind+1","Apotheosis+1","Barricade","Static Discharge","Entrench+1"],"special_seed":17867,"relics":["Black Blood","Calipers","Anchor","Red Skull","PreservedInsect","Orichalcum","Empty Cage","Tiny Chest","Paper Frog","Vajra","Chemical X","Incense Burner","Omamori","Pear","Oddly Smooth Stone"],"potions_floor_usage":[10,31,31,36],"damage_taken":[{"damage":16,"enemies":"Jaw Worm","floor":1,"turns":4},{"damage":0,"enemies":"Small Slimes","floor":3,"turns":3},{"damage":0,"enemies":"Cultist","floor":4,"turns":3},{"damage":32,"enemies":"Gremlin Nob","floor":7,"turns":5},{"damage":14,"enemies":"Lagavulin","floor":10,"turns":9},{"damage":22,"enemies":"Exordium Thugs","floor":12,"turns":8},{"damage":0,"enemies":"Gremlin Nob","floor":13,"turns":2},{"damage":21,"enemies":"Hexaghost","floor":16,"turns":13},{"damage":21,"enemies":"2 Thieves","floor":18,"turns":4},{"damage":9,"enemies":"Shell Parasite","floor":22,"turns":9},{"damage":48,"enemies":"Gremlin Leader","floor":23,"turns":7},{"damage":18,"enemies":"Snake Plant","floor":25,"turns":3},{"damage":5,"enemies":"Snecko","floor":28,"turns":5},{"damage":47,"enemies":"Slavers","floor":31,"turns":4},{"damage":54,"enemies":"Automaton","floor":33,"turns":11},{"damage":1,"enemies":"3 Shapes","floor":35,"turns":10},{"damage":29,"enemies":"3 Darklings","floor":36,"turns":6},{"damage":62,"enemies":"Reptomancer","floor":40,"turns":6},{"damage":13,"enemies":"Transient","floor":41,"turns":5},{"damage":48,"enemies":"Sphere and 2 Shapes","floor":45,"turns":6}],"seed_played":"-7513026677109115873","potions_obtained":[{"floor":1,"key":"FearPotion"},{"floor":3,"key":"Strength Potion"},{"floor":7,"key":"Block Potion"},{"floor":18,"key":"Explosive Potion"},{"floor":28,"key":"Block Potion"},{"floor":31,"key":"Energy Potion"},{"floor":35,"key":"LiquidBronze"},{"floor":40,"key":"EssenceOfSteel"}],"is_trial":false,"path_per_floor":["M","?","M","M","$","R","E","R","T","E","R","M","E","?","R","B",null,"M","$","?","?","M","E","R","M","T","R","M","R","$","E","R","B",null,"M","M","T","?","$","E","M","R","T","R","M"],"character_chosen":"IRONCLAD","items_purchased":["Creative AI","Chemical X","Apotheosis"],"campfire_rested":7,"item_purchase_floors":[5,30,39],"current_hp_per_floor":[70,54,60,66,66,66,40,64,64,56,56,40,46,39,63,48,80,65,65,65,65,62,20,44,32,32,56,57,80,80,39,63,15,80,80,61,61,80,80,38,53,80,80,80,42],"gold":127,"neow_bonus":"","is_prod":false,"is_daily":true,"chose_seed":false,"campfire_upgraded":3,"win_rate":0,"timestamp":1543763619,"path_taken":["M","?","M","M","$","R","E","R","T","E","R","M","E","?","R","BOSS","M","$","?","?","M","E","R","M","T","R","?","R","$","E","R","BOSS","M","M","?","?","$","E","M","R","T","R","M"],"build_version":"2018-11-15","purchased_purges":1,"victory":false,"max_hp_per_floor":[80,80,80,80,80,80,80,80,80,80,80,80,80,80,80,80,80,80,80,80,80,80,80,80,80,80,80,80,80,80,80,80,80,80,80,80,80,80,80,90,90,90,90,90,90],"card_choices":[{"not_picked":["Double Energy","Spot Weakness"],"picked":"Glacier","floor":1},{"not_picked":["Clash","Barrage"],"picked":"Go for the Eyes","floor":3},{"not_picked":["Wild Strike","Perfected Strike"],"picked":"Uppercut","floor":4},{"not_picked":["Amplify","Juggernaut"],"picked":"Thunder Strike","floor":7},{"not_picked":["Biased Cognition","Brutality"],"picked":"Amplify","floor":10},{"not_picked":["Headbutt","Barrage","Pummel"],"picked":"SKIP","floor":12},{"not_picked":["Fiend Fire","Hyperbeam"],"picked":"Echo Form","floor":13},{"not_picked":["Brutality","Impervious"],"picked":"Echo Form","floor":16},{"not_picked":["Redo","Clash"],"picked":"Cleave","floor":18},{"not_picked":["Pommel Strike","Iron Wave"],"picked":"Armaments+1","floor":22},{"not_picked":["Bludgeon","All For One"],"picked":"Meteor Strike","floor":23},{"not_picked":["Anger","Power Through"],"picked":"Tempest","floor":25},{"not_picked":["Perfected Strike+1","Body Slam","Redo"],"picked":"SKIP","floor":28},{"not_picked":["Bludgeon","Immolate"],"picked":"Double Tap","floor":31},{"not_picked":["Buffer","Juggernaut"],"picked":"Reaper","floor":33},{"not_picked":["Twin Strike+1","Bloodletting","Dropkick+1"],"picked":"SKIP","floor":35},{"not_picked":["Redo+1","Scrape"],"picked":"Whirlwind+1","floor":36},{"not_picked":["Reboot","Exhume"],"picked":"Barricade","floor":40},{"not_picked":["Sweeping Beam","Ball Lightning"],"picked":"Static Discharge","floor":41},{"not_picked":["Leap","Sever Soul+1"],"picked":"Entrench+1","floor":45}],"player_experience":138923,"relics_obtained":[{"floor":7,"key":"Anchor"},{"floor":9,"key":"Red Skull"},{"floor":10,"key":"PreservedInsect"},{"floor":13,"key":"Orichalcum"},{"floor":23,"key":"Paper Frog"},{"floor":26,"key":"Vajra"},{"floor":31,"key":"Incense Burner"},{"floor":37,"key":"Omamori"},{"floor":40,"key":"Pear"},{"floor":43,"key":"Oddly Smooth Stone"}],"event_choices":[{"damage_healed":0,"gold_gain":0,"player_choice":"Entered Light","damage_taken":16,"max_hp_gain":0,"max_hp_loss":0,"event_name":"Shining Light","floor":2,"gold_loss":0,"cards_upgraded":["Defend_R","Strike_R"]},{"cards_removed":["Strike_R"],"damage_healed":0,"gold_gain":0,"player_choice":"Card Removal","damage_taken":7,"max_hp_gain":0,"max_hp_loss":0,"event_name":"Golden Wing","floor":14,"gold_loss":0},{"damage_healed":0,"gold_gain":0,"player_choice":"Opened","damage_taken":0,"relics_obtained":["Tiny Chest"],"max_hp_gain":0,"max_hp_loss":0,"event_name":"The Mausoleum","floor":20,"gold_loss":0},{"damage_healed":0,"gold_gain":0,"player_choice":"Copied","damage_taken":0,"max_hp_gain":0,"max_hp_loss":0,"event_name":"Duplicator","floor":21,"gold_loss":0,"cards_obtained":["Creative AI"]},{"damage_healed":20,"gold_gain":0,"player_choice":"Writhe","damage_taken":0,"max_hp_gain":0,"max_hp_loss":0,"event_name":"Winding Halls","floor":38,"gold_loss":0,"cards_obtained":["Writhe"]}],"is_beta":false,"boss_relics":[{"not_picked":["Calling Bell","Tiny House"],"picked":"Empty Cage"},{"not_picked":["White Beast Statue","Velvet Choker"],"picked":"Black Blood"}],"items_purged_floors":[19],"is_endless":false,"potions_floor_spawned":[1,3,7,18,28,31,35,40,45],"killed_by":"Sphere and 2 Shapes","ascension_level":0}