{"gold_per_floor":[111,128,128,128,35,35,48,48,48,48,58,92,110,126,126,126],"floor_reached":16,"playtime":1773,"items_purged":[],"score":304,"play_id":"9cd829e1-1809-4775-8f41-81c813f37d88","local_time":"20190320120345","is_ascension_mode":true,"campfire_choices":[{"data":"Whirlwind","floor":6.0,"key":"SMITH"},{"data":"Shockwave","floor":8.0,"key":"SMITH"},{"data":"Bash","floor":10.0,"key":"SMITH"},{"data":"Cleave","floor":15.0,"key":"SMITH"}],"neow_cost":"NONE","seed_source_timestamp":97823289825890,"circlet_count":0,"master_deck":["AscendersBane","Strike_R","Strike_R","Strike_R","Strike_R","Strike_R","Defend_R","Defend_R","Defend_R","Defend_R","Bash+1","Cleave+1","Iron Wave","Shrug It Off","Whirlwind+1","Shockwave+1","Feed","Thunderclap","Shrug It Off"],"special_seed":0,"relics":["Burning Blood","Pantograph","Blue Candle"],"potions_floor_usage":[16,16],"damage_taken":[{"damage":4.0,"enemies":"Jaw Worm","floor":1.0,"turns":5.0},{"damage":7.0,"enemies":"Small Slimes","floor":2.0,"turns":4.0},{"damage":2.0,"enemies":"Cultist","floor":7.0,"turns":4.0},{"damage":3.0,"enemies":"Exordium Wildlife","floor":11.0,"turns":2.0},{"damage":12.0,"enemies":"3 Sentries","floor":12.0,"turns":4.0},{"damage":1.0,"enemies":"Blue Slaver","floor":13.0,"turns":4.0},{"damage":11.0,"enemies":"Large Slime","floor":14.0,"turns":5.0},{"damage":81,"enemies":"Hexaghost","floor":16,"turns":11}],"seed_played":"-5672350655173573563","potions_obtained":[{"floor":4.0,"key":"LiquidBronze"},{"floor":4.0,"key":"SpeedPotion"},{"floor":12.0,"key":"PowerPotion"}],"is_trial":false,"path_per_floor":["M","M","?","?","$","R","M","R","T","R","M","E","M","M","R","B"],"character_chosen":"IRONCLAD","items_purchased":["Shrug It Off","Whirlwind"],"campfire_rested":0,"item_purchase_floors":[5,5],"current_hp_per_floor":[70,69,69,69,69,69,73,73,73,73,75,69,77,72,72,0],"gold":126,"neow_bonus":"THREE_CARDS","is_prod":false,"is_daily":false,"chose_seed":false,"campfire_upgraded":4,"win_rate":0,"timestamp":1553079825,"path_taken":["M","M","?","?","$","R","?","R","T","R","M","E","M","?","R","BOSS"],"build_version":"2019-01-23","purchased_purges":0,"victory":false,"max_hp_per_floor":[75,75,75,75,75,75,75,75,75,75,75,75,78,78,78,78],"card_choices":[{"not_picked":["Havoc","Sword Boomerang"],"picked":"Armaments","floor":0.0},{"not_picked":["Havoc","Armaments"],"picked":"Cleave","floor":1.0},{"not_picked":["Cleave","Heavy Blade"],"picked":"Iron Wave","floor":2.0},{"not_picked":["Searing Blow","Armaments"],"picked":"Shockwave","floor":7.0},{"not_picked":["Anger","Clothesline"],"picked":"Feed","floor":11.0},{"not_picked":["Dual Wield","Uppercut"],"picked":"Thunderclap","floor":12.0},{"not_picked":["Clothesline","Anger"],"picked":"Shrug It Off","floor":13.0},{"not_picked":["Bloodletting","Iron Wave","Power Through"],"picked":"SKIP","floor":14.0}],"player_experience":532125,"relics_obtained":[{"floor":9.0,"key":"Pantograph"},{"floor":12.0,"key":"Blue Candle"}],"event_choices":[{"damage_healed":0.0,"max_hp_gain":0.0,"max_hp_loss":0.0,"gold_gain":0.0,"event_name":"The Cleric","player_choice":"Leave","floor":3.0,"gold_loss":0.0,"damage_taken":0.0},{"damage_healed":0.0,"max_hp_gain":0.0,"max_hp_loss":0.0,"gold_gain":0.0,"event_name":"Lab","player_choice":"Got Potions","floor":4.0,"gold_loss":0.0,"damage_taken":0.0}],"is_beta":false,"boss_relics":[],"items_purged_floors":[],"is_endless":false,"potions_floor_spawned":[12,13,14],"killed_by":"Hexaghost","ascension_level":20}