{"gold_per_floor":[117,117,135,149,163,163,179,179,179,179,179,199,199,210,210,281,281,294,311,6,16,16],"floor_reached":22,"playtime":948,"items_purged":["Pain"],"score":360,"play_id":"ec83a602-ab7d-487f-a545-9788230f2956","local_time":"20190309195405","is_ascension_mode":true,"campfire_choices":[{"data":"Bash","floor":6.0,"key":"SMITH"},{"data":"True Grit","floor":13.0,"key":"SMITH"},{"data":"Flame Barrier","floor":15.0,"key":"SMITH"}],"neow_cost":"NONE","seed_source_timestamp":19543008903674,"circlet_count":0,"master_deck":["AscendersBane","Strike_R","Strike_R","Strike_R","Strike_R","Strike_R","Defend_R","Defend_R","Defend_R","Bash+1","Flame Barrier+1","Battle Trance","True Grit+1","Ghostly Armor","Offering","Feed","Metallicize+1","Flex+1","Offering","Iron Wave","Whirlwind"],"special_seed":0,"relics":["Burning Blood","Boot","Sundial","WarpedTongs","Sozu"],"potions_floor_usage":[],"damage_taken":[{"damage":2.0,"enemies":"2 Louse","floor":1.0,"turns":3.0},{"damage":1.0,"enemies":"Cultist","floor":3.0,"turns":4.0},{"damage":15.0,"enemies":"Small Slimes","floor":4.0,"turns":6.0},{"damage":0.0,"enemies":"2 Fungi Beasts","floor":5.0,"turns":5.0},{"damage":10.0,"enemies":"Lots of Slimes","floor":7.0,"turns":6.0},{"damage":24.0,"enemies":"Exordium Wildlife","floor":12.0,"turns":7.0},{"damage":11.0,"enemies":"2 Fungi Beasts","floor":14.0,"turns":4.0},{"damage":42.0,"enemies":"The Guardian","floor":16.0,"turns":13.0},{"damage":17.0,"enemies":"2 Thieves","floor":18.0,"turns":4.0},{"damage":34.0,"enemies":"Chosen","floor":19.0,"turns":6.0},{"damage":12.0,"enemies":"Centurion and Healer","floor":21.0,"turns":8.0},{"damage":28,"enemies":"Shelled Parasite and Fungi","floor":22,"turns":3}],"seed_played":"-1799915092194284176","potions_obtained":[{"floor":1.0,"key":"Ancient Potion"},{"floor":3.0,"key":"SpeedPotion"},{"floor":7.0,"key":"SmokeBomb"},{"floor":12.0,"key":"LiquidBronze"}],"is_trial":false,"path_per_floor":["M","?","M","M","M","R","M","?","T","?","?","M","R","M","R","B",null,"M","M","$","M","M"],"character_chosen":"IRONCLAD","items_purchased":["Offering","Iron Wave"],"campfire_rested":0,"item_purchase_floors":[20,20],"current_hp_per_floor":[72,72,75,66,72,72,68,68,68,73,73,55,55,50,50,14,64,56,28,28,26,0],"gold":16,"neow_bonus":"RANDOM_COMMON_RELIC","is_prod":false,"is_daily":false,"chose_seed":false,"campfire_upgraded":3,"win_rate":0,"timestamp":1552190045,"path_taken":["M","?","M","?","M","R","M","?","T","?","?","M","R","M","R","BOSS","M","?","$","M","M"],"build_version":"2019-01-23","purchased_purges":1,"victory":false,"max_hp_per_floor":[75,75,75,75,75,75,75,75,75,80,80,80,80,80,80,80,80,83,83,83,87,87],"card_choices":[{"not_picked":["Feel No Pain","Anger"],"picked":"Flame Barrier","floor":1.0},{"not_picked":["Twin Strike","Sentinel"],"picked":"Battle Trance","floor":3.0},{"not_picked":["Havoc","Sentinel"],"picked":"True Grit","floor":4.0},{"not_picked":["Havoc","Warcry","Flex"],"picked":"SKIP","floor":5.0},{"not_picked":["Warcry","Anger"],"picked":"Ghostly Armor","floor":7.0},{"not_picked":["Blood for Blood","Combust"],"picked":"Offering","floor":12.0},{"not_picked":["Sword Boomerang","Armaments","Cleave"],"picked":"SKIP","floor":14.0},{"not_picked":["Impervious","Exhume"],"picked":"Feed","floor":16.0},{"not_picked":["Anger","Spot Weakness"],"picked":"Metallicize+1","floor":18.0},{"not_picked":["Anger","Seeing Red"],"picked":"Flex+1","floor":19.0},{"not_picked":["Sentinel","Thunderclap"],"picked":"Whirlwind","floor":21.0}],"player_experience":1251370,"relics_obtained":[{"floor":9.0,"key":"Sundial"}],"event_choices":[{"cards_removed":["Defend_R"],"damage_healed":0.0,"max_hp_gain":0.0,"max_hp_loss":0.0,"gold_gain":0.0,"event_name":"Bonfire Elementals","player_choice":"Offered Basic","floor":2.0,"gold_loss":0.0,"damage_taken":0.0},{"damage_healed":0.0,"max_hp_gain":0.0,"max_hp_loss":0.0,"gold_gain":0.0,"event_name":"Liars Game","player_choice":"Ignored","floor":8.0,"gold_loss":0.0,"damage_taken":0.0},{"damage_healed":0.0,"max_hp_gain":5.0,"max_hp_loss":0.0,"gold_gain":0.0,"event_name":"Big Fish","player_choice":"Donut","floor":10.0,"gold_loss":0.0,"damage_taken":0.0},{"damage_healed":0.0,"max_hp_gain":0.0,"max_hp_loss":0.0,"gold_gain":0.0,"event_name":"Accursed Blacksmith","player_choice":"Rummage","floor":11.0,"gold_loss":0.0,"damage_taken":0.0,"relics_obtained":["WarpedTongs"],"cards_obtained":["Pain"]}],"is_beta":false,"boss_relics":[{"not_picked":["Black Star","Fusion Hammer"],"picked":"Sozu"}],"items_purged_floors":[20],"is_endless":false,"potions_floor_spawned":[1,3,7,12],"killed_by":"Shelled Parasite and Fungi","ascension_level":20}