{"path_per_floor":["M","?","T","?","$","R","E","R","T","E","$","M","M","M","R","B",null,"M","M","$","?","?","E","M","E","T","?","R","?","E","$","R","B",null,"M","$","?","M","M","R","E","R","T","E","M","M","$","?","R","B"],"character_chosen":"IRONCLAD","items_purchased":["Pommel Strike","Cleave","Sword Boomerang","BloodPotion","Whirlwind","Weak Potion","FearPotion"],"gold_per_floor":[114,289,361,361,238,238,272,272,272,300,153,167,181,193,193,296,296,316,326,147,147,147,176,190,224,248,248,248,208,235,6,6,104,104,117,40,40,59,74,74,108,108,133,166,179,196,92,92,92,92],"floor_reached":51,"campfire_rested":4,"playtime":3126,"item_purchase_floors":[5,11,20,31,36,47,47],"current_hp_per_floor":[84,84,84,81,81,81,74,74,74,59,59,65,71,80,91,94,94,97,100,100,100,84,83,89,44,44,44,44,44,52,52,83,19,85,73,73,73,74,39,73,92,92,92,92,96,87,87,89,124,37],"items_purged":["Doubt","Strike_R","Strike_R","Defend_R"],"gold":92,"score":1099,"play_id":"5f0bf822-7f75-4f90-9ae4-3d0adaab1eb6","local_time":"20180612180924","is_prod":false,"is_daily":false,"chose_seed":false,"is_ascension_mode":true,"campfire_upgraded":4,"win_rate":0,"timestamp":1528844964,"campfire_choices":[{"data":"Pommel Strike","floor":6,"key":"SMITH"},{"data":"Inflame","floor":8,"key":"SMITH"},{"floor":15,"key":"REST"},{"data":"Mind Blast","floor":28,"key":"SMITH"},{"floor":32,"key":"REST"},{"floor":40,"key":"REST"},{"data":"Limit Break","floor":42,"key":"SMITH"},{"floor":49,"key":"REST"}],"path_taken":["M","?","?","?","$","R","E","R","T","E","$","M","M","M","R","BOSS","M","M","$","?","?","E","M","E","T","?","R","?","E","$","R","BOSS","M","?","?","M","M","R","E","R","T","E","M","?","$","?","R","BOSS"],"build_version":"2018-06-07v3","seed_source_timestamp":27892905873407,"purchased_purges":4,"victory":true,"master_deck":["Strike_R","Strike_R","Defend_R+1","Defend_R","Defend_R","Bash","Inflame+1","Pommel Strike+1","Rage+1","Cleave","Shrug It Off","Feed","Sword Boomerang","Limit Break+1","Shrug It Off+1","Sword Boomerang","Ghostly Armor","Mind Blast+1","Flex","Demon Form","Iron Wave","Whirlwind","Clothesline+1"],"max_hp_per_floor":[88,88,88,88,88,88,88,88,88,88,88,88,88,91,91,94,94,97,100,100,100,100,100,100,103,103,103,103,103,105,105,105,107,107,109,109,109,111,116,116,118,118,118,118,120,122,122,124,124,124],"relics":["Burning Blood","Dodecahedron","Ancient Tea Set","Bottled Tornado","Lantern","War Paint","Philosopher\u0027s Stone","Singing Bowl","Turnip","Oddly Smooth Stone","Bronze Scales","Runic Dome","Art of War","Potion Belt","Anchor"],"card_choices":[{"not_picked":["Clothesline","Headbutt"],"picked":"Inflame","floor":1},{"not_picked":["Havoc","Armaments","Hemokinesis"],"picked":"SKIP","floor":7},{"not_picked":["Dual Wield","Metallicize"],"picked":"Rage","floor":10},{"not_picked":["Pommel Strike","Fire Breathing"],"picked":"Shrug It Off","floor":12},{"not_picked":["Twin Strike","Armaments"],"picked":"Feed","floor":13},{"not_picked":["Uppercut","Power Through"],"picked":"Sword Boomerang","floor":14},{"not_picked":["Feed","Bludgeon"],"picked":"Limit Break","floor":16},{"not_picked":["Flame Barrier","Heavy Blade"],"picked":"Shrug It Off+1","floor":18},{"not_picked":["Wild Strike","Body Slam","Hemokinesis"],"picked":"SKIP","floor":19},{"not_picked":["Twin Strike","Rage"],"picked":"Flex","floor":23},{"not_picked":["Twin Strike","Anger"],"picked":"Demon Form","floor":24},{"not_picked":["Shrug It Off","Double Tap"],"picked":"Iron Wave","floor":25},{"not_picked":["Double Tap","Dropkick+1","Body Slam"],"picked":"Singing Bowl","floor":30},{"not_picked":["Immolate","Double Tap","Feed"],"picked":"Singing Bowl","floor":33},{"not_picked":["Havoc+1","Hemokinesis","Sentinel"],"picked":"Singing Bowl","floor":35},{"not_picked":["Clothesline","Armaments","Body Slam+1"],"picked":"Singing Bowl","floor":38},{"not_picked":["Flex","Shrug It Off","Headbutt"],"picked":"Singing Bowl","floor":39},{"not_picked":["Rupture+1","Burning Pact","Cleave"],"picked":"Singing Bowl","floor":41},{"not_picked":["Carnage+1","Bloodletting"],"picked":"Clothesline+1","floor":44},{"not_picked":["Shrug It Off+1","Dual Wield","Hemokinesis+1"],"picked":"Singing Bowl","floor":45},{"not_picked":["Shrug It Off+1","Twin Strike","Thunderclap+1"],"picked":"Singing Bowl","floor":46},{"not_picked":["Swift Strike","Deep Breath","Enlightenment"],"picked":"Singing Bowl","floor":48}],"player_experience":210479,"potions_floor_usage":[16,18,18,23,30,33,33,41,41,41,41,50,50,50,50,50,50,50],"damage_taken":[{"damage":10,"enemies":"Small Slimes","floor":1,"turns":5},{"damage":13,"enemies":"Gremlin Nob","floor":7,"turns":3},{"damage":21,"enemies":"3 Sentries","floor":10,"turns":7},{"damage":0,"enemies":"Jaw Worm","floor":12,"turns":2},{"damage":0,"enemies":"2 Louse","floor":13,"turns":1},{"damage":0,"enemies":"Looter","floor":14,"turns":4},{"damage":0,"enemies":"Slime Boss","floor":16,"turns":8},{"damage":0,"enemies":"2 Thieves","floor":18,"turns":2},{"damage":5,"enemies":"Shell Parasite","floor":19,"turns":3},{"damage":7,"enemies":"Gremlin Leader","floor":23,"turns":6},{"damage":0,"enemies":"Sentry and Sphere","floor":24,"turns":3},{"damage":54,"enemies":"Slavers","floor":25,"turns":4},{"damage":0,"enemies":"Gremlin Leader","floor":30,"turns":3},{"damage":82,"enemies":"Automaton","floor":33,"turns":9},{"damage":20,"enemies":"3 Darklings","floor":35,"turns":3},{"damage":7,"enemies":"Orb Walker","floor":38,"turns":2},{"damage":46,"enemies":"4 Shapes","floor":39,"turns":4},{"damage":0,"enemies":"2 Orb Walkers","floor":41,"turns":3},{"damage":6,"enemies":"Giant Head","floor":44,"turns":5},{"damage":4,"enemies":"3 Darklings","floor":45,"turns":4},{"damage":17,"enemies":"Maw","floor":46,"turns":7},{"damage":93,"enemies":"Time Eater","floor":50,"turns":8}],"relics_obtained":[{"floor":3,"key":"Dodecahedron"},{"floor":7,"key":"Bottled Tornado"},{"floor":9,"key":"Lantern"},{"floor":10,"key":"War Paint"},{"floor":23,"key":"Singing Bowl"},{"floor":25,"key":"Turnip"},{"floor":26,"key":"Oddly Smooth Stone"},{"floor":30,"key":"Bronze Scales"},{"floor":41,"key":"Art of War"},{"floor":43,"key":"Potion Belt"},{"floor":44,"key":"Anchor"}],"event_choices":[{"event_name":"Liars Game","player_choice":"agreed","floor":2,"damage_taken":0},{"event_name":"Scrap Ooze","player_choice":"success","floor":4,"damage_taken":3},{"event_name":"The Library","player_choice":"Read","floor":21,"damage_taken":0},{"event_name":"Knowing Skull","player_choice":"CARD ","floor":22,"damage_taken":0},{"event_name":"Wheel of Change","player_choice":"Card Removal","floor":27,"damage_taken":0},{"event_name":"The Woman in Blue","player_choice":"Bought 3 Potions","floor":29,"damage_taken":0},{"event_name":"The Lab","player_choice":"Got Potions","floor":37,"damage_taken":0},{"event_name":"SensoryStone","player_choice":"Memory 1","floor":48,"damage_taken":0}],"boss_relics":[{"not_picked":["Lizard Tail","Calling Bell"],"picked":"Philosopher\u0027s Stone"},{"not_picked":["Black Blood","Runic Pyramid"],"picked":"Runic Dome"}],"items_purged_floors":[5,11,20,31],"potions_floor_spawned":[7,10,16,18,24,38,39,44,46],"seed_played":"-4769292027576014728","ascension_level":5,"potions_obtained":[{"floor":7,"key":"Block Potion"},{"floor":10,"key":"FearPotion"},{"floor":16,"key":"SteroidPotion"},{"floor":18,"key":"Weak Potion"},{"floor":24,"key":"Poison Potion"},{"floor":29,"key":"FairyPotion"},{"floor":29,"key":"Dexterity Potion"},{"floor":37,"key":"FearPotion"},{"floor":37,"key":"EntropicBrew"},{"floor":38,"key":"BloodPotion"},{"floor":44,"key":"Energy Potion"},{"floor":46,"key":"EntropicBrew"}],"is_trial":false}