{"gold_per_floor":[217,39,62,62,76,76,109,120,120,17,27,55,55,86,86,162,162,181,181,201,213,65,65,75,75,75,104,104,114,23,23,23,23],"floor_reached":33,"playtime":2403,"items_purged":["Strike_R","Strike_R","Strike_R+1"],"score":577,"play_id":"9ec5e185-8bae-4965-a71a-8bf1df5bc953","local_time":"20190410213153","is_ascension_mode":true,"campfire_choices":[{"data":"Bash","floor":6.0,"key":"SMITH"},{"data":"Inflame","floor":13.0,"key":"SMITH"},{"floor":15.0,"key":"DIG"},{"floor":23.0,"key":"DIG"},{"floor":28.0,"key":"DIG"},{"data":"Whirlwind","floor":32.0,"key":"SMITH"}],"neow_cost":"NONE","seed_source_timestamp":29947793594277,"circlet_count":0,"master_deck":["AscendersBane","Defend_R+1","Defend_R+1","Defend_R+1","Defend_R+1","Bash+1","Clothesline","Feed","Whirlwind+1","Intimidate","Inflame+1","Battle Trance","Reaper","Shrug It Off","Blood for Blood","Inflame","Bite","Bite","Bite","Bite","Bite"],"special_seed":0,"relics":["Burning Blood","Smiling Mask","Mummified Hand","Meat on the Bone","Blue Candle","Art of War","Shovel","Red Skull","Velvet Choker","Matryoshka","Juzu Bracelet","Letter Opener","Ancient Tea Set","Magic Flower","Pantograph"],"potions_floor_usage":[33],"damage_taken":[{"damage":7.0,"enemies":"Cultist","floor":1.0,"turns":4.0},{"damage":5.0,"enemies":"Small Slimes","floor":5.0,"turns":3.0},{"damage":40.0,"enemies":"3 Sentries","floor":7.0,"turns":12.0},{"damage":7.0,"enemies":"Jaw Worm","floor":8.0,"turns":4.0},{"damage":21.0,"enemies":"Lots of Slimes","floor":11.0,"turns":6.0},{"damage":6.0,"enemies":"Gremlin Nob","floor":12.0,"turns":3.0},{"damage":22.0,"enemies":"3 Sentries","floor":14.0,"turns":5.0},{"damage":39.0,"enemies":"The Guardian","floor":16.0,"turns":10.0},{"damage":6.0,"enemies":"3 Byrds","floor":18.0,"turns":5.0},{"damage":40.0,"enemies":"Chosen","floor":20.0,"turns":5.0},{"damage":27.0,"enemies":"Snake Plant","floor":21.0,"turns":5.0},{"damage":18.0,"enemies":"Cultist and Chosen","floor":24.0,"turns":7.0},{"damage":47.0,"enemies":"Slavers","floor":27.0,"turns":6.0},{"damage":7.0,"enemies":"Centurion and Healer","floor":29.0,"turns":5.0},{"damage":89,"enemies":"Collector","floor":33,"turns":7}],"seed_played":"-316053386506941392","potions_obtained":[{"floor":1.0,"key":"Fire Potion"},{"floor":12.0,"key":"EssenceOfSteel"},{"floor":14.0,"key":"Dexterity Potion"},{"floor":16.0,"key":"LiquidBronze"},{"floor":20.0,"key":"SneckoOil"}],"is_trial":false,"path_per_floor":["M","$","T","?","M","R","E","M","T","$","M","E","R","E","R","B",null,"M","?","M","M","$","R","M","?","T","E","R","M","$","?","R","B"],"character_chosen":"IRONCLAD","items_purchased":["Feed","PowerPotion","Energy Potion","Blood for Blood","Inflame"],"campfire_rested":0,"item_purchase_floors":[2,10,22,22,30],"current_hp_per_floor":[67,67,67,62,66,66,35,49,49,49,49,61,61,57,57,36,74,89,89,68,62,62,62,67,67,67,53,53,75,75,71,71,0],"gold":23,"neow_bonus":"HUNDRED_GOLD","is_prod":false,"is_daily":false,"chose_seed":false,"campfire_upgraded":3,"win_rate":0,"timestamp":1554949913,"path_taken":["M","$","?","?","M","R","E","M","T","$","M","E","R","E","R","BOSS","M","?","?","M","?","R","M","?","T","E","R","M","$","?","R","BOSS"],"build_version":"2019-01-23","purchased_purges":3,"victory":false,"max_hp_per_floor":[75,75,75,75,78,78,81,84,84,84,87,87,87,87,87,87,87,90,90,93,93,93,93,96,96,96,99,99,102,102,71,71,71],"card_choices":[{"not_picked":["Spot Weakness","Warcry"],"picked":"Clothesline","floor":1.0},{"not_picked":["Thunderclap","Entrench"],"picked":"Dropkick","floor":5.0},{"not_picked":["Flex","Havoc"],"picked":"Whirlwind","floor":7.0},{"not_picked":["Body Slam","Flex","Anger"],"picked":"SKIP","floor":8.0},{"not_picked":["Sword Boomerang","Clothesline"],"picked":"Intimidate","floor":11.0},{"not_picked":["Brutality","Shrug It Off"],"picked":"Inflame","floor":12.0},{"not_picked":["Heavy Blade","Fire Breathing"],"picked":"Battle Trance","floor":14.0},{"not_picked":["Fiend Fire","Barricade"],"picked":"Reaper","floor":16.0},{"not_picked":["True Grit","Clash+1","Sentinel"],"picked":"SKIP","floor":18.0},{"not_picked":["Armaments","Perfected Strike"],"picked":"Shrug It Off","floor":20.0},{"not_picked":["Cleave","Shrug It Off","Seeing Red"],"picked":"SKIP","floor":21.0},{"not_picked":["Cleave","Shrug It Off","Seeing Red"],"picked":"SKIP","floor":21.0},{"not_picked":["Iron Wave","Body Slam","Bloodletting"],"picked":"SKIP","floor":24.0},{"not_picked":["Fire Breathing","Burning Pact","Sever Soul"],"picked":"SKIP","floor":27.0},{"not_picked":["Clothesline","Ghostly Armor","Sword Boomerang"],"picked":"SKIP","floor":29.0}],"player_experience":729394,"relics_obtained":[{"floor":3.0,"key":"Smiling Mask"},{"floor":7.0,"key":"Meat on the Bone"},{"floor":9.0,"key":"Blue Candle"},{"floor":12.0,"key":"Art of War"},{"floor":14.0,"key":"Shovel"},{"floor":15.0,"key":"Red Skull"},{"floor":23.0,"key":"Juzu Bracelet"},{"floor":26.0,"key":"Letter Opener"},{"floor":26.0,"key":"Ancient Tea Set"},{"floor":27.0,"key":"Magic Flower"},{"floor":28.0,"key":"Pantograph"}],"event_choices":[{"damage_healed":0.0,"max_hp_gain":0.0,"max_hp_loss":0.0,"gold_gain":0.0,"event_name":"Scrap Ooze","player_choice":"Success","floor":4.0,"gold_loss":0.0,"damage_taken":5.0,"relics_obtained":["Mummified Hand"]},{"cards_removed":["Dropkick"],"damage_healed":0.0,"max_hp_gain":0.0,"max_hp_loss":0.0,"gold_gain":0.0,"event_name":"WeMeetAgain","player_choice":"Gave Card","floor":19.0,"gold_loss":0.0,"damage_taken":0.0,"relics_obtained":["Matryoshka"]},{"damage_healed":0.0,"max_hp_gain":0.0,"max_hp_loss":0.0,"gold_gain":0.0,"event_name":"Back to Basics","player_choice":"Simplicity","floor":25.0,"gold_loss":0.0,"damage_taken":0.0,"cards_upgraded":["Strike_R","Strike_R","Strike_R","Defend_R","Defend_R","Defend_R","Defend_R"]},{"damage_healed":0.0,"max_hp_gain":0.0,"max_hp_loss":31.0,"gold_gain":0.0,"event_name":"Vampires","player_choice":"Became a vampire","floor":31.0,"gold_loss":0.0,"damage_taken":0.0,"cards_obtained":["Bite","Bite","Bite","Bite","Bite"]}],"is_beta":false,"boss_relics":[{"not_picked":["Busted Crown","White Beast Statue"],"picked":"Velvet Choker"}],"items_purged_floors":[10,22,30],"is_endless":false,"potions_floor_spawned":[1,12,14,16,20,24,29],"killed_by":"Collector","ascension_level":19}