{"gold_per_floor":[216,230,244,262,262,262,290,290,290,290,9,9,36,51,51,125,125,135,60,76,1,1,1,1,1,27,40,40,40,72,87,87,162,162,173,173,19,31,31,31,31,59,86,114,114,132,7,24,24,24],"floor_reached":51,"playtime":2515,"items_purged":["Strike_B","Doubt","Pain"],"score":1378,"play_id":"27bbc71f-e202-4af3-9ac6-f40a8279706c","local_time":"20190306212954","is_ascension_mode":true,"campfire_choices":[{"floor":6.0,"key":"REST"},{"data":"Zap","floor":10.0,"key":"SMITH"},{"data":"Dualcast","floor":12.0,"key":"SMITH"},{"floor":15.0,"key":"REST"},{"data":"Creative AI","floor":23.0,"key":"SMITH"},{"data":"Biased Cognition","floor":24.0,"key":"SMITH"},{"data":"Capacitor","floor":25.0,"key":"SMITH"},{"data":"Hologram","floor":29.0,"key":"SMITH"},{"data":"Coolheaded","floor":32.0,"key":"SMITH"},{"data":"Biased Cognition","floor":40.0,"key":"SMITH"},{"data":"Ball Lightning","floor":45.0,"key":"SMITH"},{"data":"Hologram","floor":49.0,"key":"SMITH"}],"neow_cost":"NONE","seed_source_timestamp":0,"circlet_count":0,"master_deck":["AscendersBane","Strike_B","Defend_B+1","Defend_B+1","Defend_B+1","Defend_B","Zap+1","Dualcast+1","Leap","Coolheaded+1","Hologram+1","Genetic Algorithm+1","Cold Snap","Capacitor+1","Conserve Battery","Biased Cognition+1","Creative AI+1","Self Repair","Storm","Genetic Algorithm","Hologram+1","Biased Cognition+1","Parasite","Clumsy","Go for the Eyes+1","Secret Weapon","Hologram+1","Ball Lightning+1","Chill"],"special_seed":0,"relics":["Cracked Core","Gambling Chip","WingedGreaves","Bronze Scales","Dead Branch","Cursed Key","PreservedInsect","War Paint","Calling Bell","Lantern","Meat on the Bone","Ginger","Blue Candle","DataDisk","Pantograph"],"potions_floor_usage":[50,50],"damage_taken":[{"damage":0.0,"enemies":"2 Louse","floor":1.0,"turns":3.0},{"damage":8.0,"enemies":"Small Slimes","floor":2.0,"turns":4.0},{"damage":0.0,"enemies":"Jaw Worm","floor":3.0,"turns":5.0},{"damage":8.0,"enemies":"3 Louse","floor":4.0,"turns":4.0},{"damage":18.0,"enemies":"3 Sentries","floor":7.0,"turns":15.0},{"damage":12.0,"enemies":"Lagavulin","floor":13.0,"turns":8.0},{"damage":0.0,"enemies":"2 Fungi Beasts","floor":14.0,"turns":4.0},{"damage":8.0,"enemies":"Hexaghost","floor":16.0,"turns":11.0},{"damage":16.0,"enemies":"2 Thieves","floor":18.0,"turns":4.0},{"damage":4.0,"enemies":"Chosen","floor":20.0,"turns":5.0},{"damage":3.0,"enemies":"Snake Plant","floor":27.0,"turns":5.0},{"damage":4.0,"enemies":"Book of Stabbing","floor":30.0,"turns":4.0},{"damage":3.0,"enemies":"Snecko","floor":31.0,"turns":9.0},{"damage":17.0,"enemies":"Collector","floor":33.0,"turns":9.0},{"damage":40.0,"enemies":"3 Darklings","floor":35.0,"turns":5.0},{"damage":3.0,"enemies":"Orb Walker","floor":38.0,"turns":3.0},{"damage":7.0,"enemies":"Nemesis","floor":42.0,"turns":5.0},{"damage":18.0,"enemies":"Reptomancer","floor":44.0,"turns":5.0},{"damage":5.0,"enemies":"4 Shapes","floor":46.0,"turns":6.0},{"damage":7.0,"enemies":"Sphere and 2 Shapes","floor":48.0,"turns":5.0},{"damage":61,"enemies":"Donu and Deca","floor":50,"turns":9}],"seed_played":"-3546962877487844478","potions_obtained":[{"floor":3.0,"key":"Dexterity Potion"},{"floor":14.0,"key":"Weak Potion"},{"floor":16.0,"key":"AttackPotion"},{"floor":27.0,"key":"LiquidBronze"},{"floor":30.0,"key":"FocusPotion"},{"floor":38.0,"key":"SpeedPotion"},{"floor":44.0,"key":"Block Potion"},{"floor":48.0,"key":"Ancient Potion"}],"is_trial":false,"path_per_floor":["M","M","M","M","?","R","E","?","T","R","$","R","E","M","R","B",null,"M","?","M","$","?","R","R","R","T","M","?","R","E","M","R","B",null,"M","?","$","M","$","R","?","E","T","E","R","M","$","M","R","B",null],"character_chosen":"DEFECT","items_purchased":["Bronze Scales","Capacitor","Conserve Battery","SkillPotion"],"campfire_rested":2,"item_purchase_floors":[11,11,11,37],"current_hp_per_floor":[64,56,56,48,27,48,30,30,30,30,30,30,18,18,39,31,61,45,45,41,41,41,41,41,41,41,45,45,45,48,45,45,35,62,41,41,41,45,45,45,45,45,45,46,46,48,48,41,41,24],"gold":24,"neow_bonus":"HUNDRED_GOLD","is_prod":false,"is_daily":false,"chose_seed":false,"campfire_upgraded":10,"win_rate":0,"timestamp":1551936594,"path_taken":["M","M","M","M","?","R","E","?","T","R","$","R","E","M","R","BOSS","M","?","M","?","?","R","R","R","T","M","?","R","E","?","R","BOSS","M","?","$","M","?","R","?","E","T","E","R","M","$","M","R","BOSS"],"build_version":"2019-01-23","purchased_purges":3,"victory":true,"max_hp_per_floor":[71,71,71,71,71,71,71,71,71,71,71,71,71,71,71,71,71,71,71,71,71,71,71,71,71,71,71,71,71,71,71,71,71,71,71,71,71,71,71,71,71,71,71,71,71,71,71,71,71,71],"card_choices":[{"not_picked":["Rebound","Stack"],"picked":"Leap","floor":1.0},{"not_picked":["Sweeping Beam","Go for the Eyes"],"picked":"Coolheaded","floor":2.0},{"not_picked":["Tempest","Turbo"],"picked":"Hologram","floor":3.0},{"not_picked":["Barrage","Go for the Eyes"],"picked":"Genetic Algorithm","floor":4.0},{"not_picked":["Rebound","Go for the Eyes"],"picked":"Cold Snap","floor":7.0},{"not_picked":["Hologram","Fusion"],"picked":"Biased Cognition","floor":13.0},{"not_picked":["Force Field","Static Discharge","Aggregate"],"picked":"SKIP","floor":14.0},{"not_picked":["All For One","Core Surge"],"picked":"Creative AI","floor":16.0},{"not_picked":["Force Field","Aggregate+1","Reprogram"],"picked":"SKIP","floor":18.0},{"not_picked":["Go for the Eyes","Static Discharge"],"picked":"Self Repair","floor":20.0},{"not_picked":["Sweeping Beam","Scrape"],"picked":"Storm","floor":27.0},{"not_picked":["Beam Cell","Coolheaded"],"picked":"Hologram+1","floor":30.0},{"not_picked":["Recycle","Auto Shields","Hello World"],"picked":"SKIP","floor":31.0},{"not_picked":["All For One","Rainbow"],"picked":"Biased Cognition","floor":33.0},{"not_picked":["Beam Cell","Coolheaded"],"picked":"Go for the Eyes+1","floor":35.0},{"not_picked":["Recycle","Compile Driver","Self Repair"],"picked":"SKIP","floor":38.0},{"not_picked":["Dramatic Entrance","Thinking Ahead"],"picked":"Secret Weapon","floor":41.0},{"not_picked":["Barrage","Scrape"],"picked":"Hologram","floor":42.0},{"not_picked":["Go for the Eyes","Conserve Battery"],"picked":"Ball Lightning","floor":44.0},{"not_picked":["Go for the Eyes+1","Barrage","Conserve Battery"],"picked":"SKIP","floor":46.0},{"not_picked":["Machine Learning","Steam Power"],"picked":"Chill","floor":48.0}],"player_experience":1247419,"relics_obtained":[{"floor":7.0,"key":"Gambling Chip"},{"floor":9.0,"key":"WingedGreaves"},{"floor":13.0,"key":"Dead Branch"},{"floor":26.0,"key":"PreservedInsect"},{"floor":30.0,"key":"War Paint"},{"floor":34.0,"key":"Lantern"},{"floor":34.0,"key":"Meat on the Bone"},{"floor":34.0,"key":"Ginger"},{"floor":42.0,"key":"Blue Candle"},{"floor":43.0,"key":"DataDisk"},{"floor":44.0,"key":"Pantograph"}],"event_choices":[{"damage_healed":0.0,"max_hp_gain":0.0,"max_hp_loss":0.0,"gold_gain":0.0,"event_name":"Shining Light","player_choice":"Entered Light","floor":5.0,"gold_loss":0.0,"damage_taken":21.0,"cards_upgraded":["Defend_B","Defend_B"]},{"cards_removed":["Strike_B"],"damage_healed":0.0,"max_hp_gain":0.0,"max_hp_loss":0.0,"gold_gain":0.0,"event_name":"Living Wall","player_choice":"Forget","floor":8.0,"gold_loss":0.0,"damage_taken":0.0},{"cards_removed":["Strike_B"],"damage_healed":0.0,"max_hp_gain":0.0,"max_hp_loss":0.0,"gold_gain":0.0,"event_name":"Beggar","player_choice":"Gave Gold","floor":19.0,"gold_loss":75.0,"damage_taken":0.0},{"damage_healed":0.0,"max_hp_gain":0.0,"max_hp_loss":0.0,"gold_gain":0.0,"event_name":"Ghosts","player_choice":"Ignored","floor":22.0,"gold_loss":0.0,"damage_taken":0.0},{"damage_healed":0.0,"max_hp_gain":0.0,"max_hp_loss":0.0,"gold_gain":0.0,"event_name":"Duplicator","player_choice":"Copied","floor":28.0,"gold_loss":0.0,"damage_taken":0.0,"cards_obtained":["Genetic Algorithm"]},{"cards_removed":["Decay"],"damage_healed":0.0,"max_hp_gain":0.0,"max_hp_loss":0.0,"gold_gain":0.0,"event_name":"Wheel of Change","player_choice":"Card Removal","floor":36.0,"gold_loss":0.0,"damage_taken":0.0},{"damage_healed":0.0,"max_hp_gain":0.0,"max_hp_loss":0.0,"gold_gain":0.0,"event_name":"SensoryStone","player_choice":"Memory 1","floor":41.0,"gold_loss":0.0,"damage_taken":0.0}],"is_beta":false,"boss_relics":[{"not_picked":["Black Star","Snecko Eye"],"picked":"Cursed Key"},{"not_picked":["FrozenCore","Runic Pyramid"],"picked":"Calling Bell"}],"items_purged_floors":[21,37,47],"is_endless":false,"potions_floor_spawned":[3,14,16,27,30,38,44,48],"ascension_level":19}