{"gold_per_floor":[10,10,23,23,23,23,42,42,42,67,67,83,108,146,146,241,241,262,262,281,300,300,300,326,19,19,19,19,19,59,59,59,59],"floor_reached":33,"playtime":1819,"items_purged":[],"score":488,"play_id":"83923dde-3550-449c-aaad-7ddf707c4f75","local_time":"20190207162442","is_ascension_mode":true,"campfire_choices":[{"data":"Bash","floor":6.0,"key":"SMITH"},{"data":"Rage","floor":15.0,"key":"SMITH"},{"data":"Disarm","floor":23.0,"key":"SMITH"},{"data":"Spot Weakness","floor":27.0,"key":"SMITH"},{"data":"Offering","floor":29.0,"key":"SMITH"},{"data":"Power Through","floor":32.0,"key":"SMITH"}],"neow_cost":"NO_GOLD","seed_source_timestamp":60195150011695,"circlet_count":0,"master_deck":["AscendersBane","Strike_R+1","Defend_R+1","Defend_R","Defend_R","Bash+1","Reaper+1","Headbutt","Whirlwind+1","Twin Strike+1","Pommel Strike+1","Rage+1","Offering+1","Shrug It Off+1","Anger+1","Dropkick+1","Disarm+1","Heavy Blade+1","Spot Weakness+1","Power Through+1","Writhe","Ghostly Armor"],"special_seed":0,"relics":["Burning Blood","Molten Egg 2","Boot","Golden Idol","Thread and Needle","Astrolabe","Whetstone","Potion Belt","Lantern","Frozen Egg 2","Anchor","Self Forming Clay"],"potions_floor_usage":[],"damage_taken":[{"damage":0.0,"enemies":"Small Slimes","floor":1.0,"turns":3.0},{"damage":1.0,"enemies":"2 Louse","floor":3.0,"turns":3.0},{"damage":3.0,"enemies":"Jaw Worm","floor":7.0,"turns":5.0},{"damage":44.0,"enemies":"3 Sentries","floor":10.0,"turns":6.0},{"damage":10.0,"enemies":"Gremlin Gang","floor":12.0,"turns":5.0},{"damage":9.0,"enemies":"2 Fungi Beasts","floor":13.0,"turns":4.0},{"damage":32.0,"enemies":"Lagavulin","floor":14.0,"turns":5.0},{"damage":39.0,"enemies":"Slime Boss","floor":16.0,"turns":9.0},{"damage":6.0,"enemies":"Chosen","floor":18.0,"turns":2.0},{"damage":6.0,"enemies":"Spheric Guardian","floor":20.0,"turns":1.0},{"damage":12.0,"enemies":"Snecko","floor":21.0,"turns":6.0},{"damage":14.0,"enemies":"Gremlin Leader","floor":30.0,"turns":5.0},{"damage":92,"enemies":"Champ","floor":33,"turns":13}],"seed_played":"-8593666852345936536","potions_obtained":[{"floor":7.0,"key":"LiquidBronze"},{"floor":10.0,"key":"LiquidBronze"},{"floor":12.0,"key":"Explosive Potion"},{"floor":21.0,"key":"Block Potion"},{"floor":30.0,"key":"SteroidPotion"}],"is_trial":false,"path_per_floor":["M","?","M","?","?","R","M","?","T","E","?","M","M","E","R","B",null,"M","?","M","M","?","R","T","$","T","R","?","R","E","T","R","B"],"character_chosen":"IRONCLAD","items_purchased":["Potion Belt","SteroidPotion","Power Through"],"campfire_rested":0,"item_purchase_floors":[25,25,25],"current_hp_per_floor":[75,52,66,71,64,64,71,71,71,41,41,42,50,30,30,12,57,57,57,57,56,56,56,56,56,56,56,56,56,72,72,72,0],"gold":59,"neow_bonus":"THREE_RARE_CARDS","is_prod":false,"is_daily":false,"chose_seed":false,"campfire_upgraded":6,"win_rate":0,"timestamp":1549553082,"path_taken":["M","?","M","?","?","R","M","?","T","E","?","M","?","E","R","BOSS","BOSS","M","?","?","M","?","R","?","$","T","R","?","R","E","?","R","BOSS"],"build_version":"2019-01-23","purchased_purges":0,"victory":false,"max_hp_per_floor":[75,75,75,80,80,80,80,80,80,80,72,72,72,72,72,72,72,72,72,72,72,72,72,72,72,72,72,72,72,72,72,72,72],"card_choices":[{"not_picked":["Dark Embrace","Juggernaut"],"picked":"Reaper","floor":0.0},{"not_picked":["Heavy Blade","Fire Breathing"],"picked":"Headbutt","floor":1.0},{"not_picked":["Bloodletting","Rage","Clash"],"picked":"SKIP","floor":3.0},{"not_picked":["Twin Strike","Corruption"],"picked":"Whirlwind","floor":7.0},{"not_picked":["Whirlwind+1","Warcry"],"picked":"Twin Strike+1","floor":10.0},{"not_picked":["Disarm","Evolve"],"picked":"Pommel Strike+1","floor":12.0},{"not_picked":["Thunderclap+1","Warcry","Armaments"],"picked":"SKIP","floor":13.0},{"not_picked":["Pommel Strike+1","Reckless Charge+1"],"picked":"Rage","floor":14.0},{"not_picked":["Feed+1","Dark Embrace"],"picked":"Offering","floor":16.0},{"not_picked":["Iron Wave+1","Anger+1"],"picked":"Disarm","floor":18.0},{"not_picked":["Havoc","Pommel Strike+1","Corruption"],"picked":"SKIP","floor":20.0},{"not_picked":["Clash+1","Sword Boomerang+1"],"picked":"Heavy Blade+1","floor":21.0},{"not_picked":["Offering","Entrench"],"picked":"Ghostly Armor","floor":30.0}],"player_experience":328007,"relics_obtained":[{"floor":9.0,"key":"Molten Egg 2"},{"floor":10.0,"key":"Boot"},{"floor":14.0,"key":"Thread and Needle"},{"floor":24.0,"key":"Whetstone"},{"floor":26.0,"key":"Lantern"},{"floor":30.0,"key":"Anchor"},{"floor":31.0,"key":"Self Forming Clay"}],"event_choices":[{"damage_healed":0.0,"max_hp_gain":0.0,"max_hp_loss":0.0,"gold_gain":0.0,"event_name":"Shining Light","player_choice":"Entered Light","floor":2.0,"gold_loss":0.0,"damage_taken":23.0,"cards_upgraded":["Strike_R","Defend_R"]},{"damage_healed":0.0,"max_hp_gain":5.0,"max_hp_loss":0.0,"gold_gain":0.0,"event_name":"Big Fish","player_choice":"Donut","floor":4.0,"gold_loss":0.0,"damage_taken":0.0},{"cards_removed":["Strike_R"],"damage_healed":0.0,"max_hp_gain":0.0,"max_hp_loss":0.0,"gold_gain":0.0,"event_name":"Golden Wing","player_choice":"Card Removal","floor":5.0,"gold_loss":0.0,"damage_taken":7.0},{"damage_healed":0.0,"max_hp_gain":0.0,"max_hp_loss":0.0,"gold_gain":0.0,"event_name":"Dead Adventurer","player_choice":"Searched \u00270\u0027 times","floor":8.0,"gold_loss":0.0,"damage_taken":0.0},{"damage_healed":0.0,"max_hp_gain":0.0,"max_hp_loss":8.0,"gold_gain":0.0,"event_name":"Golden Idol","player_choice":"Lose Max HP","floor":11.0,"gold_loss":0.0,"damage_taken":0.0,"relics_obtained":["Golden Idol"]},{"cards_removed":["Strike_R"],"damage_healed":0.0,"max_hp_gain":0.0,"max_hp_loss":0.0,"gold_gain":0.0,"event_name":"Bonfire Elementals","player_choice":"Offered Basic","floor":19.0,"gold_loss":0.0,"damage_taken":0.0},{"damage_healed":0.0,"max_hp_gain":0.0,"max_hp_loss":0.0,"gold_gain":0.0,"event_name":"The Library","player_choice":"Read","floor":22.0,"gold_loss":0.0,"damage_taken":0.0,"cards_obtained":["Spot Weakness"]},{"damage_healed":0.0,"max_hp_gain":0.0,"max_hp_loss":0.0,"gold_gain":0.0,"event_name":"The Mausoleum","player_choice":"Opened","floor":28.0,"gold_loss":0.0,"damage_taken":0.0,"relics_obtained":["Frozen Egg 2"],"cards_obtained":["Writhe"]}],"is_beta":false,"boss_relics":[{"not_picked":["Runic Cube","Tiny House"],"picked":"Astrolabe"}],"items_purged_floors":[],"is_endless":false,"potions_floor_spawned":[7,10,12,21,30],"killed_by":"Champ","ascension_level":16}