{"gold_per_floor":[118,118,43,118,134,134,159,171,171,181,181,198,224,235,235,332,332,314,55,75,75],"floor_reached":21,"playtime":1271,"items_purged":["Regret","Writhe"],"score":229,"play_id":"5967e9ea-9a28-4595-9764-7151cc302a04","local_time":"20180722221810","is_ascension_mode":true,"campfire_choices":[{"data":"Zap","floor":6.0,"key":"SMITH"},{"floor":11.0,"key":"REST"},{"data":"Defragment","floor":15.0,"key":"SMITH"}],"neow_cost":"","seed_source_timestamp":0,"circlet_count":0,"master_deck":["Strike_B","Strike_B+1","Strike_B","Strike_B+1","Defend_B","Defend_B","Defend_B","Defend_B","Zap+1","Dualcast","Defragment+1","BootSequence","Chill","Auto Shields","Ball Lightning","Leap","Auto Shields","Thunder Strike","Clumsy","Clumsy","Go for the Eyes","Apotheosis+1","Sunder+1"],"special_seed":0,"relics":["Cracked Core","Matryoshka","Ornamental Fan","Happy Flower","Whetstone","Smiling Mask","Calling Bell","Ancient Tea Set","Toxic Egg 2","Girya"],"potions_floor_usage":[16,16],"damage_taken":[{"damage":2.0,"enemies":"Jaw Worm","floor":1.0,"turns":3.0},{"damage":1.0,"enemies":"2 Louse","floor":5.0,"turns":3.0},{"damage":25.0,"enemies":"3 Sentries","floor":7.0,"turns":7.0},{"damage":7.0,"enemies":"Cultist","floor":8.0,"turns":4.0},{"damage":0.0,"enemies":"Blue Slaver","floor":10.0,"turns":4.0},{"damage":0.0,"enemies":"Large Slime","floor":12.0,"turns":4.0},{"damage":25.0,"enemies":"Gremlin Nob","floor":13.0,"turns":4.0},{"damage":0.0,"enemies":"Red Slaver","floor":14.0,"turns":3.0},{"damage":11,"enemies":"Hexaghost","floor":16,"turns":9},{"damage":19,"enemies":"2 Thieves","floor":18,"turns":4},{"damage":13,"enemies":"Shell Parasite","floor":20,"turns":7},{"damage":46,"enemies":"Cultist and Chosen","floor":21,"turns":6}],"seed_played":"-3256704987358200566","potions_obtained":[{"floor":5.0,"key":"Ancient Potion"},{"floor":7.0,"key":"AttackPotion"},{"floor":10.0,"key":"LiquidBronze"},{"floor":12.0,"key":"Strength Potion"},{"floor":14.0,"key":"SkillPotion"},{"floor":20,"key":"Ancient Potion"}],"is_trial":false,"path_per_floor":["M","?","$","?","M","R","E","M","T","M","R","M","E","M","R","B",null,"M","$","M"],"character_chosen":"DEFECT","items_purchased":["Apotheosis+1"],"campfire_rested":1,"item_purchase_floors":[19],"current_hp_per_floor":[73,73,73,62,61,61,36,29,29,29,51,51,26,26,26,15,75,56,56,43,0],"gold":75,"neow_bonus":"","is_prod":false,"is_daily":false,"chose_seed":false,"campfire_upgraded":2,"win_rate":0,"timestamp":1532323090,"path_taken":["M","?","?","?","M","R","E","?","T","M","R","M","E","M","R","BOSS","M","$","M","M"],"build_version":"2018-07-19v2","purchased_purges":2,"victory":false,"max_hp_per_floor":[75,75,75,75,75,75,75,75,75,75,75,75,75,75,75,75,75,75,75,75,75],"card_choices":[{"not_picked":["Cold Snap","Double Energy"],"picked":"Defragment","floor":1.0},{"not_picked":["Barrage","Sweeping Beam"],"picked":"BootSequence","floor":5.0},{"not_picked":["Stack","Creative AI"],"picked":"Chill","floor":7.0},{"not_picked":["Melter","Go for the Eyes"],"picked":"Auto Shields","floor":8.0},{"not_picked":["Hello World","Force Field"],"picked":"Ball Lightning","floor":10.0},{"not_picked":["Fusion","Gash"],"picked":"Leap","floor":12.0},{"not_picked":["Scrape","Rebound","Machine Learning"],"picked":"SKIP","floor":13.0},{"not_picked":["Coolheaded","Rip and Tear"],"picked":"Auto Shields","floor":14.0},{"not_picked":["Amplify","All For One"],"picked":"Thunder Strike","floor":16},{"not_picked":["Turbo+1","Leap+1"],"picked":"Go for the Eyes","floor":18},{"not_picked":["Fusion+1","Melter+1"],"picked":"Sunder+1","floor":20}],"player_experience":648476,"relics_obtained":[{"floor":7.0,"key":"Ornamental Fan"},{"floor":9.0,"key":"Happy Flower"},{"floor":9.0,"key":"Whetstone"},{"floor":13.0,"key":"Smiling Mask"},{"floor":17,"key":"Ancient Tea Set"},{"floor":17,"key":"Toxic Egg 2"},{"floor":17,"key":"Girya"}],"event_choices":[{"event_name":"Big Fish","player_choice":"Box","floor":2.0,"damage_taken":0.0},{"event_name":"World of Goop","player_choice":"Gather Gold","floor":4.0,"damage_taken":0.0}],"is_beta":false,"boss_relics":[{"not_picked":["Runic Dome","Eternal Feather"],"picked":"Calling Bell"}],"items_purged_floors":[3,19],"is_endless":false,"potions_floor_spawned":[5,7,10,12,14,20],"killed_by":"Cultist and Chosen","ascension_level":4}