{"gold_per_floor":[116,129,22,22,40,40,106,171,196,80,98,110,110,136,136,232,282,297,416,434,510,174,174],"floor_reached":23,"playtime":1886,"items_purged":["Strike_G","Strike_G"],"score":281,"play_id":"1f5868f6-0a5a-4ce6-b7e7-c6679d195805","local_time":"20190209164910","is_ascension_mode":true,"campfire_choices":[{"data":"Catalyst","floor":6,"key":"SMITH"},{"data":"After Image","floor":13,"key":"SMITH"},{"floor":15,"key":"REST"}],"neow_cost":"TEN_PERCENT_HP_LOSS","seed_source_timestamp":11921343052866,"circlet_count":0,"master_deck":["Defend_G","Defend_G","Defend_G","Defend_G","Defend_G","Strike_G","Strike_G","Strike_G","Survivor","Neutralize","Deep Breath","Magnetism","Catalyst+1","Footwork+1","Noxious Fumes","Bouncing Flask","Bane","Footwork","Deflect","Crippling Poison","After Image+1","Slice","Backflip","Burst","Infinite Blades","Cloak And Dagger","Deflect","Adrenaline"],"relics":["Ring of the Snake","SsserpentHead","Tiny Chest","Omamori","Snake Skull","Tiny House","Pantograph","Red Mask"],"potions_floor_usage":[7,14,14,14,16,21,23,23,23],"damage_taken":[{"damage":0,"enemies":"2 Louse","floor":1,"turns":5},{"damage":2,"enemies":"Cultist","floor":2,"turns":5},{"damage":7,"enemies":"Jaw Worm","floor":5,"turns":4},{"damage":20,"enemies":"Large Slime","floor":7,"turns":6},{"damage":12,"enemies":"Gremlin Nob","floor":8,"turns":3},{"damage":6,"enemies":"3 Louse","floor":11,"turns":5},{"damage":7,"enemies":"Looter","floor":12,"turns":2},{"damage":11,"enemies":"3 Sentries","floor":14,"turns":7},{"damage":1,"enemies":"Hexaghost","floor":16,"turns":8},{"damage":24,"enemies":"2 Thieves","floor":18,"turns":5},{"damage":3,"enemies":"3 Byrds","floor":20,"turns":5},{"damage":23,"enemies":"Masked Bandits","floor":21,"turns":6},{"damage":12,"enemies":"Slavers","floor":23,"turns":4}],"seed_played":"3434694141529071074","potions_obtained":[{"floor":5,"key":"Regen Potion"},{"floor":7,"key":"Fire Potion"},{"floor":8,"key":"PowerPotion"},{"floor":14,"key":"PowerPotion"},{"floor":17,"key":"Ancient Potion"}],"is_trial":false,"path_per_floor":["M","M","$","?","M","R","M","E","T","$","M","M","R","E","R","B",null,"M","T","M","?","$","E"],"character_chosen":"THE_SILENT","items_purchased":["Noxious Fumes","Bouncing Flask","Crippling Poison","PowerPotion","Adrenaline","Block Potion","FearPotion","Explosive Potion"],"campfire_rested":1,"item_purchase_floors":[3,3,10,10,22,22,22,22],"current_hp_per_floor":[63,61,61,61,54,54,48,36,36,36,30,23,23,12,30,29,60,36,36,33,10,10,0],"gold":174,"neow_bonus":"RANDOM_COLORLESS_2","is_prod":false,"is_daily":false,"chose_seed":false,"campfire_upgraded":2,"win_rate":0,"timestamp":1549752550,"path_taken":["M","M","$","?","M","R","?","E","T","?","M","M","R","E","R","BOSS","M","?","M","?","$","E"],"build_version":"2019-01-23","purchased_purges":2,"victory":false,"max_hp_per_floor":[63,63,63,63,63,63,63,63,63,63,63,63,63,63,63,63,68,68,68,68,68,68,68],"card_choices":[{"not_picked":["Acrobatics","Deadly Poison"],"picked":"Catalyst","floor":1},{"not_picked":["Terror","Bane"],"picked":"Footwork","floor":2},{"not_picked":["Eviscerate","Dagger Throw"],"picked":"Bane","floor":5},{"not_picked":["Terror","Slice"],"picked":"Footwork","floor":7},{"not_picked":["Quick Slash","Footwork"],"picked":"Deflect","floor":8},{"not_picked":["Backflip","Deflect"],"picked":"After Image","floor":11},{"not_picked":["Poisoned Stab","Sucker Punch"],"picked":"Slice","floor":12},{"not_picked":["Noxious Fumes","Concentrate"],"picked":"Backflip","floor":14},{"not_picked":["Phantasmal Killer","A Thousand Cuts"],"picked":"Burst","floor":16},{"not_picked":["Dagger Throw","Bane"],"picked":"Infinite Blades","floor":17},{"not_picked":["Choke","Infinite Blades"],"picked":"Cloak And Dagger","floor":18},{"not_picked":["Quick Slash","Distraction"],"picked":"Deflect","floor":20}],"player_experience":550304,"relics_obtained":[{"floor":8,"key":"Tiny Chest"},{"floor":9,"key":"Omamori"},{"floor":14,"key":"Snake Skull"},{"floor":19,"key":"Pantograph"},{"floor":21,"key":"Red Mask"}],"event_choices":[{"damage_healed":0,"gold_gain":0,"player_choice":"Trade","damage_taken":0,"relics_obtained":["SsserpentHead"],"max_hp_gain":0,"max_hp_loss":0,"event_name":"FaceTrader","floor":4,"gold_loss":0},{"damage_healed":0,"gold_gain":0,"player_choice":"Fought Bandits","damage_taken":0,"max_hp_gain":0,"max_hp_loss":0,"event_name":"Masked Bandits","floor":21,"gold_loss":0}],"is_beta":false,"boss_relics":[{"not_picked":["Lizard Tail","Black Star"],"picked":"Tiny House"}],"items_purged_floors":[10,22],"is_endless":false,"potions_floor_spawned":[5,7,8,14],"killed_by":"Slavers","ascension_level":8}