{"gold_per_floor":[115,129,129,304,323,323,354,354,381,381,87,87,99,125,125,227,227,242,259,275,294,294,324,341,361,384,403,403,431,431,449,449,547,547,561,574,574,589,603,632,632,650,680,697,697,290,309,326,326,326],"floor_reached":51,"playtime":4216,"items_purged":["Strike_G","Adrenaline"],"score":734,"play_id":"455ca9f4-970e-4769-89c1-64a0fc466cf8","local_time":"20181002101544","is_ascension_mode":false,"campfire_choices":[{"data":"Neutralize","floor":6,"key":"SMITH"},{"data":"Corpse Explosion","floor":8,"key":"SMITH"},{"data":"Noxious Fumes","floor":15,"key":"SMITH"},{"data":"Malaise","floor":28,"key":"SMITH"},{"data":"Footwork","floor":32,"key":"SMITH"},{"data":"Envenom","floor":41,"key":"SMITH"},{"data":"Footwork","floor":45,"key":"SMITH"},{"data":"Leg Sweep","floor":49,"key":"SMITH"}],"neow_cost":"","seed_source_timestamp":0,"circlet_count":0,"master_deck":["Defend_G","Defend_G+1","Defend_G","Defend_G","Strike_G","Survivor","Neutralize+1","Noxious Fumes+1","Deadly Poison+1","Corpse Explosion+1","Footwork+1","Poisoned Stab","Footwork+1","Malaise+1","Deadly Poison","Backstab","Footwork+1","Poisoned Stab","Backflip+1","Envenom+1","PiercingWail+1","Poisoned Stab+1","Leg Sweep+1","PiercingWail+1","Poisoned Stab","Noxious Fumes","Poisoned Stab"],"special_seed":0,"relics":["Ring of the Snake","Orichalcum","War Paint","Spirit Poop","Bronze Scales","Mercury Hourglass","Coffee Dripper","Blood Vial","Centennial Puzzle","Anchor","Velvet Choker","Bag of Marbles","Tiny Chest","Medical Kit"],"potions_floor_usage":[14,19,29,29,33,40,50,50,50],"damage_taken":[{"damage":0.0,"enemies":"Cultist","floor":1.0,"turns":4.0},{"damage":0,"enemies":"2 Louse","floor":2,"turns":4},{"damage":0,"enemies":"Small Slimes","floor":5,"turns":3},{"damage":3,"enemies":"Lagavulin","floor":7,"turns":7},{"damage":1,"enemies":"Exordium Thugs","floor":13,"turns":3},{"damage":3,"enemies":"Gremlin Nob","floor":14,"turns":4},{"damage":15,"enemies":"Hexaghost","floor":16,"turns":8},{"damage":0,"enemies":"Spheric Guardian","floor":18,"turns":3},{"damage":0,"enemies":"3 Byrds","floor":19,"turns":2},{"damage":3,"enemies":"Centurion and Healer","floor":20,"turns":4},{"damage":0,"enemies":"Snecko","floor":21,"turns":5},{"damage":19,"enemies":"Gremlin Leader","floor":23,"turns":5},{"damage":0,"enemies":"3 Cultists","floor":24,"turns":3},{"damage":0,"enemies":"Snake Plant","floor":25,"turns":4},{"damage":2,"enemies":"Centurion and Healer","floor":27,"turns":5},{"damage":15,"enemies":"Slavers","floor":29,"turns":4},{"damage":0,"enemies":"Cultist and Chosen","floor":31,"turns":4},{"damage":13,"enemies":"Champ","floor":33,"turns":11},{"damage":2,"enemies":"Orb Walker","floor":35,"turns":5},{"damage":2,"enemies":"3 Darklings","floor":36,"turns":4},{"damage":0,"enemies":"Spire Growth","floor":38,"turns":6},{"damage":1,"enemies":"4 Shapes","floor":39,"turns":4},{"damage":34,"enemies":"2 Orb Walkers","floor":40,"turns":6},{"damage":10,"enemies":"Maw","floor":42,"turns":7},{"damage":6,"enemies":"3 Darklings","floor":44,"turns":4},{"damage":0,"enemies":"Transient","floor":47,"turns":5},{"damage":2,"enemies":"Sphere and 2 Shapes","floor":48,"turns":4},{"damage":2,"enemies":"Donu and Deca","floor":50,"turns":7}],"seed_played":"651269231728980781","potions_obtained":[{"floor":13,"key":"SteroidPotion"},{"floor":14,"key":"Explosive Potion"},{"floor":18,"key":"Ancient Potion"},{"floor":21,"key":"Block Potion"},{"floor":24,"key":"Dexterity Potion"},{"floor":31,"key":"PowerPotion"},{"floor":33,"key":"LiquidBronze"},{"floor":36,"key":"Weak Potion"},{"floor":40,"key":"Weak Potion"},{"floor":42,"key":"Poison Potion"},{"floor":47,"key":"EssenceOfSteel"}],"is_trial":false,"path_per_floor":["M","M","?","?","M","R","E","R","T","?","$","?","M","E","R","B",null,"M","M","M","M","?","E","M","M","T","M","R","E","?","M","R","B",null,"M","M","?","M","M","E","R","M","T","M","R","$","M","M","R","B"],"character_chosen":"THE_SILENT","items_purchased":["Footwork","Bronze Scales","Noxious Fumes","Poisoned Stab","Medical Kit"],"campfire_rested":0,"item_purchase_floors":[11,11,46,46,46],"current_hp_per_floor":[70,70,70,70,70,70,67,67,67,67,67,67,66,63,63,48,70,70,70,67,67,67,48,50,52,52,52,52,39,39,41,41,30,70,68,68,68,70,69,36,36,28,28,24,24,24,26,26,26,26],"gold":326,"neow_bonus":"","is_prod":false,"is_daily":false,"chose_seed":false,"campfire_upgraded":8,"win_rate":0,"timestamp":1538500544,"path_taken":["M","?","?","?","M","R","E","R","T","?","?","?","M","E","R","BOSS","M","?","M","M","?","E","M","M","T","?","R","E","?","M","R","BOSS","M","M","?","M","M","E","R","M","T","M","R","$","M","M","R","BOSS"],"build_version":"2018-09-27","purchased_purges":2,"victory":true,"max_hp_per_floor":[70,70,70,70,70,70,70,70,70,70,70,70,70,70,70,70,70,70,70,70,70,70,70,70,70,70,70,70,70,70,70,70,70,70,70,70,70,70,70,70,70,70,70,70,70,70,70,70,70,70],"card_choices":[{"not_picked":["Bane","Acrobatics","Heel Hook"],"picked":"SKIP","floor":1},{"not_picked":["Backflip","Endless Agony"],"picked":"Noxious Fumes","floor":2},{"not_picked":["Dodge and Roll","Slice"],"picked":"Deadly Poison","floor":5},{"not_picked":["Sucker Punch","Flying Knee"],"picked":"Corpse Explosion","floor":7},{"not_picked":["Dagger Throw","Underhanded Strike"],"picked":"Poisoned Stab","floor":13},{"not_picked":["Dodge and Roll","Cloak And Dagger"],"picked":"Footwork","floor":14},{"not_picked":["Unload","Grand Finale"],"picked":"Malaise","floor":16},{"not_picked":["Underhanded Strike","PiercingWail","Bane"],"picked":"SKIP","floor":18},{"not_picked":["Reflex","Quick Slash","Blade Dance"],"picked":"SKIP","floor":19},{"not_picked":["Acrobatics","Finisher","PiercingWail"],"picked":"SKIP","floor":20},{"not_picked":["Reflex+1","Outmaneuver"],"picked":"Deadly Poison","floor":21},{"not_picked":["Phantasmal Killer","Bullet Time","Sucker Punch+1"],"picked":"SKIP","floor":23},{"not_picked":["Outmaneuver","Bane"],"picked":"Backstab","floor":24},{"not_picked":["Acrobatics","Blade Dance"],"picked":"Footwork+1","floor":25},{"not_picked":["Slice+1","Accuracy"],"picked":"Poisoned Stab","floor":27},{"not_picked":["Deadly Poison+1","Blur+1"],"picked":"Backflip+1","floor":29},{"not_picked":["Dagger Throw+1","Prepared","Flechettes"],"picked":"SKIP","floor":31},{"not_picked":["Corpse Explosion","Wraith Form v2"],"picked":"Envenom","floor":33},{"not_picked":["Underhanded Strike+1","Prepared"],"picked":"PiercingWail+1","floor":35},{"not_picked":["Expertise","Blade Dance+1"],"picked":"Poisoned Stab+1","floor":36},{"not_picked":["Flying Knee+1","Calculated Gamble"],"picked":"Adrenaline","floor":38},{"not_picked":["Outmaneuver+1","Acrobatics+1"],"picked":"Leg Sweep","floor":39},{"not_picked":["Reflex+1","Riddle With Holes+1"],"picked":"PiercingWail+1","floor":40},{"not_picked":["Die Die Die","Flying Knee+1","Outmaneuver"],"picked":"SKIP","floor":42},{"not_picked":["Leg Sweep","Dagger Spray+1"],"picked":"Poisoned Stab","floor":44},{"not_picked":["Deflect+1","Dagger Spray+1","Dagger Throw"],"picked":"SKIP","floor":47},{"not_picked":["Expertise+1","Terror","Blade Dance+1"],"picked":"SKIP","floor":48}],"player_experience":836581,"relics_obtained":[{"floor":7,"key":"Orichalcum"},{"floor":9,"key":"War Paint"},{"floor":14,"key":"Mercury Hourglass"},{"floor":23,"key":"Blood Vial"},{"floor":26,"key":"Centennial Puzzle"},{"floor":29,"key":"Anchor"},{"floor":40,"key":"Bag of Marbles"},{"floor":43,"key":"Tiny Chest"}],"event_choices":[{"event_name":"Living Wall","player_choice":"Forget","floor":3,"damage_taken":0},{"event_name":"Liars Game","player_choice":"agreed","floor":4,"damage_taken":0},{"event_name":"Bonfire Elementals","player_choice":"CURSE","floor":10,"damage_taken":0},{"event_name":"Wheel of Change","player_choice":"Card Removal","floor":12,"damage_taken":0},{"event_name":"Vampires","player_choice":"Ignored","floor":22,"damage_taken":0},{"event_name":"Purifier","player_choice":"One Purge","floor":30,"damage_taken":0},{"event_name":"Falling","player_choice":"Removed Skill","floor":37,"damage_taken":0}],"is_beta":false,"boss_relics":[{"not_picked":["Philosopher\u0027s Stone","Empty Cage"],"picked":"Coffee Dripper"},{"not_picked":["Snecko Eye","HoveringKite"],"picked":"Velvet Choker"}],"items_purged_floors":[11,46],"is_endless":false,"potions_floor_spawned":[13,14,18,21,24,27,31,33,36,40,42,47],"ascension_level":0}