{"gold_per_floor":[12,12,27,47,47,47,81,81,81,81,96,111,111,124,124,124],"floor_reached":16,"playtime":707,"items_purged":[],"score":194,"play_id":"db5673e9-5494-4307-9c40-833ddf57fe6c","local_time":"20190123194644","is_ascension_mode":true,"campfire_choices":[{"floor":6.0,"key":"DIG"},{"floor":8.0,"key":"DIG"},{"floor":10.0,"key":"DIG"},{"floor":13.0,"key":"DIG"},{"floor":15.0,"key":"DIG"}],"neow_cost":"NO_GOLD","seed_source_timestamp":0,"circlet_count":0,"master_deck":["AscendersBane","Strike_R","Strike_R","Strike_R","Strike_R","Defend_R","Defend_R","Defend_R","Defend_R","Bash","Battle Trance","Corruption","Armaments","Shrug It Off","Pommel Strike","Iron Wave"],"special_seed":0,"relics":["Burning Blood","Shovel","Golden Idol","Turnip","Juzu Bracelet","The Courier","Self Forming Clay","Sundial","Omamori","Bag of Marbles"],"potions_floor_usage":[16,16],"damage_taken":[{"damage":5.0,"enemies":"2 Louse","floor":1.0,"turns":3.0},{"damage":10.0,"enemies":"Small Slimes","floor":3.0,"turns":4.0},{"damage":9.0,"enemies":"Jaw Worm","floor":4.0,"turns":4.0},{"damage":20.0,"enemies":"Lagavulin","floor":7.0,"turns":8.0},{"damage":1.0,"enemies":"Exordium Wildlife","floor":11.0,"turns":5.0},{"damage":2.0,"enemies":"2 Fungi Beasts","floor":12.0,"turns":4.0},{"damage":12.0,"enemies":"Lots of Slimes","floor":14.0,"turns":6.0},{"damage":26,"enemies":"Hexaghost","floor":16,"turns":9}],"seed_played":"-7774720596771419737","potions_obtained":[{"floor":4.0,"key":"SkillPotion"},{"floor":11.0,"key":"EssenceOfSteel"},{"floor":12.0,"key":"Dexterity Potion"}],"is_trial":false,"path_per_floor":["M","?","M","M","?","R","E","R","T","R","M","M","R","M","R","B"],"character_chosen":"IRONCLAD","items_purchased":[],"campfire_rested":0,"item_purchase_floors":[],"current_hp_per_floor":[69,43,39,36,36,36,22,22,22,22,27,31,31,25,25,0],"gold":124,"neow_bonus":"ONE_RARE_RELIC","is_prod":false,"is_daily":false,"chose_seed":false,"campfire_upgraded":0,"win_rate":0,"timestamp":1548301604,"path_taken":["M","?","M","M","?","R","E","R","T","R","M","M","R","M","R","BOSS"],"build_version":"2019-01-23","purchased_purges":0,"victory":false,"max_hp_per_floor":[75,75,75,75,75,75,75,75,75,75,75,75,75,75,75,75],"card_choices":[{"not_picked":["Warcry","Body Slam"],"picked":"Battle Trance","floor":1.0},{"not_picked":["True Grit","Heavy Blade"],"picked":"Corruption","floor":3.0},{"not_picked":["Reckless Charge","Flex"],"picked":"Armaments","floor":4.0},{"not_picked":["Burning Pact","Sword Boomerang"],"picked":"Shrug It Off","floor":7.0},{"not_picked":["Headbutt","Body Slam","Cleave"],"picked":"SKIP","floor":11.0},{"not_picked":["Exhume","Clothesline"],"picked":"Pommel Strike","floor":12.0},{"not_picked":["Cleave","Second Wind"],"picked":"Iron Wave","floor":14.0}],"player_experience":1157069,"relics_obtained":[{"floor":6.0,"key":"Turnip"},{"floor":7.0,"key":"Juzu Bracelet"},{"floor":8.0,"key":"The Courier"},{"floor":9.0,"key":"Self Forming Clay"},{"floor":10.0,"key":"Sundial"},{"floor":13.0,"key":"Omamori"},{"floor":15.0,"key":"Bag of Marbles"}],"event_choices":[{"damage_healed":0.0,"max_hp_gain":0.0,"max_hp_loss":0.0,"gold_gain":0.0,"event_name":"Golden Idol","player_choice":"Take Damage","floor":2.0,"gold_loss":0.0,"damage_taken":26.0,"relics_obtained":["Golden Idol"]},{"cards_removed":["Strike_R"],"damage_healed":0.0,"max_hp_gain":0.0,"max_hp_loss":0.0,"gold_gain":0.0,"event_name":"Living Wall","player_choice":"Forget","floor":5.0,"gold_loss":0.0,"damage_taken":0.0}],"is_beta":false,"boss_relics":[],"items_purged_floors":[],"is_endless":false,"potions_floor_spawned":[4,11,12],"killed_by":"Hexaghost","ascension_level":18}