{"path_per_floor":["M","M","?","M","?","R","E","R","T","E","R","E","M","M","R","B",null,"M","$","M","?","M","R","M","R","T","M","M","R","M","M","R"],"character_chosen":"IRONCLAD","items_purchased":[],"gold_per_floor":[111,130,130,145,220,220,254,254,254,285,285,312,330,350,350,453,453,453,378,378,378,378,378,378,378,378,378,378,378,378,378,378,378],"floor_reached":33,"campfire_rested":2,"playtime":2152,"current_hp_per_floor":[80,80,80,79,68,68,52,52,52,43,67,57,63,64,64,19,80,80,80,65,65,48,48,41,41,41,38,27,27,19,21,45,0],"items_purged":["Strike_R"],"gold":378,"score":325,"play_id":"99cdd314-9cf5-4eef-8152-4c937218cc30","local_time":"20180410145140","is_prod":false,"is_daily":false,"is_ascension_mode":true,"campfire_upgraded":2,"timestamp":1523397100,"path_taken":["M","?","?","M","?","R","E","R","T","E","R","E","M","M","R","BOSS","M","$","M","?","M","R","M","R","T","M","M","R","?","M","R","BOSS"],"build_version":"2018-04-05v2","purchased_purges":1,"victory":false,"master_deck":["Strike_R","Strike_R","Strike_R","Strike_R","Defend_R","Defend_R","Defend_R","Defend_R","Bash","Clothesline+1","Cleave","Infernal Blade+1","Battle Trance","Rupture","Pommel Strike","Iron Wave","Demon Form","Twin Strike+1","Writhe","Blood for Blood+1","Rampage","Iron Wave+1","Metallicize"],"max_hp_per_floor":[80,80,80,80,80,80,80,80,80,80,80,80,80,80,80,80,80,80,80,80,80,80,80,80,80,80,80,80,80,80,80,80,80],"relics":["Burning Blood","Ornamental Fan","Mummified Hand","Question Card","Shovel","Orichalcum","Ectoplasm","Self Forming Clay","Bottled Tornado","Peace Pipe","Calipers","Bag of Preparation"],"card_choices":[{"not_picked":["Wild Strike","Sentinel"],"picked":"Clothesline","floor":1},{"not_picked":["Perfected Strike","Sentinel"],"picked":"Cleave","floor":2},{"not_picked":["Bloodletting","Evolve"],"picked":"Infernal Blade","floor":4},{"not_picked":["Anger","Rupture"],"picked":"Battle Trance","floor":7},{"not_picked":["True Grit","Twin Strike"],"picked":"Rupture","floor":10},{"not_picked":["Headbutt","Sentinel","Limit Break"],"picked":"Pommel Strike","floor":12},{"not_picked":["Perfected Strike","Anger","Body Slam"],"picked":"Iron Wave","floor":13},{"not_picked":["Impervious","Juggernaut","Dark Embrace"],"picked":"Demon Form","floor":16},{"not_picked":["Feel No Pain","Thunderclap","Heavy Blade"],"picked":"Twin Strike","floor":18},{"not_picked":["Pommel Strike","True Grit","Seeing Red"],"picked":"Blood for Blood","floor":22},{"not_picked":["Wild Strike","Warcry","Entrench"],"picked":"Rampage","floor":24},{"not_picked":["Feel No Pain","Corruption","Flame Barrier"],"picked":"Iron Wave","floor":27},{"not_picked":["Demon Form","Fire Breathing","Evolve"],"picked":"Metallicize","floor":31}],"player_experience":257165,"potions_floor_usage":[7,10,12,16,24,28,30,33,33],"damage_taken":[{"damage":1,"enemies":"Cultist","floor":1,"turns":4},{"damage":0,"enemies":"Small Slimes","floor":2,"turns":3},{"damage":7,"enemies":"Jaw Worm","floor":4,"turns":3},{"damage":22,"enemies":"3 Sentries","floor":7,"turns":6},{"damage":15,"enemies":"Lagavulin","floor":10,"turns":5},{"damage":16,"enemies":"Gremlin Nob","floor":12,"turns":4},{"damage":0,"enemies":"Large Slime","floor":13,"turns":4},{"damage":5,"enemies":"Looter","floor":14,"turns":3},{"damage":51,"enemies":"The Guardian","floor":16,"turns":16},{"damage":4,"enemies":"3 Byrds","floor":18,"turns":4},{"damage":21,"enemies":"Chosen","floor":20,"turns":4},{"damage":23,"enemies":"Snake Plant","floor":22,"turns":5},{"damage":13,"enemies":"3 Cultists","floor":24,"turns":3},{"damage":9,"enemies":"Snecko","floor":27,"turns":5},{"damage":26,"enemies":"Chosen and Byrds","floor":28,"turns":4},{"damage":20,"enemies":"Centurion and Healer","floor":30,"turns":5},{"damage":10,"enemies":"Snake Plant","floor":31,"turns":4},{"damage":48,"enemies":"Automaton","floor":33,"turns":6}],"event_choices":[{"event_name":"The Lab","player_choice":"Got Potions","floor":3,"damage_taken":0},{"event_name":"World of Goop","player_choice":"Gather Gold","floor":5,"damage_taken":0},{"event_name":"The Mausoleum","player_choice":"Yes","floor":21,"damage_taken":0}],"boss_relics":[{"not_picked":["Runic Cube","Black Star"],"picked":"Ectoplasm"}],"potions_floor_spawned":[2,10,14,20,22,28,30],"seed_played":"3617696179599903175","killed_by":"Automaton","ascension_level":4,"is_trial":false}