{"gold_per_floor":[112,35,110,110,15,56,56,91,164,164,182,197,197,44,44,164,164,178,178,3,16,32,68,68,68,68,68,84,103,103,119,119,119],"floor_reached":33,"playtime":2162,"items_purged":["Strike_G"],"score":328,"play_id":"d08740fd-f170-4f35-9d1a-4344b91dad92","local_time":"20190128090925","is_ascension_mode":true,"campfire_choices":[{"data":"Neutralize","floor":7.0,"key":"SMITH"},{"data":"Cloak And Dagger","floor":10.0,"key":"SMITH"},{"data":"Cloak And Dagger","floor":13.0,"key":"SMITH"},{"data":"Sucker Punch","floor":15.0,"key":"SMITH"},{"data":"Dash","floor":24.0,"key":"SMITH"},{"data":"Neutralize","floor":27.0,"key":"SMITH"},{"data":"Blade Dance","floor":30,"key":"SMITH"},{"data":"Backflip","floor":32,"key":"SMITH"}],"neow_cost":"NONE","seed_source_timestamp":256022282110349,"circlet_count":0,"master_deck":["Defend_G","Defend_G","Defend_G","Defend_G","Defend_G","Strike_G","Strike_G","Strike_G","Strike_G","Survivor","Neutralize+1","Sucker Punch+1","Cloak And Dagger+1","Quick Slash","Trip","Flying Knee","Cloak And Dagger+1","Dash+1","Corpse Explosion","Dagger Spray+1","Noxious Fumes+1","Poisoned Stab","Poisoned Stab+1","Heel Hook","Blade Dance+1","Neutralize+1","Backflip","Backflip+1"],"special_seed":0,"relics":["Coffee Dripper","Golden Idol","Boot","Bottled Lightning","Frozen Egg 2","Snake Skull","White Beast Statue","Tingsha","Pocketwatch"],"potions_floor_usage":[31,33,33],"damage_taken":[{"damage":0.0,"enemies":"Small Slimes","floor":1.0,"turns":5.0},{"damage":17.0,"enemies":"Gremlin Nob","floor":6.0,"turns":4.0},{"damage":25.0,"enemies":"3 Sentries","floor":8.0,"turns":8.0},{"damage":1.0,"enemies":"Jaw Worm","floor":11.0,"turns":2.0},{"damage":0.0,"enemies":"Cultist","floor":12.0,"turns":2.0},{"damage":15.0,"enemies":"The Guardian","floor":16.0,"turns":15.0},{"damage":0.0,"enemies":"3 Byrds","floor":18.0,"turns":1.0},{"damage":3.0,"enemies":"Spheric Guardian","floor":21.0,"turns":4.0},{"damage":11.0,"enemies":"Shelled Parasite and Fungi","floor":22.0,"turns":5.0},{"damage":20.0,"enemies":"Book of Stabbing","floor":23.0,"turns":5.0},{"damage":7.0,"enemies":"Chosen and Byrds","floor":28.0,"turns":4.0},{"damage":0,"enemies":"Centurion and Healer","floor":29,"turns":5},{"damage":7,"enemies":"Cultist and Chosen","floor":31,"turns":4},{"damage":22,"enemies":"Champ","floor":33,"turns":7}],"seed_played":"3060707647897967580","potions_obtained":[{"floor":1.0,"key":"GamblersBrew"},{"floor":6.0,"key":"Fruit Juice"},{"floor":16.0,"key":"LiquidBronze"},{"floor":18.0,"key":"Energy Potion"},{"floor":21.0,"key":"Fire Potion"},{"floor":23.0,"key":"Ancient Potion"},{"floor":29,"key":"GhostInAJar"},{"floor":31,"key":"Energy Potion"}],"is_trial":false,"path_per_floor":["M","$","?","?","$","E","R","E","T","R","M","M","R","$","R","B",null,"M","?","$","M","M","E","R","?","T","R","M","M","R","M","R","B"],"character_chosen":"THE_SILENT","items_purchased":["Cloak And Dagger","Quick Slash","Trip","Snake Skull","Noxious Fumes+1","Poisoned Stab"],"campfire_rested":0,"item_purchase_floors":[2,2,5,14,20,20],"current_hp_per_floor":[70,70,59,59,59,42,42,22,22,22,21,21,21,21,21,6,70,70,70,70,67,56,36,36,36,36,36,29,29,29,22,22,0],"gold":119,"neow_bonus":"BOSS_RELIC","is_prod":false,"is_daily":false,"chose_seed":false,"campfire_upgraded":8,"win_rate":0,"timestamp":1548662965,"path_taken":["M","$","?","?","?","E","R","E","T","R","M","?","R","$","R","BOSS","M","?","$","M","M","E","R","?","T","R","M","M","R","?","R","BOSS"],"build_version":"2019-01-23","purchased_purges":1,"victory":false,"max_hp_per_floor":[70,70,70,65,65,65,65,70,70,70,70,70,70,70,70,70,70,70,70,70,70,70,70,70,70,70,70,70,70,70,70,70,70],"card_choices":[{"not_picked":["Setup","Well Laid Plans"],"picked":"Sucker Punch","floor":1.0},{"not_picked":["Catalyst","Blade Dance"],"picked":"Flying Knee","floor":6.0},{"not_picked":["All Out Attack","Prepared"],"picked":"Cloak And Dagger","floor":8.0},{"not_picked":["Deflect","Sucker Punch"],"picked":"Dash","floor":11.0},{"not_picked":["Crippling Poison","Endless Agony","Cloak And Dagger"],"picked":"SKIP","floor":12.0},{"not_picked":["Tools of the Trade+1","Malaise"],"picked":"Corpse Explosion","floor":16.0},{"not_picked":["PiercingWail","Outmaneuver"],"picked":"Dagger Spray+1","floor":18.0},{"not_picked":["Blade Dance","Caltrops+1","Sucker Punch"],"picked":"SKIP","floor":21.0},{"not_picked":["Heel Hook+1","Quick Slash"],"picked":"Poisoned Stab+1","floor":22.0},{"not_picked":["Backstab+1","Bane"],"picked":"Heel Hook","floor":23.0},{"not_picked":["Blade Dance","Storm of Steel","Poisoned Stab"],"picked":"SKIP","floor":28.0},{"not_picked":["Concentrate","PiercingWail"],"picked":"Backflip","floor":29},{"not_picked":["Slice","Concentrate"],"picked":"Backflip","floor":31}],"player_experience":153097,"relics_obtained":[{"floor":6.0,"key":"Boot"},{"floor":8.0,"key":"Bottled Lightning"},{"floor":9.0,"key":"Frozen Egg 2"},{"floor":23.0,"key":"Tingsha"},{"floor":26.0,"key":"Pocketwatch"}],"event_choices":[{"damage_healed":0.0,"max_hp_gain":0.0,"max_hp_loss":0.0,"gold_gain":75.0,"event_name":"World of Goop","player_choice":"Gather Gold","floor":3.0,"gold_loss":0.0,"damage_taken":11.0},{"damage_healed":0.0,"max_hp_gain":0.0,"max_hp_loss":5.0,"gold_gain":0.0,"event_name":"Golden Idol","player_choice":"Lose Max HP","floor":4.0,"gold_loss":0.0,"damage_taken":0.0,"relics_obtained":["Golden Idol"]},{"damage_healed":0.0,"max_hp_gain":0.0,"max_hp_loss":0.0,"gold_gain":0.0,"event_name":"Ghosts","player_choice":"Ignored","floor":19.0,"gold_loss":0.0,"damage_taken":0.0},{"damage_healed":0.0,"max_hp_gain":0.0,"max_hp_loss":0.0,"gold_gain":0.0,"event_name":"Match and Keep!","player_choice":"2 cards matched","floor":25.0,"gold_loss":0.0,"damage_taken":0.0,"cards_obtained":["Blade Dance","Neutralize"]}],"is_beta":false,"boss_relics":[{"not_picked":["Astrolabe","Cursed Key"],"picked":"White Beast Statue"}],"items_purged_floors":[20],"is_endless":false,"potions_floor_spawned":[1,6,16,18,21,22,23,28,29,31],"killed_by":"Champ","ascension_level":4}