{"gold_per_floor":[114,129,129,129,144,144,159,159,159,159,159,159,178,197,197,197],"floor_reached":16,"playtime":597,"items_purged":[],"score":92,"play_id":"3390d64f-82f3-4048-8ea0-db49d1a8c9f6","local_time":"20180811154940","daily_mods":["Heirloom","Terminal","Vintage"],"is_ascension_mode":false,"campfire_choices":[{"data":"1","floor":6,"key":"LIFT"},{"data":"2","floor":8,"key":"LIFT"},{"data":"3","floor":10,"key":"LIFT"},{"data":"Strike_G","floor":15,"key":"SMITH"}],"neow_cost":"","seed_source_timestamp":0,"circlet_count":0,"master_deck":["Defend_G","Defend_G","Defend_G","Defend_G","Defend_G","Strike_G+1","Strike_G","Strike_G","Strike_G","Strike_G","Survivor","Neutralize","Normality","Injury"],"special_seed":17754,"relics":["Ring of the Snake","Girya","Boot","Frozen Egg 2","Paper Crane","Meat on the Bone","Ornamental Fan","Oddly Smooth Stone","Golden Idol","Juzu Bracelet","Anchor"],"potions_floor_usage":[16,16],"damage_taken":[{"damage":0,"enemies":"Small Slimes","floor":1,"turns":3},{"damage":0,"enemies":"2 Louse","floor":2,"turns":4},{"damage":0,"enemies":"Cultist","floor":5,"turns":4},{"damage":2,"enemies":"2 Fungi Beasts","floor":7,"turns":4},{"damage":2,"enemies":"Red Slaver","floor":13,"turns":4},{"damage":0,"enemies":"Blue Slaver","floor":14,"turns":4},{"damage":54,"enemies":"Slime Boss","floor":16,"turns":11}],"seed_played":"7174262716422048038","potions_obtained":[{"floor":1,"key":"Fire Potion"},{"floor":2,"key":"PowerPotion"}],"is_trial":false,"path_per_floor":["M","M","?","?","M","R","M","R","T","R","?","?","M","M","R"],"character_chosen":"THE_SILENT","items_purchased":[],"campfire_rested":0,"item_purchase_floors":[],"current_hp_per_floor":[68,67,66,65,64,63,61,61,60,59,58,57,55,55,54,0],"gold":197,"neow_bonus":"","is_prod":false,"is_daily":true,"chose_seed":false,"campfire_upgraded":1,"win_rate":0.0,"timestamp":1533995380,"path_taken":["M","M","?","?","M","R","?","R","T","R","?","?","M","M","R","BOSS"],"build_version":"2018-08-09","purchased_purges":0,"victory":false,"max_hp_per_floor":[68,67,66,65,64,63,62,61,60,59,58,57,56,55,54,54],"card_choices":[],"player_experience":103997,"relics_obtained":[{"floor":1,"key":"Boot"},{"floor":2,"key":"Frozen Egg 2"},{"floor":5,"key":"Meat on the Bone"},{"floor":7,"key":"Ornamental Fan"},{"floor":9,"key":"Oddly Smooth Stone"},{"floor":13,"key":"Juzu Bracelet"},{"floor":14,"key":"Anchor"}],"event_choices":[{"event_name":"Golden Wing","player_choice":"Ignored","floor":3,"damage_taken":0},{"event_name":"Accursed Blacksmith","player_choice":"Rummage","floor":4,"damage_taken":0},{"event_name":"Liars Game","player_choice":"disagreed","floor":11,"damage_taken":0},{"event_name":"Golden Idol","player_choice":"Take Wound","floor":12,"damage_taken":0}],"is_beta":false,"boss_relics":[],"items_purged_floors":[],"is_endless":false,"potions_floor_spawned":[1,2],"killed_by":"Slime Boss","ascension_level":0}