{"gold_per_floor":[118,118,118,142,142,173,197,235,259,293,468,468,486,157,157,287,287,312,312,332,51,74,74,118,118,198,231,156,179,200,243,243,366,366,391,516,581,856,877,948,948,403,426,469,484,484,497,510,510,510],"floor_reached":50,"playtime":4130,"items_purged":["Doubt","Strike_R","Dark Embrace+1"],"score":1106,"play_id":"d292bb18-5c6a-4a50-af8e-f545807d7a67","local_time":"20190103181937","is_ascension_mode":true,"campfire_choices":[{"data":"Pommel Strike","floor":12.0,"key":"SMITH"},{"data":"Pommel Strike","floor":15.0,"key":"SMITH"},{"data":"True Grit","floor":23.0,"key":"SMITH"},{"floor":25.0,"key":"REST"},{"floor":32.0,"key":"REST"},{"floor":41,"key":"RECALL"},{"floor":49,"key":"REST"}],"neow_cost":"NONE","seed_source_timestamp":23142983832587,"circlet_count":0,"master_deck":["Strike_R","Strike_R+1","Strike_R","Defend_R","Defend_R","Defend_R+1","Defend_R","Bash","Dropkick+1","Pommel Strike+1","Pommel Strike","Pommel Strike+1","Feed+1","Hemokinesis","Anger","Thunderclap","Shrug It Off","Inflame+1","True Grit+1","Inflame+1","Flex+1","Feel No Pain+1","Ghostly Armor+1","Brutality+1","Burning Pact+1","Infernal Blade+1","Shrug It Off+1","Intimidate+1"],"special_seed":0,"relics":["Burning Blood","PreservedInsect","Golden Idol","Centennial Puzzle","Bag of Marbles","Frozen Egg 2","Anchor","Sling","Black Star","Pen Nib","Mercury Hourglass","Toxic Egg 2","Vajra","Smiling Mask","Omamori","Regal Pillow","Charon\u0027s Ashes","Velvet Choker","Mango","FossilizedHelix","Tiny Chest","Singing Bowl","HandDrill","Whetstone","Juzu Bracelet","Boot","Lantern"],"potions_floor_usage":[50,50,50],"damage_taken":[{"damage":5.0,"enemies":"Small Slimes","floor":1.0,"turns":4.0},{"damage":2.0,"enemies":"2 Louse","floor":4.0,"turns":3.0},{"damage":13.0,"enemies":"3 Sentries","floor":6.0,"turns":8.0},{"damage":0.0,"enemies":"Cultist","floor":7.0,"turns":2.0},{"damage":7.0,"enemies":"Lagavulin","floor":8.0,"turns":5.0},{"damage":0.0,"enemies":"Gremlin Nob","floor":10.0,"turns":2.0},{"damage":0.0,"enemies":"Looter","floor":13.0,"turns":2.0},{"damage":3.0,"enemies":"Slime Boss","floor":16.0,"turns":4.0},{"damage":31.0,"enemies":"Spheric Guardian","floor":18.0,"turns":4.0},{"damage":12.0,"enemies":"3 Byrds","floor":20.0,"turns":5.0},{"damage":22.0,"enemies":"3 Cultists","floor":22.0,"turns":5.0},{"damage":5.0,"enemies":"Slavers","floor":24.0,"turns":7.0},{"damage":27.0,"enemies":"Book of Stabbing","floor":27.0,"turns":4.0},{"damage":7.0,"enemies":"Cultist and Chosen","floor":30.0,"turns":4.0},{"damage":3.0,"enemies":"Slavers","floor":31.0,"turns":2.0},{"damage":83.0,"enemies":"Collector","floor":33.0,"turns":10.0},{"damage":8.0,"enemies":"3 Shapes","floor":35.0,"turns":2.0},{"damage":25.0,"enemies":"Mind Bloom Boss Battle","floor":36.0,"turns":6.0},{"damage":17,"enemies":"2 Orb Walkers","floor":37,"turns":3},{"damage":0,"enemies":"Orb Walker","floor":39,"turns":1},{"damage":1,"enemies":"Reptomancer","floor":40,"turns":3},{"damage":3,"enemies":"Nemesis","floor":44,"turns":5},{"damage":16,"enemies":"4 Shapes","floor":45,"turns":4},{"damage":12,"enemies":"Transient","floor":47,"turns":5},{"damage":22,"enemies":"3 Darklings","floor":48,"turns":3},{"damage":137,"enemies":"Awakened One","floor":50,"turns":12}],"seed_played":"-2854247148500539647","potions_obtained":[{"floor":1.0,"key":"EssenceOfSteel"},{"floor":4.0,"key":"SteroidPotion"},{"floor":6.0,"key":"Fire Potion"},{"floor":10.0,"key":"Energy Potion"},{"floor":18.0,"key":"SpeedPotion"},{"floor":27.0,"key":"SpeedPotion"},{"floor":31.0,"key":"Regen Potion"},{"floor":36.0,"key":"BloodPotion"},{"floor":37,"key":"Regen Potion"},{"floor":44,"key":"Fire Potion"}],"is_trial":false,"path_per_floor":["M","M","?","?","M","?","E","M","E","T","E","?","R","M","$","R","B",null,"M","?","M","$","M","R","E","R","T","E","?","T","M","E","R","B",null,"M","?","?","?","M","E","R","$","T","E","M","?","M","M","R","B"],"character_chosen":"IRONCLAD","items_purchased":["Sling","Dexterity Potion","Inflame+1","True Grit","Dexterity Potion","Intimidate+1","HandDrill","Whetstone","BloodPotion"],"campfire_rested":3,"item_purchase_floors":[14,14,21,21,21,42,42,42,42],"current_hp_per_floor":[73,57,57,61,61,54,60,59,59,68,68,68,77,77,77,80,80,55,55,52,52,36,36,40,65,65,47,47,47,46,52,92,30,77,78,76,65,65,71,78,78,78,78,83,79,107,103,93,115,0],"gold":510,"neow_bonus":"RANDOM_COMMON_RELIC","is_prod":false,"is_daily":false,"chose_seed":false,"campfire_upgraded":3,"win_rate":0,"timestamp":1546561177,"path_taken":["M","?","?","M","?","E","?","E","T","E","?","R","M","$","R","BOSS","M","?","M","$","?","R","E","R","T","E","?","?","M","E","R","BOSS","M","?","?","?","M","E","R","$","T","E","M","?","M","M","R","BOSS"],"build_version":"2018-12-20","purchased_purges":3,"victory":false,"max_hp_per_floor":[80,80,74,74,74,74,74,74,74,77,77,77,80,80,80,80,80,80,80,83,83,83,83,86,86,86,89,89,89,89,92,92,92,92,95,112,112,112,112,114,114,114,114,116,122,107,109,115,115,115],"card_choices":[{"not_picked":["Rage","Rupture"],"picked":"Dropkick","floor":1.0},{"not_picked":["Power Through","Rampage"],"picked":"Pommel Strike","floor":4.0},{"not_picked":["Rampage","Dropkick"],"picked":"Pommel Strike","floor":6.0},{"not_picked":["Warcry","Flex"],"picked":"Pommel Strike","floor":7.0},{"not_picked":["Perfected Strike","Berserk"],"picked":"Feed","floor":8.0},{"not_picked":["Flame Barrier","Entrench"],"picked":"Hemokinesis","floor":10.0},{"not_picked":["Burning Pact","Searing Blow"],"picked":"Anger","floor":13.0},{"not_picked":["Immolate","Bludgeon"],"picked":"Dark Embrace+1","floor":16.0},{"not_picked":["Anger","Wild Strike"],"picked":"Thunderclap","floor":18.0},{"not_picked":["Thunderclap","Whirlwind"],"picked":"Shrug It Off","floor":20.0},{"not_picked":["Spot Weakness","Evolve+1","Limit Break"],"picked":"SKIP","floor":22.0},{"not_picked":["Iron Wave","Shockwave"],"picked":"Inflame+1","floor":24.0},{"not_picked":["Cleave","Whirlwind"],"picked":"Flex+1","floor":27.0},{"not_picked":["Perfected Strike","Wild Strike"],"picked":"Feel No Pain+1","floor":30.0},{"not_picked":["Double Tap+1","Thunderclap+1"],"picked":"Ghostly Armor+1","floor":31.0},{"not_picked":["Dark Embrace+1","Reaper"],"picked":"Brutality+1","floor":33.0},{"not_picked":["Body Slam","Armaments+1"],"picked":"Burning Pact+1","floor":35.0},{"not_picked":["Sword Boomerang","Headbutt+1"],"picked":"Infernal Blade+1","floor":37},{"not_picked":["Wild Strike+1","Headbutt+1"],"picked":"Shrug It Off+1","floor":39},{"not_picked":["Thunderclap+1","Seeing Red+1","Body Slam+1"],"picked":"Singing Bowl","floor":40},{"not_picked":["Thunderclap+1","Wild Strike","Clothesline"],"picked":"Singing Bowl","floor":44},{"not_picked":["Berserk+1","Clash","Flex+1"],"picked":"Singing Bowl","floor":45},{"not_picked":["Flex+1","Carnage+1","Clothesline+1"],"picked":"Singing Bowl","floor":47},{"not_picked":["Thunderclap","Clash+1","Sword Boomerang+1"],"picked":"Singing Bowl","floor":48}],"player_experience":455381,"relics_obtained":[{"floor":6.0,"key":"Bag of Marbles"},{"floor":8.0,"key":"Frozen Egg 2"},{"floor":10.0,"key":"Anchor"},{"floor":24.0,"key":"Pen Nib"},{"floor":24.0,"key":"Mercury Hourglass"},{"floor":26.0,"key":"Toxic Egg 2"},{"floor":27.0,"key":"Vajra"},{"floor":27.0,"key":"Smiling Mask"},{"floor":29.0,"key":"Omamori"},{"floor":31.0,"key":"Regal Pillow"},{"floor":31.0,"key":"Charon\u0027s Ashes"},{"floor":36.0,"key":"Mango"},{"floor":37,"key":"FossilizedHelix"},{"floor":40,"key":"Tiny Chest"},{"floor":40,"key":"Singing Bowl"},{"floor":43,"key":"Juzu Bracelet"},{"floor":44,"key":"Boot"},{"floor":44,"key":"Lantern"}],"event_choices":[{"damage_healed":0.0,"max_hp_gain":0.0,"max_hp_loss":0.0,"gold_gain":0.0,"event_name":"Shining Light","player_choice":"Entered Light","floor":2.0,"gold_loss":0.0,"damage_taken":16.0,"cards_upgraded":["Dropkick","Defend_R"]},{"damage_healed":0.0,"max_hp_gain":0.0,"max_hp_loss":6.0,"gold_gain":0.0,"event_name":"Golden Idol","player_choice":"Lose Max HP","floor":3.0,"gold_loss":0.0,"damage_taken":0.0,"relics_obtained":["Golden Idol"]},{"damage_healed":0.0,"max_hp_gain":0.0,"max_hp_loss":0.0,"gold_gain":0.0,"event_name":"WeMeetAgain","player_choice":"Gave Potion","floor":5.0,"gold_loss":0.0,"damage_taken":0.0,"relics_obtained":["Centennial Puzzle"]},{"damage_healed":0.0,"max_hp_gain":0.0,"max_hp_loss":0.0,"gold_gain":175.0,"event_name":"Liars Game","player_choice":"AGREE","floor":11.0,"gold_loss":0.0,"damage_taken":0.0,"cards_obtained":["Doubt"]},{"damage_healed":0.0,"max_hp_gain":0.0,"max_hp_loss":0.0,"gold_gain":0.0,"event_name":"Match and Keep!","player_choice":"0 cards matched","floor":19.0,"gold_loss":0.0,"damage_taken":0.0,"cards_obtained":[]},{"cards_removed":["Strike_R"],"damage_healed":0.0,"max_hp_gain":0.0,"max_hp_loss":0.0,"gold_gain":0.0,"event_name":"Beggar","player_choice":"Gave Gold","floor":28.0,"gold_loss":75.0,"damage_taken":0.0},{"damage_healed":0.0,"max_hp_gain":0.0,"max_hp_loss":0.0,"gold_gain":0.0,"event_name":"MindBloom","player_choice":"Fight","floor":36.0,"gold_loss":0.0,"damage_taken":0.0},{"damage_healed":0,"gold_gain":0,"player_choice":"Fight","damage_taken":0,"max_hp_gain":0,"max_hp_loss":0,"event_name":"Mysterious Sphere","floor":37,"gold_loss":0},{"damage_healed":0,"gold_gain":275,"player_choice":"Desecrate","damage_taken":0,"max_hp_gain":0,"max_hp_loss":0,"event_name":"Golden Shrine","floor":38,"gold_loss":0,"cards_obtained":["Regret"]},{"damage_healed":107,"gold_gain":0,"player_choice":"Heal","damage_taken":0,"max_hp_gain":0,"max_hp_loss":15,"event_name":"The Moai Head","floor":46,"gold_loss":0}],"is_beta":false,"boss_relics":[{"not_picked":["Runic Pyramid","Eternal Feather"],"picked":"Black Star"},{"not_picked":["Orrery","Snecko Eye"],"picked":"Velvet Choker"}],"items_purged_floors":[14,21,42],"is_endless":false,"potions_floor_spawned":[1,4,6,10,18,27,31,36,37,44,47,48],"killed_by":"Awakened One","ascension_level":8}