{"gold_per_floor":[112,38,55,130,47,82,94,117,129,200,212,256,228],"floor_reached":13,"playtime":297,"items_purged":[],"score":239,"play_id":"31e76789-f394-4244-8cc3-6d9a3d29596b","local_time":"20190202025906","is_ascension_mode":true,"campfire_choices":[{"data":"Footwork","floor":7.0,"key":"SMITH"},{"data":"Catalyst","floor":11,"key":"SMITH"}],"neow_cost":"NONE","seed_source_timestamp":39381106170268,"circlet_count":0,"master_deck":["AscendersBane","Defend_G","Defend_G","Defend_G","Defend_G","Defend_G","Strike_G","Strike_G","Strike_G","Strike_G","Strike_G","Survivor","Neutralize","Backstab","Noxious Fumes","Noxious Fumes","Footwork+1","Catalyst+1","After Image"],"special_seed":0,"relics":["Ring of the Snake","NeowsBlessing","MawBank","Matryoshka","Tiny Chest","Bronze Scales"],"potions_floor_usage":[10,10],"damage_taken":[{"damage":0.0,"enemies":"2 Louse","floor":1.0,"turns":1.0},{"damage":0.0,"enemies":"Jaw Worm","floor":3.0,"turns":1.0},{"damage":0.0,"enemies":"Lagavulin","floor":6.0,"turns":1.0},{"damage":1.0,"enemies":"Small Slimes","floor":8.0,"turns":5.0},{"damage":24,"enemies":"Gremlin Nob","floor":10,"turns":6},{"damage":20,"enemies":"Lagavulin","floor":12,"turns":7},{"damage":9,"enemies":"Looter","floor":13,"turns":2}],"seed_played":"-1554169981152405015","potions_obtained":[{"floor":3.0,"key":"LiquidBronze"},{"floor":6.0,"key":"Ancient Potion"},{"floor":12,"key":"SteroidPotion"}],"is_trial":false,"path_per_floor":["M","$","M","?","$","E","R","M","T","E","R","E","M"],"character_chosen":"THE_SILENT","items_purchased":["Noxious Fumes","Footwork"],"campfire_rested":0,"item_purchase_floors":[2,5],"current_hp_per_floor":[59,59,59,48,48,48,48,47,47,23,23,3,0],"gold":228,"neow_bonus":"THREE_ENEMY_KILL","is_prod":false,"is_daily":false,"chose_seed":false,"campfire_upgraded":2,"win_rate":0,"timestamp":1549105146,"path_taken":["M","$","M","?","?","E","R","M","T","E","R","E","M"],"build_version":"2019-01-23","purchased_purges":0,"victory":false,"max_hp_per_floor":[66,66,66,66,66,66,66,66,66,66,66,66,66],"card_choices":[{"not_picked":["Dodge and Roll","PiercingWail"],"picked":"Backstab","floor":1.0},{"not_picked":["Sucker Punch","Escape Plan"],"picked":"Noxious Fumes","floor":3.0},{"not_picked":["Terror","Dagger Spray"],"picked":"Catalyst","floor":6.0},{"not_picked":["Slice","Setup","Concentrate"],"picked":"SKIP","floor":8.0},{"not_picked":["Blur","Quick Slash"],"picked":"After Image","floor":10},{"not_picked":["Flying Knee","Heel Hook","Riddle With Holes"],"picked":"SKIP","floor":12}],"player_experience":1199229,"relics_obtained":[{"floor":6.0,"key":"MawBank"},{"floor":9.0,"key":"Matryoshka"},{"floor":10,"key":"Tiny Chest"},{"floor":12,"key":"Bronze Scales"}],"event_choices":[{"damage_healed":0.0,"max_hp_gain":0.0,"max_hp_loss":0.0,"gold_gain":75.0,"event_name":"World of Goop","player_choice":"Gather Gold","floor":4.0,"gold_loss":0.0,"damage_taken":11.0}],"is_beta":false,"boss_relics":[],"items_purged_floors":[],"is_endless":false,"potions_floor_spawned":[3,6,12],"killed_by":"Looter","ascension_level":18}