{"gold_per_floor":[119,138,138,20,20,20,52,52,127,139,149,176,192,223,223,299,299,317,49,49,59,72,72,89,114,140,140,159,159,159,177,177,252,252,271,6,56,69,13,13,44,62,362,362,362,362],"floor_reached":46,"playtime":4290,"items_purged":["Strike_G"],"score":860,"play_id":"a5f5fa2f-79cc-4050-a11a-e7d37338030c","local_time":"20190426132122","is_ascension_mode":true,"campfire_choices":[{"data":"Infinite Blades","floor":6.0,"key":"SMITH"},{"data":"Finisher","floor":8.0,"key":"SMITH"},{"floor":15.0,"key":"REST"},{"floor":23.0,"key":"REST"},{"floor":27.0,"key":"REST"},{"data":"Infinite Blades","floor":29.0,"key":"SMITH"},{"floor":32.0,"key":"REST"}],"neow_cost":"NONE","seed_source_timestamp":0,"circlet_count":0,"master_deck":["AscendersBane","Defend_G","Defend_G","Defend_G","Defend_G","Defend_G","Strike_G+1","Strike_G","Strike_G","Neutralize+1","Infinite Blades+1","Finisher+1","Infinite Blades+1","Escape Plan","Dodge and Roll","Slice","Infinite Blades+1","Endless Agony","Burst","Escape Plan","Backflip","Quick Slash+1","Calculated Gamble","Terror","Cloak And Dagger","Tools of the Trade","Catalyst","Poisoned Stab","Finesse","Backflip"],"special_seed":0,"relics":["Ring of the Snake","Whetstone","Tiny Chest","Odd Mushroom","Blood Vial","Philosopher\u0027s Stone","Mummified Hand","Shovel","Potion Belt","Runic Pyramid","Vajra","Kunai","Old Coin"],"potions_floor_usage":[46],"damage_taken":[{"damage":0.0,"enemies":"Small Slimes","floor":1.0,"turns":3.0},{"damage":1.0,"enemies":"Cultist","floor":2.0,"turns":4.0},{"damage":12.0,"enemies":"3 Sentries","floor":7.0,"turns":7.0},{"damage":1.0,"enemies":"Jaw Worm","floor":10.0,"turns":4.0},{"damage":7.0,"enemies":"3 Louse","floor":11.0,"turns":4.0},{"damage":11.0,"enemies":"The Mushroom Lair","floor":12.0,"turns":5.0},{"damage":4.0,"enemies":"Gremlin Gang","floor":13.0,"turns":6.0},{"damage":5.0,"enemies":"Lagavulin","floor":14.0,"turns":6.0},{"damage":23.0,"enemies":"The Guardian","floor":16.0,"turns":9.0},{"damage":16.0,"enemies":"3 Byrds","floor":18.0,"turns":5.0},{"damage":0.0,"enemies":"Spheric Guardian","floor":21.0,"turns":3.0},{"damage":4.0,"enemies":"Centurion and Healer","floor":22.0,"turns":6.0},{"damage":9.0,"enemies":"Sentry and Sphere","floor":24.0,"turns":6.0},{"damage":24.0,"enemies":"Gremlin Leader","floor":25.0,"turns":8.0},{"damage":14.0,"enemies":"Chosen and Byrds","floor":28.0,"turns":5.0},{"damage":1.0,"enemies":"Snecko","floor":31.0,"turns":4.0},{"damage":21.0,"enemies":"Collector","floor":33.0,"turns":11.0},{"damage":33.0,"enemies":"3 Shapes","floor":35.0,"turns":3.0},{"damage":20.0,"enemies":"3 Darklings","floor":38.0,"turns":6.0},{"damage":5.0,"enemies":"Reptomancer","floor":41.0,"turns":5.0},{"damage":0.0,"enemies":"Jaw Worm Horde","floor":42.0,"turns":5.0},{"damage":13,"enemies":"4 Shapes","floor":46,"turns":6}],"seed_played":"858302885639084832","potions_obtained":[{"floor":0.0,"key":"Ancient Potion"},{"floor":0.0,"key":"SteroidPotion"},{"floor":7.0,"key":"Poison Potion"},{"floor":13.0,"key":"Ancient Potion"},{"floor":14.0,"key":"Swift Potion"},{"floor":21.0,"key":"Poison Potion"},{"floor":24.0,"key":"Block Potion"},{"floor":28.0,"key":"SkillPotion"},{"floor":31.0,"key":"Dexterity Potion"},{"floor":33.0,"key":"Weak Potion"},{"floor":38.0,"key":"EssenceOfSteel"},{"floor":42.0,"key":"LiquidBronze"}],"is_trial":false,"path_per_floor":["M","M","?","$","?","R","E","R","T","M","M","?","M","E","R","B",null,"M","$","?","M","M","R","M","E","T","R","M","R","?","M","R","B",null,"M","$","?","M","$","?","E","M","T","?","?","M"],"character_chosen":"THE_SILENT","items_purchased":["Infinite Blades","Mummified Hand","Poisoned Stab","Vajra","GhostInAJar","SpeedPotion"],"campfire_rested":4,"item_purchase_floors":[4,19,36,36,36,39],"current_hp_per_floor":[59,58,51,51,51,51,39,39,39,38,31,20,16,11,30,9,52,38,38,26,28,26,45,38,16,16,35,23,23,23,24,43,24,56,25,25,25,7,7,7,4,6,6,6,6,0],"gold":362,"neow_bonus":"THREE_SMALL_POTIONS","is_prod":false,"is_daily":false,"chose_seed":false,"campfire_upgraded":3,"win_rate":0,"timestamp":1556302882,"path_taken":["M","M","?","$","?","R","E","R","T","?","M","?","M","E","R","BOSS","M","$","?","M","?","R","M","E","T","R","M","R","?","M","R","BOSS","M","$","?","?","?","?","E","M","T","?","?","M"],"build_version":"2019-01-23","purchased_purges":1,"victory":false,"max_hp_per_floor":[66,66,66,66,66,66,66,66,66,66,66,66,66,66,66,66,66,66,66,66,66,66,66,66,66,66,66,66,66,66,66,66,66,66,66,66,66,66,66,66,66,66,66,66,66,66],"card_choices":[{"not_picked":["Tactician","Quick Slash"],"picked":"Infinite Blades","floor":1.0},{"not_picked":["Prepared","Acrobatics"],"picked":"Finisher","floor":2.0},{"not_picked":["Blur","Dodge and Roll"],"picked":"Escape Plan","floor":7.0},{"not_picked":["Dagger Throw","Sucker Punch"],"picked":"Dodge and Roll","floor":10.0},{"not_picked":["Eviscerate","Expertise","Prepared"],"picked":"SKIP","floor":11.0},{"not_picked":["Predator","Backflip"],"picked":"Slice","floor":12.0},{"not_picked":["Flying Knee","Tactician"],"picked":"Infinite Blades","floor":13.0},{"not_picked":["Tactician","Underhanded Strike"],"picked":"Endless Agony","floor":14.0},{"not_picked":["A Thousand Cuts","Malaise"],"picked":"Burst","floor":16.0},{"not_picked":["Prepared","Riddle With Holes+1"],"picked":"Escape Plan","floor":18.0},{"not_picked":["Underhanded Strike+1","Prepared"],"picked":"Backflip","floor":21.0},{"not_picked":["Slice","Crippling Poison"],"picked":"Quick Slash+1","floor":22.0},{"not_picked":["Bane","Flechettes"],"picked":"Calculated Gamble","floor":24.0},{"not_picked":["Distraction","Masterful Stab","Poisoned Stab"],"picked":"SKIP","floor":25.0},{"not_picked":["Underhanded Strike","Deadly Poison"],"picked":"Terror","floor":28.0},{"not_picked":["Sucker Punch","Slice+1"],"picked":"Cloak And Dagger","floor":31.0},{"not_picked":["Venomology","Burst"],"picked":"Tools of the Trade","floor":33.0},{"not_picked":["Slice","Deadly Poison"],"picked":"Catalyst","floor":35.0},{"not_picked":["Masterful Stab","Skewer","Caltrops"],"picked":"SKIP","floor":38.0},{"not_picked":["Bandage Up","Impatience"],"picked":"Finesse","floor":40.0},{"not_picked":["Deadly Poison","Underhanded Strike+1"],"picked":"Backflip","floor":41.0},{"not_picked":["Prepared","Bane+1","Quick Slash"],"picked":"SKIP","floor":42.0}],"player_experience":814472,"relics_obtained":[{"floor":7.0,"key":"Whetstone"},{"floor":9.0,"key":"Tiny Chest"},{"floor":12.0,"key":"Odd Mushroom"},{"floor":14.0,"key":"Blood Vial"},{"floor":25.0,"key":"Shovel"},{"floor":26.0,"key":"Potion Belt"},{"floor":41.0,"key":"Kunai"},{"floor":43.0,"key":"Old Coin"}],"event_choices":[{"cards_removed":["Strike_G"],"damage_healed":0.0,"max_hp_gain":0.0,"max_hp_loss":0.0,"gold_gain":0.0,"event_name":"Golden Wing","player_choice":"Card Removal","floor":3.0,"gold_loss":0.0,"damage_taken":7.0},{"damage_healed":0.0,"max_hp_gain":0.0,"max_hp_loss":0.0,"gold_gain":0.0,"event_name":"Accursed Blacksmith","player_choice":"Forge","floor":5.0,"gold_loss":0.0,"damage_taken":0.0,"cards_upgraded":["Infinite Blades"]},{"damage_healed":0.0,"max_hp_gain":0.0,"max_hp_loss":0.0,"gold_gain":0.0,"event_name":"Mushrooms","player_choice":"Fought Mushrooms","floor":12.0,"gold_loss":0.0,"damage_taken":0.0},{"damage_healed":0.0,"max_hp_gain":0.0,"max_hp_loss":0.0,"gold_gain":0.0,"event_name":"Knowing Skull","player_choice":"POTION ","floor":20.0,"potions_obtained":["Explosive Potion"],"gold_loss":0.0,"damage_taken":12.0,"cards_obtained":[]},{"damage_healed":0.0,"max_hp_gain":0.0,"max_hp_loss":0.0,"gold_gain":0.0,"event_name":"The Mausoleum","player_choice":"Ignored","floor":30.0,"gold_loss":0.0,"damage_taken":0.0},{"damage_healed":0.0,"max_hp_gain":0.0,"max_hp_loss":0.0,"gold_gain":50.0,"event_name":"Golden Shrine","player_choice":"Pray","floor":37.0,"gold_loss":0.0,"damage_taken":0.0},{"damage_healed":0.0,"max_hp_gain":0.0,"max_hp_loss":0.0,"gold_gain":0.0,"event_name":"SensoryStone","player_choice":"Memory 1","floor":40.0,"gold_loss":0.0,"damage_taken":0.0},{"cards_removed":["Survivor"],"damage_healed":0.0,"max_hp_gain":0.0,"max_hp_loss":0.0,"gold_gain":0.0,"event_name":"Falling","player_choice":"Removed Skill","floor":44.0,"gold_loss":0.0,"damage_taken":0.0},{"damage_healed":0.0,"max_hp_gain":0.0,"max_hp_loss":0.0,"gold_gain":0.0,"event_name":"Mysterious Sphere","player_choice":"Ignored","floor":45.0,"gold_loss":0.0,"damage_taken":0.0}],"is_beta":false,"boss_relics":[{"not_picked":["Snecko Eye","HoveringKite"],"picked":"Philosopher\u0027s Stone"},{"not_picked":["White Beast Statue","Orrery"],"picked":"Runic Pyramid"}],"items_purged_floors":[4],"is_endless":false,"potions_floor_spawned":[2,7,13,14,21,24,28,31,33,38,42],"killed_by":"4 Shapes","ascension_level":16}