{"gold_per_floor":[111,36,36,111,111,111,145,145,145,172,190,190,72,86,86,160,160,180,146,163,173,186,186,186],"floor_reached":24,"playtime":1069,"items_purged":[],"score":448,"play_id":"0f0f2f0d-63b4-4822-8101-ea401be3612c","local_time":"20190204211400","is_ascension_mode":true,"campfire_choices":[{"data":"Bash","floor":6.0,"key":"SMITH"},{"data":"True Grit","floor":8.0,"key":"SMITH"},{"data":"True Grit","floor":12.0,"key":"SMITH"},{"data":"Rampage","floor":15.0,"key":"SMITH"},{"data":"Limit Break","floor":23.0,"key":"SMITH"}],"neow_cost":"NONE","seed_source_timestamp":298278266480218,"circlet_count":0,"master_deck":["AscendersBane","Strike_R","Strike_R","Strike_R","Defend_R","Defend_R","Defend_R","Defend_R","Bash+1","Shrug It Off","True Grit+1","Rampage+1","True Grit+1","Trip","Inflame","Sword Boomerang","Limit Break+1","Disarm","Shrug It Off","Cleave"],"special_seed":0,"relics":["Burning Blood","NeowsBlessing","Matryoshka","Bag of Marbles","Sundial","Meat on the Bone","Lizard Tail"],"potions_floor_usage":[24],"damage_taken":[{"damage":0.0,"enemies":"Small Slimes","floor":1.0,"turns":1.0},{"damage":0.0,"enemies":"Gremlin Nob","floor":7.0,"turns":1.0},{"damage":0.0,"enemies":"3 Sentries","floor":10.0,"turns":2.0},{"damage":3.0,"enemies":"2 Louse","floor":11.0,"turns":3.0},{"damage":1.0,"enemies":"Cultist","floor":14.0,"turns":3.0},{"damage":39.0,"enemies":"Hexaghost","floor":16.0,"turns":12.0},{"damage":50.0,"enemies":"3 Byrds","floor":18.0,"turns":8.0},{"damage":49.0,"enemies":"2 Thieves","floor":19.0,"turns":5.0},{"damage":31.0,"enemies":"Snake Plant","floor":20.0,"turns":6.0},{"damage":7.0,"enemies":"Centurion and Healer","floor":21.0,"turns":10.0},{"damage":38.0,"enemies":"Snecko","floor":22.0,"turns":8.0},{"damage":34,"enemies":"Slavers","floor":24,"turns":3}],"seed_played":"-2251328680382269105","potions_obtained":[{"floor":1.0,"key":"Block Potion"},{"floor":7.0,"key":"BloodPotion"},{"floor":18.0,"key":"PowerPotion"},{"floor":22.0,"key":"Block Potion"}],"is_trial":false,"path_per_floor":["M","?","$","?","?","R","E","R","T","E","M","R","$","M","R","B",null,"M","M","M","M","M","R","E"],"character_chosen":"IRONCLAD","items_purchased":["Trip","Inflame"],"campfire_rested":0,"item_purchase_floors":[13,13],"current_hp_per_floor":[74,74,74,63,63,63,69,69,69,75,75,75,75,75,75,54,70,38,55,42,53,33,33,0],"gold":186,"neow_bonus":"THREE_ENEMY_KILL","is_prod":false,"is_daily":false,"chose_seed":false,"campfire_upgraded":5,"win_rate":0,"timestamp":1549311240,"path_taken":["M","?","$","?","?","R","E","R","T","E","M","R","$","M","R","BOSS","M","M","M","M","M","R","E"],"build_version":"2019-01-23","purchased_purges":0,"victory":false,"max_hp_per_floor":[75,75,75,75,75,75,75,75,75,75,75,75,75,75,75,75,75,75,75,75,75,75,75,75],"card_choices":[{"not_picked":["Disarm","Armaments"],"picked":"Shrug It Off","floor":1.0},{"not_picked":["Warcry","Twin Strike"],"picked":"True Grit","floor":7.0},{"not_picked":["Wild Strike","Rupture"],"picked":"Rampage","floor":10.0},{"not_picked":["Burning Pact","Flex"],"picked":"True Grit","floor":11.0},{"not_picked":["Thunderclap","Rupture"],"picked":"Sword Boomerang","floor":14.0},{"not_picked":["Exhume","Double Tap"],"picked":"Limit Break","floor":16.0},{"not_picked":["Sword Boomerang","Iron Wave","Hemokinesis"],"picked":"SKIP","floor":18.0},{"not_picked":["True Grit","Perfected Strike"],"picked":"Disarm","floor":19.0},{"not_picked":["Wild Strike+1","Sword Boomerang","Combust+1"],"picked":"SKIP","floor":20.0},{"not_picked":["Evolve","Sentinel"],"picked":"Shrug It Off","floor":21.0},{"not_picked":["Sentinel","Shrug It Off"],"picked":"Cleave","floor":22.0}],"player_experience":299553,"relics_obtained":[{"floor":7.0,"key":"Matryoshka"},{"floor":9.0,"key":"Bag of Marbles"},{"floor":9.0,"key":"Sundial"},{"floor":10.0,"key":"Meat on the Bone"}],"event_choices":[{"cards_removed":["Strike_R"],"damage_healed":0.0,"max_hp_gain":0.0,"max_hp_loss":0.0,"gold_gain":0.0,"event_name":"The Cleric","player_choice":"Card Removal","floor":2.0,"gold_loss":75.0,"damage_taken":0.0},{"damage_healed":0.0,"max_hp_gain":0.0,"max_hp_loss":0.0,"gold_gain":75.0,"event_name":"World of Goop","player_choice":"Gather Gold","floor":4.0,"gold_loss":0.0,"damage_taken":11.0},{"cards_removed":["Strike_R"],"damage_healed":0.0,"max_hp_gain":0.0,"max_hp_loss":0.0,"gold_gain":0.0,"event_name":"Bonfire Elementals","player_choice":"Offered Basic","floor":5.0,"gold_loss":0.0,"damage_taken":0.0}],"is_beta":false,"boss_relics":[{"not_picked":["Astrolabe","Black Star"],"picked":"Lizard Tail"}],"items_purged_floors":[],"is_endless":false,"potions_floor_spawned":[1,7,10,18,19,22],"killed_by":"Slavers","ascension_level":15}