{"gold_per_floor":[109,129,94,113,38,38,69,69,69,86,43,93,93,104,104,178,178,191,206,218,19,19,19,50,50,76,76,76],"floor_reached":28,"playtime":1102,"items_purged":[],"score":472,"play_id":"c5ebf294-0663-4975-97a9-1d4f211ac62f","local_time":"20190427120645","is_ascension_mode":true,"campfire_choices":[{"data":"Storm","floor":6.0,"key":"SMITH"},{"floor":13.0,"key":"REST"},{"floor":15.0,"key":"REST"},{"floor":23.0,"key":"REST"},{"floor":25,"key":"REST"}],"neow_cost":"NONE","seed_source_timestamp":1362153477588869,"circlet_count":0,"master_deck":["AscendersBane","Strike_B","Strike_B","Strike_B","Strike_B","Defend_B","Defend_B","Defend_B","Defend_B","Zap","Dualcast","Conserve Battery","Hello World","Sunder","Storm+1","White Noise","Zap","Rip and Tear","Heatsinks","Defragment","Biased Cognition","Buffer","Streamline","Capacitor+1","Coolheaded+1","Ball Lightning","Reboot","Cold Snap"],"special_seed":0,"relics":["Cracked Core","NeowsBlessing","Shuriken","Symbiotic Virus","Inserter","Lantern","PreservedInsect","Enchiridion"],"potions_floor_usage":[24,28],"damage_taken":[{"damage":0.0,"enemies":"2 Louse","floor":1.0,"turns":1.0},{"damage":0.0,"enemies":"Small Slimes","floor":2.0,"turns":1.0},{"damage":0.0,"enemies":"Cultist","floor":4.0,"turns":1.0},{"damage":13.0,"enemies":"3 Sentries","floor":7.0,"turns":8.0},{"damage":0.0,"enemies":"Large Slime","floor":10.0,"turns":3.0},{"damage":10.0,"enemies":"Lots of Slimes","floor":14.0,"turns":3.0},{"damage":14.0,"enemies":"The Guardian","floor":16.0,"turns":9.0},{"damage":0.0,"enemies":"Chosen","floor":18.0,"turns":3.0},{"damage":28.0,"enemies":"2 Thieves","floor":19.0,"turns":3.0},{"damage":0.0,"enemies":"Centurion and Healer","floor":20.0,"turns":4.0},{"damage":40,"enemies":"Gremlin Leader","floor":24,"turns":6},{"damage":25,"enemies":"Shelled Parasite and Fungi","floor":28,"turns":1}],"seed_played":"-8522397912112028826","potions_obtained":[{"floor":4.0,"key":"LiquidBronze"},{"floor":20.0,"key":"Dexterity Potion"},{"floor":24,"key":"EssenceOfSteel"}],"is_trial":false,"path_per_floor":["M","M","?","M","$","R","E","?","T","M","$","?","R","M","R","B",null,"M","M","M","$","?","R","E","R","T","?","M"],"character_chosen":"DEFECT","items_purchased":["Storm","Defragment","PowerPotion","Ball Lightning","Reboot"],"campfire_rested":4,"item_purchase_floors":[5,11,21,21,21],"current_hp_per_floor":[64,64,71,71,71,71,58,58,58,58,58,58,71,61,71,57,68,68,40,40,40,40,61,21,42,42,21,0],"gold":76,"neow_bonus":"THREE_ENEMY_KILL","is_prod":false,"is_daily":false,"chose_seed":false,"campfire_upgraded":1,"win_rate":0,"timestamp":1556356005,"path_taken":["M","M","?","M","$","R","E","?","T","?","$","?","R","M","R","BOSS","M","?","M","$","?","R","E","R","T","?","M"],"build_version":"2019-01-23","purchased_purges":0,"victory":false,"max_hp_per_floor":[71,71,71,71,71,71,71,71,71,71,71,71,71,71,71,71,71,71,71,71,71,71,71,71,71,71,71,71],"card_choices":[{"not_picked":["Turbo","Stack"],"picked":"Conserve Battery","floor":1.0},{"not_picked":["Gash","Hologram"],"picked":"Hello World","floor":2.0},{"not_picked":["Beam Cell","Leap"],"picked":"Sunder","floor":4.0},{"not_picked":["Compile Driver","Conserve Battery"],"picked":"White Noise","floor":7.0},{"not_picked":["Leap","Blizzard"],"picked":"Heatsinks","floor":10.0},{"not_picked":["Steam","Coolheaded"],"picked":"Biased Cognition","floor":14.0},{"not_picked":["Biased Cognition","All For One"],"picked":"Buffer","floor":16.0},{"not_picked":["Coolheaded","Turbo"],"picked":"Streamline","floor":18.0},{"not_picked":["Cold Snap","FTL"],"picked":"Capacitor+1","floor":19.0},{"not_picked":["Steam","Go for the Eyes"],"picked":"Coolheaded+1","floor":20.0},{"not_picked":["Conserve Battery","Coolheaded"],"picked":"Cold Snap","floor":24}],"player_experience":1251051,"relics_obtained":[{"floor":7.0,"key":"Shuriken"},{"floor":9.0,"key":"Symbiotic Virus"},{"floor":24,"key":"Lantern"},{"floor":26,"key":"PreservedInsect"},{"floor":27,"key":"Enchiridion"}],"event_choices":[{"damage_healed":17.0,"max_hp_gain":0.0,"max_hp_loss":0.0,"gold_gain":0.0,"event_name":"The Cleric","player_choice":"Healed","floor":3.0,"gold_loss":35.0,"damage_taken":0.0},{"damage_healed":0.0,"max_hp_gain":0.0,"max_hp_loss":0.0,"gold_gain":0.0,"event_name":"Match and Keep!","player_choice":"2 cards matched","floor":8.0,"gold_loss":0.0,"damage_taken":0.0,"cards_obtained":["Zap","Rip and Tear"]},{"damage_healed":0.0,"max_hp_gain":0.0,"max_hp_loss":0.0,"gold_gain":50.0,"event_name":"Golden Shrine","player_choice":"Pray","floor":12.0,"gold_loss":0.0,"damage_taken":0.0},{"damage_healed":0.0,"max_hp_gain":0.0,"max_hp_loss":0.0,"gold_gain":0.0,"event_name":"Vampires","player_choice":"Ignored","floor":22.0,"gold_loss":0.0,"damage_taken":0.0},{"damage_healed":0,"gold_gain":0,"player_choice":"Obtained Book","damage_taken":21,"max_hp_gain":0,"max_hp_loss":0,"event_name":"Cursed Tome","floor":27,"gold_loss":0}],"is_beta":false,"boss_relics":[{"not_picked":["Snecko Eye","Sozu"],"picked":"Inserter"}],"items_purged_floors":[],"is_endless":false,"potions_floor_spawned":[4,20,24],"killed_by":"Shelled Parasite and Fungi","ascension_level":20}