{"gold_per_floor":[218,218,74,349,54,54,81,101,124,154,169,13,13,48,48,147,147,164,164,179,195,2,2,29,29,52,81,81,96,96,96,96,192,192,209,71,87,87,98,98,113,148,148,179,224,27,47,64,64,64],"floor_reached":51,"playtime":4847,"items_purged":["Regret","Strike_B","Strike_B+1"],"score":1467,"play_id":"413a3c9c-6bd6-413b-b9ec-dfc60cf5f3e5","local_time":"20180816134124","is_ascension_mode":true,"campfire_choices":[{"data":"Dualcast","floor":6,"key":"SMITH"},{"data":"Buffer","floor":13,"key":"SMITH"},{"data":"Thunder Strike","floor":15,"key":"SMITH"},{"data":"Coolheaded","floor":23,"key":"SMITH"},{"data":"Machine Learning","floor":25,"key":"SMITH"},{"data":"Defragment","floor":30,"key":"SMITH"},{"floor":32,"key":"REST"},{"data":"Buffer","floor":40,"key":"SMITH"},{"floor":49,"key":"REST"}],"neow_cost":"NONE","seed_source_timestamp":62406109156022,"circlet_count":0,"master_deck":["Strike_B+1","Defend_B","Defend_B","Defend_B+1","Defend_B","Zap+1","Dualcast+1","AscendersBane","Genetic Algorithm","Buffer+1","Ball Lightning","Cold Snap","BootSequence","Conserve Battery","Thunder Strike+1","Seek+1","Coolheaded+1","Redo+1","Machine Learning+1","Defragment+1","Buffer+1","Tempest","Ball Lightning","Hologram+1","Leap+1","Force Field+1","Echo Form","Storm"],"relics":["Cracked Core","DataDisk","Whetstone","Bronze Scales","Cables","Strawberry","Sozu","Medical Kit","Vajra","Centennial Puzzle","Anchor","Smiling Mask","Nilry\u0027s Codex","Philosopher\u0027s Stone","Dream Catcher","Pen Nib","Orichalcum","Bag of Preparation","War Paint"],"potions_floor_usage":[10,14,27,27],"damage_taken":[{"damage":8,"enemies":"Jaw Worm","floor":1,"turns":4},{"damage":11,"enemies":"Lagavulin","floor":7,"turns":5},{"damage":0,"enemies":"2 Louse","floor":8,"turns":2},{"damage":12,"enemies":"Gremlin Nob","floor":10,"turns":3},{"damage":0,"enemies":"Cultist","floor":11,"turns":2},{"damage":0,"enemies":"3 Sentries","floor":14,"turns":5},{"damage":0,"enemies":"The Guardian","floor":16,"turns":9},{"damage":0,"enemies":"3 Byrds","floor":18,"turns":3},{"damage":0,"enemies":"Chosen","floor":20,"turns":4},{"damage":0,"enemies":"Centurion and Healer","floor":21,"turns":6},{"damage":4,"enemies":"Slavers","floor":24,"turns":6},{"damage":7,"enemies":"Gremlin Leader","floor":27,"turns":6},{"damage":0,"enemies":"3 Cultists","floor":29,"turns":4},{"damage":0,"enemies":"Champ","floor":33,"turns":8},{"damage":29,"enemies":"Flame Bruiser 1 Orb","floor":35,"turns":4},{"damage":0,"enemies":"3 Shapes","floor":37,"turns":4},{"damage":0,"enemies":"Maw","floor":39,"turns":6},{"damage":0,"enemies":"3 Darklings","floor":41,"turns":5},{"damage":37,"enemies":"2 Orb Walkers","floor":42,"turns":6},{"damage":0,"enemies":"Giant Head","floor":44,"turns":7},{"damage":0,"enemies":"Spire Growth","floor":47,"turns":4},{"damage":0,"enemies":"Sphere and 2 Shapes","floor":48,"turns":4},{"damage":0,"enemies":"Time Eater","floor":50,"turns":6}],"seed_played":"-4474298949887381126","potions_obtained":[{"floor":7,"key":"Fire Potion"},{"floor":10,"key":"Block Potion"},{"floor":16,"key":"SpeedPotion"}],"is_trial":false,"path_per_floor":["M","?","$","?","$","R","E","M","T","E","M","$","R","E","R","B",null,"M","?","M","M","$","R","E","R","T","E","T","M","R","?","R","B",null,"M","$","M","?","M","R","M","E","T","E","T","$","M","M","R","B"],"character_chosen":"DEFECT","items_purchased":["DataDisk","Buffer","Ball Lightning","Cold Snap","PowerPotion","Thunder Strike","Medical Kit","Tempest","Ball Lightning","War Paint"],"campfire_rested":2,"item_purchase_floors":[3,5,5,5,5,12,22,36,36,46],"current_hp_per_floor":[60,60,60,60,60,60,49,49,49,37,37,37,37,44,44,44,73,73,73,73,73,73,73,69,69,69,62,62,62,62,46,70,70,79,50,50,50,50,50,50,50,13,13,13,13,13,13,13,37,37],"gold":64,"neow_bonus":"HUNDRED_GOLD","is_prod":false,"is_daily":false,"chose_seed":false,"campfire_upgraded":7,"win_rate":0,"timestamp":1534444884,"path_taken":["M","?","?","?","$","R","E","M","T","E","M","$","R","E","R","BOSS","M","?","M","M","$","R","E","R","T","E","?","M","R","?","R","BOSS","M","$","M","?","M","R","M","E","T","E","?","$","M","M","R","BOSS"],"build_version":"2018-08-09","purchased_purges":3,"victory":true,"max_hp_per_floor":[75,75,75,75,75,75,75,75,75,75,75,75,75,82,82,82,82,82,82,82,82,82,82,82,82,82,82,82,82,82,82,82,82,82,82,82,82,82,82,82,82,82,82,82,82,82,82,82,82,82],"card_choices":[{"not_picked":["Rebound","Go for the Eyes"],"picked":"Genetic Algorithm","floor":1},{"not_picked":["Ball Lightning","Go for the Eyes"],"picked":"BootSequence","floor":7},{"not_picked":["Barrage","Lockon","Beam Cell"],"picked":"SKIP","floor":8},{"not_picked":["Turbo","Blizzard"],"picked":"Conserve Battery","floor":10},{"not_picked":["Turbo","Stack","Cold Snap"],"picked":"SKIP","floor":11},{"not_picked":["Hello World","Rainbow","Cold Snap"],"picked":"SKIP","floor":14},{"not_picked":["Rainbow","Buffer"],"picked":"Seek","floor":16},{"not_picked":["Barrage","Reinforced Body+1"],"picked":"Coolheaded","floor":18},{"not_picked":["Auto Shields","Scrape"],"picked":"Redo+1","floor":20},{"not_picked":["Redo","Barrage+1"],"picked":"Machine Learning","floor":21},{"not_picked":["Turbo","Double Energy","Stack"],"picked":"SKIP","floor":24},{"not_picked":["Stack","Beam Cell","Rebound"],"picked":"SKIP","floor":27},{"not_picked":["Go for the Eyes","Scrape"],"picked":"Defragment","floor":29},{"not_picked":["Thunder Strike","Hyperbeam"],"picked":"Buffer","floor":33},{"not_picked":["Chill","Aggregate","Cold Snap"],"picked":"SKIP","floor":35},{"not_picked":["Sweeping Beam+1","Barrage"],"picked":"Hologram+1","floor":37},{"not_picked":["Fusion","Turbo+1"],"picked":"Leap+1","floor":39},{"not_picked":["Double Energy","Gash"],"picked":"Force Field+1","floor":41},{"not_picked":["Redo","Turbo"],"picked":"Echo Form","floor":42},{"not_picked":["Hologram+1","Streamline","Doom and Gloom"],"picked":"SKIP","floor":44},{"not_picked":["Conserve Battery","Recycle+1","Fusion+1"],"picked":"SKIP","floor":47},{"not_picked":["Conserve Battery","Recycle+1","Fusion+1"],"picked":"SKIP","floor":47},{"not_picked":["Genetic Algorithm","Sunder"],"picked":"Storm","floor":48}],"player_experience":342700,"relics_obtained":[{"floor":7,"key":"Whetstone"},{"floor":9,"key":"Bronze Scales"},{"floor":10,"key":"Cables"},{"floor":14,"key":"Strawberry"},{"floor":24,"key":"Vajra"},{"floor":26,"key":"Centennial Puzzle"},{"floor":27,"key":"Anchor"},{"floor":28,"key":"Smiling Mask"},{"floor":31,"key":"Nilry\u0027s Codex"},{"floor":42,"key":"Dream Catcher"},{"floor":43,"key":"Pen Nib"},{"floor":44,"key":"Orichalcum"},{"floor":45,"key":"Bag of Preparation"}],"event_choices":[{"event_name":"Living Wall","player_choice":"Grow","floor":2,"damage_taken":0},{"event_name":"Golden Shrine","player_choice":"Desecrate","floor":4,"damage_taken":0},{"event_name":"Bonfire Elementals","player_choice":"BASIC","floor":19,"damage_taken":0},{"event_name":"Cursed Tome","player_choice":"Obtained Book","floor":31,"damage_taken":0},{"event_name":"The Lab","player_choice":"Got Potions","floor":38,"damage_taken":0}],"is_beta":false,"boss_relics":[{"not_picked":["Runic Dome","White Beast Statue"],"picked":"Sozu"},{"not_picked":["Velvet Choker","Fusion Hammer"],"picked":"Philosopher\u0027s Stone"}],"items_purged_floors":[5,36,46],"is_endless":false,"potions_floor_spawned":[7,10,16,21,29,39,41,42,44],"ascension_level":10}