{"gold_per_floor":[115,115,132,132,35,69,69,84,84,84,104,124,157,14,14,114,114,134,152,15,31,31,46,46,46,72,171,189,209,70,81,81,181,181,198,51,51],"floor_reached":37,"playtime":2823,"items_purged":["Strike_R","Strike_R"],"score":672,"play_id":"a1b0e967-ce5c-473c-bb2b-e157f1fd8535","local_time":"20190129224500","is_ascension_mode":true,"campfire_choices":[{"data":"Havoc","floor":7.0,"key":"SMITH"},{"data":"Bash","floor":10.0,"key":"SMITH"},{"data":"Disarm","floor":15.0,"key":"SMITH"},{"data":"Entrench","floor":24.0,"key":"SMITH"},{"data":"True Grit","floor":32.0,"key":"SMITH"}],"neow_cost":"NONE","seed_source_timestamp":389554095760288,"circlet_count":0,"master_deck":["AscendersBane","Defend_R","Defend_R","Defend_R","Defend_R","Bash+1","Shrug It Off","Rampage","Havoc+1","Disarm","Wild Strike","Evolve","Disarm+1","Jack Of All Trades","Feed","Intimidate+1","Inflame+1","Battle Trance","Entrench+1","Blood for Blood","Burning Pact+1","Bite","Bite","Bite","Bite","Bite","Headbutt","Body Slam+1","Dual Wield","Flame Barrier","True Grit+1","Barricade","True Grit+1"],"special_seed":0,"relics":["Burning Blood","NeowsBlessing","Dead Branch","Vajra","Sundial","Pen Nib","Lizard Tail","Ancient Tea Set","Cursed Key","Regal Pillow"],"potions_floor_usage":[],"damage_taken":[{"damage":0.0,"enemies":"2 Louse","floor":1.0,"turns":1.0},{"damage":0.0,"enemies":"Jaw Worm","floor":3.0,"turns":1.0},{"damage":0.0,"enemies":"3 Sentries","floor":6.0,"turns":1.0},{"damage":0.0,"enemies":"Small Slimes","floor":8.0,"turns":3.0},{"damage":2.0,"enemies":"Gremlin Gang","floor":11.0,"turns":6.0},{"damage":21.0,"enemies":"Exordium Thugs","floor":12.0,"turns":3.0},{"damage":16.0,"enemies":"Lagavulin","floor":13.0,"turns":7.0},{"damage":23.0,"enemies":"The Guardian","floor":16.0,"turns":11.0},{"damage":5.0,"enemies":"3 Byrds","floor":18.0,"turns":7.0},{"damage":6.0,"enemies":"Shell Parasite","floor":19.0,"turns":6.0},{"damage":22.0,"enemies":"Centurion and Healer","floor":21.0,"turns":6.0},{"damage":21.0,"enemies":"Snecko","floor":23.0,"turns":5.0},{"damage":15.0,"enemies":"Cultist and Chosen","floor":28.0,"turns":6.0},{"damage":30.0,"enemies":"Centurion and Healer","floor":29.0,"turns":7.0},{"damage":26.0,"enemies":"Snecko","floor":31.0,"turns":6.0},{"damage":29.0,"enemies":"Automaton","floor":33.0,"turns":10.0},{"damage":25,"enemies":"3 Shapes","floor":35,"turns":7},{"damage":113,"enemies":"2 Orb Walkers","floor":37,"turns":9}],"seed_played":"1428607535331346173","potions_obtained":[{"floor":11.0,"key":"Strength Potion"},{"floor":16.0,"key":"AttackPotion"},{"floor":18.0,"key":"SteroidPotion"},{"floor":23.0,"key":"Regen Potion"}],"is_trial":false,"path_per_floor":["M","?","M","?","$","E","R","M","T","R","M","M","E","$","R","B",null,"M","M","$","M","?","M","R","?","T","?","M","M","$","M","R","B",null,"M","$","?"],"character_chosen":"IRONCLAD","items_purchased":["Havoc","Jack Of All Trades","Dexterity Potion","Battle Trance","Dual Wield","Flame Barrier","Regal Pillow"],"campfire_rested":0,"item_purchase_floors":[5,14,14,20,30,30,36],"current_hp_per_floor":[78,71,77,44,44,50,50,56,56,56,60,45,35,35,35,18,65,66,66,66,53,53,38,38,38,38,38,39,31,31,17,17,24,52,48,48,0],"gold":51,"neow_bonus":"THREE_ENEMY_KILL","is_prod":false,"is_daily":false,"chose_seed":false,"campfire_upgraded":5,"win_rate":0,"timestamp":1548798300,"path_taken":["M","?","M","?","$","E","R","M","T","R","M","M","E","$","R","BOSS","M","M","$","M","?","?","R","?","T","?","M","M","$","M","R","BOSS","M","$","?"],"build_version":"2019-01-23","purchased_purges":2,"victory":false,"max_hp_per_floor":[80,80,80,80,80,80,80,80,80,80,80,80,80,80,80,80,80,80,80,80,83,83,83,83,58,58,58,58,58,58,58,58,61,61,64,64,64],"card_choices":[{"not_picked":["Uppercut","Pommel Strike"],"picked":"Shrug It Off","floor":1.0},{"not_picked":["Sword Boomerang","Perfected Strike"],"picked":"Rampage","floor":3.0},{"not_picked":["Uppercut","Bloodletting"],"picked":"Disarm","floor":6.0},{"not_picked":["Flex","Havoc"],"picked":"Wild Strike","floor":8.0},{"not_picked":["Armaments","Headbutt"],"picked":"Evolve","floor":11.0},{"not_picked":["Dropkick","Battle Trance"],"picked":"Disarm","floor":12.0},{"not_picked":["Demon Form","Iron Wave","Twin Strike"],"picked":"SKIP","floor":13.0},{"not_picked":["Demon Form","Berserk"],"picked":"Feed","floor":16.0},{"not_picked":["Carnage","Anger"],"picked":"Intimidate+1","floor":18.0},{"not_picked":["Flex","Armaments"],"picked":"Inflame+1","floor":19.0},{"not_picked":["Thunderclap","Carnage"],"picked":"Entrench","floor":21.0},{"not_picked":["Rage","Havoc"],"picked":"Burning Pact+1","floor":23.0},{"not_picked":["Iron Wave","Bludgeon"],"picked":"Headbutt","floor":28.0},{"not_picked":["Headbutt","Sever Soul"],"picked":"Body Slam+1","floor":29.0},{"not_picked":["Hemokinesis","Second Wind+1"],"picked":"True Grit","floor":31.0},{"not_picked":["Demon Form","Fiend Fire"],"picked":"Barricade","floor":33.0},{"not_picked":["Armaments","Thunderclap"],"picked":"True Grit+1","floor":35}],"player_experience":179825,"relics_obtained":[{"floor":6.0,"key":"Vajra"},{"floor":9.0,"key":"Sundial"},{"floor":13.0,"key":"Pen Nib"},{"floor":26.0,"key":"Ancient Tea Set"}],"event_choices":[{"cards_removed":["Strike_R"],"damage_healed":0.0,"max_hp_gain":0.0,"max_hp_loss":0.0,"gold_gain":0.0,"event_name":"Golden Wing","player_choice":"Card Removal","floor":2.0,"gold_loss":0.0,"damage_taken":7.0},{"damage_healed":0.0,"max_hp_gain":0.0,"max_hp_loss":0.0,"gold_gain":0.0,"event_name":"Scrap Ooze","player_choice":"Success","floor":4.0,"gold_loss":0.0,"damage_taken":33.0,"relics_obtained":["Dead Branch"]},{"damage_healed":0.0,"max_hp_gain":0.0,"max_hp_loss":0.0,"gold_gain":0.0,"cards_transformed":["Strike_R"],"event_name":"Transmorgrifier","player_choice":"Transformed","floor":22.0,"gold_loss":0.0,"damage_taken":0.0,"cards_obtained":["Blood for Blood"]},{"damage_healed":0.0,"max_hp_gain":0.0,"max_hp_loss":25.0,"gold_gain":0.0,"event_name":"Vampires","player_choice":"Became a vampire","floor":25.0,"gold_loss":0.0,"damage_taken":0.0,"cards_obtained":["Bite","Bite","Bite","Bite","Bite"]},{"damage_healed":0.0,"max_hp_gain":0.0,"max_hp_loss":0.0,"gold_gain":99.0,"event_name":"Nest","player_choice":"Stole From Cult","floor":27.0,"gold_loss":0.0,"damage_taken":0.0},{"damage_healed":0,"gold_gain":0,"player_choice":"Fight","damage_taken":0,"max_hp_gain":0,"max_hp_loss":0,"event_name":"Mysterious Sphere","floor":37,"gold_loss":0}],"is_beta":false,"boss_relics":[{"not_picked":["Orrery","Tiny House"],"picked":"Lizard Tail"},{"not_picked":["Mark of Pain","Calling Bell"],"picked":"Cursed Key"}],"items_purged_floors":[5,20],"is_endless":false,"potions_floor_spawned":[11,16,18,19,23,31],"killed_by":"2 Orb Walkers","ascension_level":10}