{"path_per_floor":["M","M","?","M","?","E","$","R","T","R","?","E","M","E","R","B",null,"M","$","?","?","M","E","M","E","T","M","E","?","?","M","R","B",null,"M","?","?","?","M","R","E","M","T","$","R","M","M","E","R","B"],"character_chosen":"THE_SILENT","items_purchased":["Calculated Gamble","Good Instincts","Prepared"],"gold_per_floor":[113,133,133,152,152,181,68,68,68,68,68,93,105,140,140,242,242,225,28,28,28,46,74,91,123,123,134,169,169,69,87,87,182,182,197,249,249,0,19,19,53,67,67,17,17,29,47,77,77,77],"floor_reached":51,"campfire_rested":5,"playtime":7143,"current_hp_per_floor":[68,70,70,66,52,29,29,50,50,50,50,38,40,43,64,34,70,59,59,59,43,38,28,29,10,10,25,13,13,13,19,40,43,70,57,44,44,44,46,46,35,34,34,34,55,54,56,58,70,36],"items_purged":["Regret","Strike_G"],"gold":77,"score":633,"play_id":"9210809b-6633-417c-bf94-d42e6d1288c6","is_prod":false,"is_daily":false,"is_ascension_mode":false,"campfire_upgraded":2,"path_taken":["M","?","?","M","?","E","$","R","T","R","?","E","M","E","R","BOSS","M","$","?","?","M","E","M","E","T","M","E","?","?","M","R","BOSS","M","?","?","?","?","R","E","M","T","$","R","M","M","E","R","BOSS"],"build_version":"2018-02-08-PROD1","purchased_purges":2,"victory":true,"master_deck":["Defend_G+1","Defend_G","Defend_G","Defend_G","Defend_G+1","Strike_G+1","Strike_G","Strike_G+1","Survivor","Neutralize","Flechettes+1","Glass Knife","PiercingWail+1","Terror","Calculated Gamble+1","Predator","Deflect","Blur","Tools of the Trade","Venomology","Terror+1","Good Instincts","Writhe","Prepared","Malaise","Outmaneuver","Malaise+1","Wraith Form","Decay","J.A.X.","Blur","Adrenaline+1","Sucker Punch","Sucker Punch+1","Flechettes","Bullet Time","Dodge and Roll+1","Prepared","Quick Slash+1","Phantasmal Killer","Bouncing Flask+1"],"max_hp_per_floor":[70,70,70,70,70,70,70,70,70,70,70,70,70,70,70,70,70,70,70,70,70,70,70,70,70,70,70,70,70,70,70,70,70,70,70,70,70,70,70,70,70,70,70,70,70,70,70,70,70,70],"relics":["Ring of the Snake","Blood Vial","Letter Opener","Paper Crane","War Paint","Bag of Marbles","Mummified Hand","Lizard Tail","Toolbox","Enchiridion","Whetstone","Snake Skull","Ginger","Meat on the Bone","White Beast Statue","Thread and Needle","Red Mask","Calipers","Ice Cream","Pen Nib"],"card_choices":[{"not_picked":["Poisoned Stab","Backflip"],"picked":"Flechettes"},{"not_picked":["Acrobatics","Deadly Poison"],"picked":"Glass Knife"},{"not_picked":["Acrobatics","Slice"],"picked":"PiercingWail"},{"not_picked":["Glass Knife","Noxious Fumes"],"picked":"Terror"},{"not_picked":["Terror","Acrobatics"],"picked":"Deflect"},{"not_picked":["Infinite Blades","Poisoned Stab"],"picked":"Blur"},{"not_picked":["Leg Sweep","Slice"],"picked":"Tools of the Trade"},{"not_picked":["A Thousand Cuts","After Image"],"picked":"Venomology"},{"not_picked":["Backflip","Well Laid Plans"],"picked":"Terror"},{"not_picked":["Poisoned Stab","Bane"],"picked":"Prepared"},{"not_picked":["Dagger Throw","All Out Attack"],"picked":"Malaise"},{"not_picked":["Quick Slash","Caltrops"],"picked":"Outmaneuver"},{"not_picked":["Slice","Dash"],"picked":"Malaise"},{"not_picked":["Acrobatics","Infinite Blades"],"picked":"Wraith Form"},{"not_picked":["PiercingWail","Backflip"],"picked":"Blur"},{"not_picked":["Bullet Time","Corpse Explosion"],"picked":"Adrenaline"},{"not_picked":["Dagger Throw","Bane"],"picked":"Sucker Punch"},{"not_picked":["Backflip","Deadly Poison"],"picked":"Sucker Punch"},{"not_picked":["Deflect","Choke"],"picked":"Flechettes"},{"not_picked":["Backflip","Envenom"],"picked":"Bullet Time"},{"not_picked":["Poisoned Stab","Bane"],"picked":"Dodge and Roll"},{"not_picked":["Slice","Blade Dance"],"picked":"Quick Slash"},{"not_picked":["Sucker Punch","Deflect"],"picked":"Phantasmal Killer"},{"not_picked":["Endless Agony","After Image"],"picked":"Bouncing Flask"}],"player_experience":27935,"potions_floor_usage":[14,18,22,23,24,24,25,27,31,31,33,33,35,36,36,39,41,42,42,46,47,47,48,48,50,50,50],"damage_taken":[{"damage":2,"enemies":"Blue Slaver","floor":1,"turns":6},{"damage":0,"enemies":"2 Louse","floor":2,"turns":3},{"damage":4,"enemies":"Small Slimes","floor":4,"turns":3},{"damage":25,"enemies":"3 Sentries","floor":6,"turns":9},{"damage":14,"enemies":"Gremlin Nob","floor":12,"turns":3},{"damage":0,"enemies":"3 Louse","floor":13,"turns":2},{"damage":5,"enemies":"Lagavulin","floor":14,"turns":5},{"damage":32,"enemies":"The Guardian","floor":16,"turns":10},{"damage":11,"enemies":"2 Thieves","floor":18,"turns":4},{"damage":7,"enemies":"Spheric Guardian","floor":22,"turns":5},{"damage":16,"enemies":"Book of Stabbing","floor":23,"turns":6},{"damage":10,"enemies":"Snecko","floor":24,"turns":4},{"damage":21,"enemies":"Slavers","floor":25,"turns":6},{"damage":28,"enemies":"Chosen and Byrds","floor":27,"turns":10},{"damage":14,"enemies":"Book of Stabbing","floor":28,"turns":5},{"damage":8,"enemies":"Snake Plant","floor":31,"turns":5},{"damage":11,"enemies":"Collector","floor":33,"turns":8},{"damage":13,"enemies":"3 Darklings","floor":35,"turns":4},{"damage":15,"enemies":"Mysterious Sphere","floor":36,"turns":4},{"damage":0,"enemies":"Orb Walker","floor":39,"turns":2},{"damage":25,"enemies":"Giant Head","floor":41,"turns":13},{"damage":15,"enemies":"4 Shapes","floor":42,"turns":6},{"damage":3,"enemies":"3 Darklings","floor":46,"turns":5},{"damage":0,"enemies":"Sphere and 2 Shapes","floor":47,"turns":5},{"damage":0,"enemies":"2 Orb Walkers","floor":48,"turns":4},{"damage":34,"enemies":"Time Eater","floor":50,"turns":15}],"event_choices":[{"event_name":"Big Fish","player_choice":"Box","floor":3,"damage_taken":0},{"event_name":"Shining Light","player_choice":"Entered Light","floor":5,"damage_taken":0},{"event_name":"Transmorgrifier","player_choice":"Transform","floor":11,"damage_taken":0},{"event_name":"The Mausoleum","player_choice":"Yes","floor":20,"damage_taken":0},{"event_name":"Cursed Tome","player_choice":"Obtained Book","floor":21,"damage_taken":0},{"event_name":"Forgotten Altar","player_choice":"Smashed Altar","floor":29,"damage_taken":0},{"event_name":"Drug Dealer","player_choice":"Got JAXXED","floor":30,"damage_taken":0},{"event_name":"Mysterious Sphere","player_choice":"Fight","floor":36,"damage_taken":0},{"event_name":"The Lab","player_choice":"Got Potions","floor":37,"damage_taken":0},{"event_name":"Tomb of Lord Red Mask","player_choice":"Paid","floor":38,"damage_taken":0}],"boss_relics":[{"not_picked":["Cursed Key","Black Star"],"picked":"Lizard Tail"},{"not_picked":["Velvet Choker","The Specimen"],"picked":"White Beast Statue"}],"potions_floor_spawned":[1,12,13,18,23,27,28,33,35,36,39,41,42,46,47,48],"seed_played":"-6635226103271289110","ascension_level":0,"is_trial":false}