{"gold_per_floor":[114,126,376,391,63,94,94,114,114,32,61,79,97,107,107,207,207,219,96,96,110,121,121,146,146,170,185,60,73,73,84,84,84],"floor_reached":33,"playtime":3343,"items_purged":["Regret","Acrobatics","Masterful Stab"],"score":321,"play_id":"396c9382-28b1-4e49-ada6-6db473546592","local_time":"20180626211413","is_ascension_mode":true,"campfire_choices":[{"data":"Setup","floor":15,"key":"SMITH"},{"data":"Prepared","floor":23,"key":"SMITH"},{"data":"Noxious Fumes","floor":25,"key":"SMITH"},{"data":"Footwork","floor":30,"key":"SMITH"},{"data":"Tools of the Trade","floor":32,"key":"SMITH"}],"neow_cost":"NONE","seed_source_timestamp":13888317315765,"circlet_count":0,"master_deck":["Survivor","Neutralize","Acrobatics","Dash","Doppelganger","Acrobatics","Backstab","Footwork+1","Setup+1","Calculated Gamble","Noxious Fumes+1","Eviscerate","Glass Knife","Blade Dance","Slice","Prepared+1","Deadly Poison","Underhanded Strike","Acrobatics","PiercingWail","Dagger Throw","Prepared","Accuracy+1","Footwork","Underhanded Strike+1","Malaise","Tools of the Trade+1"],"relics":["Coffee Dripper","Question Card","Anchor","Odd Mushroom","Mummified Hand","Dead Branch","Pandora\u0027s Box","Lantern","Bag of Marbles"],"potions_floor_usage":[6,13,16,24,29,29],"damage_taken":[{"damage":0,"enemies":"Jaw Worm","floor":1,"turns":4},{"damage":0,"enemies":"Cultist","floor":2,"turns":4},{"damage":1,"enemies":"2 Louse","floor":4,"turns":4},{"damage":7,"enemies":"Lagavulin","floor":6,"turns":7},{"damage":13,"floor":8,"turns":5},{"damage":2,"enemies":"3 Sentries","floor":11,"turns":8},{"damage":0,"enemies":"Exordium Wildlife","floor":12,"turns":4},{"damage":0,"enemies":"Gremlin Gang","floor":13,"turns":4},{"damage":0,"enemies":"Large Slime","floor":14,"turns":4},{"damage":16,"enemies":"The Guardian","floor":16,"turns":9},{"damage":0,"enemies":"2 Thieves","floor":18,"turns":2},{"damage":0,"enemies":"3 Byrds","floor":21,"turns":3},{"damage":0,"enemies":"3 Cultists","floor":22,"turns":4},{"damage":11,"enemies":"Book of Stabbing","floor":24,"turns":4},{"damage":2,"enemies":"Snake Plant","floor":27,"turns":2},{"damage":9,"enemies":"Snecko","floor":29,"turns":4},{"damage":15,"enemies":"Cultist and Chosen","floor":31,"turns":4},{"damage":43,"enemies":"Automaton","floor":33,"turns":6}],"seed_played":"5103987780800487784","potions_obtained":[{"floor":4,"key":"PowerPotion"},{"floor":8,"key":"Poison Potion"},{"floor":11,"key":"SkillPotion"},{"floor":13,"key":"Explosive Potion"},{"floor":16,"key":"Block Potion"},{"floor":18,"key":"Ancient Potion"},{"floor":24,"key":"Energy Potion"},{"floor":27,"key":"Energy Potion"}],"is_trial":false,"path_per_floor":["M","M","?","M","$","E","?","?","T","$","E","M","M","M","R","B",null,"M","$","?","M","M","R","E","R","T","M","$","M","R","M","R"],"character_chosen":"THE_SILENT","items_purchased":["Question Card","Footwork","Dagger Throw"],"campfire_rested":0,"item_purchase_floors":[5,10,19],"current_hp_per_floor":[70,70,70,69,69,62,62,49,49,49,47,47,47,47,47,31,70,70,70,70,70,70,70,59,59,59,57,57,48,48,33,33,0],"gold":84,"neow_bonus":"BOSS_RELIC","is_prod":false,"is_daily":false,"chose_seed":false,"campfire_upgraded":5,"win_rate":0,"timestamp":1530065653,"path_taken":["M","M","?","M","$","E","?","?","T","$","E","M","M","M","R","BOSS","M","$","?","M","?","R","E","R","T","M","$","M","R","M","R","BOSS"],"build_version":"2018-06-21v2","purchased_purges":3,"victory":false,"max_hp_per_floor":[70,70,70,70,70,70,70,70,70,70,70,70,70,70,70,70,70,70,70,70,70,70,70,70,70,70,70,70,70,70,70,70,70],"card_choices":[{"not_picked":["Masterful Stab","Underhanded Strike"],"picked":"Acrobatics","floor":1},{"not_picked":["Choke","Riddle With Holes"],"picked":"Dash","floor":2},{"not_picked":["Outmaneuver","Riddle With Holes"],"picked":"Masterful Stab","floor":4},{"not_picked":["Backflip","Eviscerate","Outmaneuver"],"picked":"Doppelganger","floor":6},{"not_picked":["Accuracy","Noxious Fumes","Prepared"],"picked":"Backstab","floor":8},{"not_picked":["Dash","Finisher","Outmaneuver"],"picked":"Setup","floor":11},{"not_picked":["Prepared","Deflect","Outmaneuver"],"picked":"Calculated Gamble","floor":12},{"not_picked":["Flying Knee","Dagger Throw","Riddle With Holes"],"picked":"Noxious Fumes","floor":13},{"not_picked":["Backstab","Concentrate","Dagger Throw"],"picked":"Eviscerate","floor":14},{"not_picked":["After Image","Envenom","Grand Finale"],"picked":"Glass Knife","floor":16},{"not_picked":["Outmaneuver","Dagger Spray","Infinite Blades","Sucker Punch+1"],"picked":"SKIP","floor":18},{"not_picked":["Outmaneuver","Blade Dance","Prepared","Dagger Spray"],"picked":"SKIP","floor":21},{"not_picked":["Outmaneuver","Blade Dance","Dagger Spray"],"picked":"Prepared","floor":21},{"not_picked":["Dash","Flying Knee","Bouncing Flask"],"picked":"Accuracy+1","floor":22},{"not_picked":["Dodge and Roll","Backflip","Predator"],"picked":"Footwork","floor":24},{"not_picked":["Terror","Blur","Sucker Punch+1"],"picked":"Underhanded Strike+1","floor":27},{"not_picked":["Skewer","Poisoned Stab","PiercingWail"],"picked":"Malaise","floor":29},{"not_picked":["Backflip","Deadly Poison","Dodge and Roll"],"picked":"Tools of the Trade","floor":31}],"player_experience":256253,"relics_obtained":[{"floor":6,"key":"Anchor"},{"floor":8,"key":"Odd Mushroom"},{"floor":9,"key":"Mummified Hand"},{"floor":11,"key":"Dead Branch"},{"floor":24,"key":"Lantern"},{"floor":26,"key":"Bag of Marbles"}],"event_choices":[{"event_name":"Golden Shrine","player_choice":"Desecrate","floor":3,"damage_taken":0},{"event_name":"Transmorgrifier","player_choice":"Transform","floor":7,"damage_taken":0},{"event_name":"Mushrooms","player_choice":"Fought Mushrooms","floor":8,"damage_taken":0},{"event_name":"Purifier","player_choice":"One Purge","floor":20,"damage_taken":0}],"boss_relics":[{"not_picked":["Velvet Choker","Lizard Tail"],"picked":"Pandora\u0027s Box"}],"items_purged_floors":[5,19,28],"is_endless":false,"potions_floor_spawned":[4,8,11,13,16,18,24,27],"killed_by":"Automaton","ascension_level":3}