{"gold_per_floor":[109,122,122,122,140,140,171,171,171,198,209,209,225,242,242,337,337,355,79,97,22,22,48,48,81,81,81,91,91,111,7,7,111,111,125,142,160,160,175,175,206,206,206,233,233,263,282,28,28,28],"floor_reached":51,"playtime":2977,"items_purged":["Strike_G","Strike_G+1"],"score":981,"play_id":"25275ca7-93ed-441d-8e62-9a19cd6f32a2","local_time":"20190131232727","is_ascension_mode":true,"campfire_choices":[{"data":"Deflect","floor":6.0,"key":"SMITH"},{"data":"Poisoned Stab","floor":8.0,"key":"SMITH"},{"data":"Footwork","floor":12.0,"key":"SMITH"},{"data":"Poisoned Stab","floor":15.0,"key":"SMITH"},{"floor":24.0,"key":"REST"},{"data":"Bouncing Flask","floor":27.0,"key":"SMITH"},{"data":"Malaise","floor":29.0,"key":"SMITH"},{"data":"Deadly Poison","floor":32.0,"key":"SMITH"},{"data":"Burst","floor":40.0,"key":"SMITH"},{"floor":45.0,"key":"REST"},{"data":"Secret Technique","floor":49.0,"key":"SMITH"}],"neow_cost":"NONE","seed_source_timestamp":564466328827454,"circlet_count":0,"master_deck":["Defend_G","Defend_G","Defend_G","Defend_G","Defend_G","Strike_G+1","Strike_G","Strike_G","Survivor+1","Neutralize+1","Dagger Spray+1","Deflect+1","Poisoned Stab+1","Deflect","Footwork+1","Poisoned Stab+1","Blur","Malaise+1","PiercingWail","Leg Sweep","Backflip+1","Bane+1","Bouncing Flask+1","Deadly Poison+1","Footwork","Burst+1","Deadly Poison+1","Noxious Fumes+1","Crippling Poison","Secret Technique+1","Dodge and Roll"],"special_seed":0,"relics":["Ring of the Snake","Whetstone","Darkstone Periapt","Ornamental Fan","Mercury Hourglass","Velvet Choker","TwistedFunnel","Smiling Mask","The Courier","Dodecahedron","Lizard Tail","Bottled Lightning","Kunai","Question Card","Pear"],"potions_floor_usage":[50,50],"damage_taken":[{"damage":0.0,"enemies":"Small Slimes","floor":1.0,"turns":4.0},{"damage":1.0,"enemies":"Cultist","floor":2.0,"turns":3.0},{"damage":0.0,"enemies":"Jaw Worm","floor":5.0,"turns":3.0},{"damage":3.0,"enemies":"3 Sentries","floor":7.0,"turns":7.0},{"damage":7.0,"enemies":"Lagavulin","floor":10.0,"turns":4.0},{"damage":0.0,"enemies":"Looter","floor":11.0,"turns":2.0},{"damage":0.0,"enemies":"Large Slime","floor":13.0,"turns":3.0},{"damage":1.0,"enemies":"Gremlin Gang","floor":14.0,"turns":3.0},{"damage":2.0,"enemies":"The Guardian","floor":16.0,"turns":12.0},{"damage":3.0,"enemies":"Spheric Guardian","floor":18.0,"turns":6.0},{"damage":0.0,"enemies":"3 Byrds","floor":20.0,"turns":3.0},{"damage":21.0,"enemies":"Slavers","floor":23.0,"turns":6.0},{"damage":4.0,"enemies":"Gremlin Leader","floor":25.0,"turns":8.0},{"damage":0.0,"enemies":"3 Cultists","floor":28.0,"turns":4.0},{"damage":0.0,"enemies":"Snake Plant","floor":30.0,"turns":4.0},{"damage":22.0,"enemies":"Automaton","floor":33.0,"turns":12.0},{"damage":0.0,"enemies":"3 Shapes","floor":35.0,"turns":5.0},{"damage":0.0,"enemies":"3 Darklings","floor":36.0,"turns":6.0},{"damage":3.0,"enemies":"Writhing Mass","floor":37.0,"turns":5.0},{"damage":17.0,"enemies":"4 Shapes","floor":39.0,"turns":6.0},{"damage":32.0,"enemies":"Giant Head","floor":41.0,"turns":9.0},{"damage":27.0,"enemies":"Reptomancer","floor":44.0,"turns":9.0},{"damage":2.0,"enemies":"Nemesis","floor":46.0,"turns":7.0},{"damage":3.0,"enemies":"3 Darklings","floor":47.0,"turns":4.0},{"damage":37,"enemies":"Donu and Deca","floor":50,"turns":11}],"seed_played":"-8454690798542946934","potions_obtained":[{"floor":1.0,"key":"SpeedPotion"},{"floor":2.0,"key":"Strength Potion"},{"floor":7.0,"key":"GhostInAJar"},{"floor":14.0,"key":"Weak Potion"},{"floor":18.0,"key":"Dexterity Potion"},{"floor":46.0,"key":"Block Potion"},{"floor":47.0,"key":"Explosive Potion"}],"is_trial":false,"path_per_floor":["M","M","?","?","M","R","E","R","T","E","M","R","M","M","R","B",null,"M","$","M","$","?","E","R","E","T","R","M","R","M","$","R","B",null,"M","M","M","?","M","R","E","?","T","E","R","E","M","$","R","B",null],"character_chosen":"THE_SILENT","items_purchased":["TwistedFunnel","Leg Sweep","Deadly Poison","Footwork","Secret Technique","Weak Potion","Dodge and Roll"],"campfire_rested":2,"item_purchase_floors":[19,19,31,31,48,48,48],"current_hp_per_floor":[63,62,48,48,48,48,45,45,45,38,38,38,38,37,37,35,61,58,58,58,58,58,37,58,54,54,54,54,54,54,54,54,32,61,61,61,58,58,41,41,9,61,61,34,52,60,57,57,57,20],"gold":28,"neow_bonus":"RANDOM_COMMON_RELIC","is_prod":false,"is_daily":false,"chose_seed":false,"campfire_upgraded":9,"win_rate":0,"timestamp":1548973647,"path_taken":["M","M","?","?","M","R","E","R","T","E","M","R","M","?","R","BOSS","M","?","M","$","?","E","R","E","T","R","M","R","M","$","R","BOSS","BOSS","M","M","M","?","M","R","E","?","T","E","R","E","M","$","R","BOSS"],"build_version":"2019-01-23","purchased_purges":2,"victory":true,"max_hp_per_floor":[70,70,70,70,70,70,70,70,70,70,70,70,70,70,70,70,70,70,70,70,70,70,70,70,70,70,70,70,70,70,70,70,70,70,70,70,70,70,70,70,70,61,61,61,61,71,71,71,71,71],"card_choices":[{"not_picked":["Finisher","Leg Sweep"],"picked":"Dagger Spray","floor":1.0},{"not_picked":["Prepared","Catalyst"],"picked":"Deflect","floor":2.0},{"not_picked":["Venomology","Choke","Prepared"],"picked":"SKIP","floor":5.0},{"not_picked":["Dodge and Roll","Dagger Throw"],"picked":"Poisoned Stab","floor":7.0},{"not_picked":["Venomology","Quick Slash"],"picked":"Deflect","floor":10.0},{"not_picked":["Underhanded Strike","Skewer"],"picked":"Footwork","floor":11.0},{"not_picked":["Dagger Throw","Malaise"],"picked":"Poisoned Stab","floor":13.0},{"not_picked":["Dodge and Roll","Finisher"],"picked":"Blur","floor":14.0},{"not_picked":["Tools of the Trade","Doppelganger"],"picked":"Malaise","floor":16.0},{"not_picked":["Flying Knee","Dagger Throw+1"],"picked":"PiercingWail","floor":18.0},{"not_picked":["Backstab","Finisher"],"picked":"Backflip+1","floor":20.0},{"not_picked":["Distraction+1","Blade Dance+1"],"picked":"Bane+1","floor":23.0},{"not_picked":["PiercingWail","Footwork+1"],"picked":"Bouncing Flask","floor":25.0},{"not_picked":["Quick Slash+1","Bane","Blade Dance+1"],"picked":"SKIP","floor":28.0},{"not_picked":["Quick Slash+1","Bane","Blade Dance+1"],"picked":"SKIP","floor":28.0},{"not_picked":["Skewer","Cloak And Dagger","Storm of Steel"],"picked":"SKIP","floor":30.0},{"not_picked":["After Image","Venomology"],"picked":"Burst","floor":33.0},{"not_picked":["Backflip+1","Deflect","PiercingWail+1"],"picked":"SKIP","floor":35.0},{"not_picked":["Bullet Time","Skewer","Outmaneuver"],"picked":"SKIP","floor":36.0},{"not_picked":["Deflect+1","Masterful Stab"],"picked":"Deadly Poison+1","floor":37.0},{"not_picked":["Reflex","Deflect","Prepared+1"],"picked":"SKIP","floor":39.0},{"not_picked":["Reflex","Deflect","Prepared+1"],"picked":"SKIP","floor":39.0},{"not_picked":["Deflect","Finisher","Dagger Spray"],"picked":"SKIP","floor":41.0},{"not_picked":["Underhanded Strike","Acrobatics","Deflect+1"],"picked":"SKIP","floor":44.0},{"not_picked":["Skewer+1","Tactician+1","All Out Attack"],"picked":"Noxious Fumes+1","floor":46.0},{"not_picked":["Sucker Punch+1","A Thousand Cuts","Deadly Poison+1"],"picked":"Crippling Poison","floor":47.0}],"player_experience":220029,"relics_obtained":[{"floor":7.0,"key":"Darkstone Periapt"},{"floor":9.0,"key":"Ornamental Fan"},{"floor":10.0,"key":"Mercury Hourglass"},{"floor":23.0,"key":"Smiling Mask"},{"floor":25.0,"key":"The Courier"},{"floor":26.0,"key":"Dodecahedron"},{"floor":41.0,"key":"Bottled Lightning"},{"floor":43.0,"key":"Kunai"},{"floor":44.0,"key":"Question Card"},{"floor":46.0,"key":"Pear"}],"event_choices":[{"damage_healed":0.0,"max_hp_gain":0.0,"max_hp_loss":0.0,"gold_gain":0.0,"event_name":"Shining Light","player_choice":"Entered Light","floor":3.0,"gold_loss":0.0,"damage_taken":14.0,"cards_upgraded":["Survivor","Neutralize"]},{"damage_healed":0.0,"max_hp_gain":0.0,"max_hp_loss":0.0,"gold_gain":0.0,"event_name":"Upgrade Shrine","player_choice":"Upgraded","floor":4.0,"gold_loss":0.0,"damage_taken":0.0,"cards_upgraded":["Dagger Spray"]},{"damage_healed":0.0,"max_hp_gain":0.0,"max_hp_loss":0.0,"gold_gain":0.0,"event_name":"Ghosts","player_choice":"Ignored","floor":22.0,"gold_loss":0.0,"damage_taken":0.0},{"damage_healed":0.0,"max_hp_gain":0.0,"max_hp_loss":0.0,"gold_gain":0.0,"event_name":"Tomb of Lord Red Mask","player_choice":"Ignored","floor":38.0,"gold_loss":0.0,"damage_taken":0.0},{"damage_healed":61.0,"max_hp_gain":0.0,"max_hp_loss":9.0,"gold_gain":0.0,"event_name":"The Moai Head","player_choice":"Heal","floor":42.0,"gold_loss":0.0,"damage_taken":0.0}],"is_beta":false,"boss_relics":[{"not_picked":["WristBlade","Pandora\u0027s Box"],"picked":"Velvet Choker"},{"not_picked":["Empty Cage","Sozu"],"picked":"Lizard Tail"}],"items_purged_floors":[21,48],"is_endless":false,"potions_floor_spawned":[1,2,7,14,16,18,20,30,35,46,47],"ascension_level":6}