{"path_per_floor":["M","?","$","M","M","E","R","?","T","R","E","R","M","$","R","B",null,"M","M","$","?","M","R","E","M","T","M","R","E","R","M","R","B",null,"M","?","M","M","$","R","M","R","T","?","M","?","M"],"character_chosen":"THE_SILENT","items_purchased":["Oddly Smooth Stone","Noxious Fumes","Deflect","Poisoned Stab","Envenom","Deadly Poison","Regen Potion","Regen Potion"],"gold_per_floor":[147,147,147,164,174,204,204,204,259,259,288,288,308,164,164,267,267,280,296,97,97,115,115,149,166,166,183,183,210,210,224,224,328,328,342,342,362,373,14,14,27,27,27,27,38,38,48,48],"floor_reached":48,"campfire_rested":8,"playtime":4483,"current_hp_per_floor":[66,59,59,59,57,29,54,54,54,54,2,27,18,18,43,14,84,84,84,84,84,62,62,51,33,33,32,57,21,46,44,69,38,91,61,61,17,12,12,39,31,58,58,81,59,59,20,0],"items_purged":["Strike_G","Normality"],"gold":48,"score":730,"play_id":"7bdc0d7c-598d-4379-b505-760920481fb9","local_time":"20180409233201","is_prod":false,"is_daily":false,"is_ascension_mode":true,"campfire_upgraded":2,"timestamp":1523341921,"path_taken":["M","?","$","M","?","E","R","?","T","R","E","R","M","?","R","BOSS","M","M","$","?","M","R","E","M","T","?","R","E","R","M","R","BOSS","M","?","M","M","$","R","M","R","T","?","M","?","M","M"],"build_version":"2018-04-05v2","purchased_purges":2,"victory":false,"master_deck":["Defend_G","Defend_G","Defend_G","Defend_G","Defend_G","Strike_G","Strike_G","Strike_G","Survivor+1","Neutralize","Backflip","Prepared","Neutralize","Adrenaline","Bouncing Flask","Poisoned Stab","Noxious Fumes","Deflect","Corpse Explosion","Footwork+1","Poisoned Stab","Parasite","Bane","Escape Plan+1","Poisoned Stab+1","Injury","Decay","Deflect+1","Prepared","Poisoned Stab","Envenom","Deadly Poison","Adrenaline","Deadly Poison","Bane+1","Decay","Writhe","Normality","Poisoned Stab+1"],"max_hp_per_floor":[70,70,70,70,70,84,84,84,84,84,84,84,84,84,84,84,84,84,84,84,84,84,84,84,84,84,84,84,84,84,84,84,84,91,91,91,91,91,91,91,91,91,91,91,91,91,91,91],"relics":["Ring of the Snake","Tiny Chest","Mango","Snake Skull","Matryoshka","Oddly Smooth Stone","Cursed Key","Smiling Mask","Anchor","Bronze Scales","Happy Flower","Calling Bell","Dream Catcher","Strawberry","Dead Branch","Ornamental Fan","Tingsha","Shuriken"],"card_choices":[{"not_picked":["Underhanded Strike","Bane"],"picked":"Backflip","floor":4},{"not_picked":["Concentrate","PiercingWail"],"picked":"Prepared","floor":5},{"not_picked":["Wraith Form","Phantasmal Killer"],"picked":"Adrenaline","floor":16},{"not_picked":["Poisoned Stab","Quick Slash"],"picked":"Bouncing Flask","floor":18},{"not_picked":["Backflip","Cloak And Dagger"],"picked":"Poisoned Stab","floor":19},{"not_picked":["Outmaneuver","Acrobatics"],"picked":"Footwork","floor":22},{"not_picked":["Sucker Punch","Concentrate"],"picked":"Poisoned Stab","floor":25},{"not_picked":["Setup","Poisoned Stab"],"picked":"Bane","floor":27},{"not_picked":["Unload","Backflip"],"picked":"Escape Plan","floor":29},{"not_picked":["Prepared","Caltrops"],"picked":"Poisoned Stab","floor":31},{"not_picked":["Poisoned Stab","Dagger Spray"],"picked":"Deflect","floor":37},{"not_picked":["Predator","Flying Knee"],"picked":"Prepared","floor":38},{"not_picked":["Slice","Outmaneuver"],"picked":"Adrenaline","floor":40},{"not_picked":["Flechettes","Blade Dance"],"picked":"Deadly Poison","floor":41},{"not_picked":["Backflip","Quick Slash"],"picked":"Bane","floor":42},{"not_picked":["Acrobatics","Quick Slash"],"picked":"Poisoned Stab","floor":47}],"player_experience":248657,"potions_floor_usage":[16,24,24,27,33,33,38,41,48,48],"damage_taken":[{"damage":4,"enemies":"2 Louse","floor":1,"turns":4},{"damage":0,"enemies":"Small Slimes","floor":4,"turns":5},{"damage":2,"enemies":"Cultist","floor":5,"turns":4},{"damage":42,"enemies":"3 Sentries","floor":6,"turns":17},{"damage":52,"enemies":"Gremlin Nob","floor":11,"turns":7},{"damage":9,"enemies":"Large Slime","floor":13,"turns":10},{"damage":29,"enemies":"The Guardian","floor":16,"turns":31},{"damage":0,"enemies":"3 Byrds","floor":18,"turns":8},{"damage":0,"enemies":"Shell Parasite","floor":19,"turns":5},{"damage":22,"enemies":"Cultist and Chosen","floor":22,"turns":8},{"damage":26,"enemies":"Slavers","floor":24,"turns":7},{"damage":18,"enemies":"Snake Plant","floor":25,"turns":5},{"damage":1,"enemies":"Snecko","floor":27,"turns":5},{"damage":36,"enemies":"Gremlin Leader","floor":29,"turns":6},{"damage":2,"enemies":"Centurion and Healer","floor":31,"turns":6},{"damage":31,"enemies":"Collector","floor":33,"turns":9},{"damage":30,"enemies":"Orb Walker","floor":35,"turns":5},{"damage":44,"enemies":"3 Darklings","floor":37,"turns":5},{"damage":5,"enemies":"Sphere and 2 Shapes","floor":38,"turns":4},{"damage":17,"enemies":"4 Shapes","floor":41,"turns":3},{"damage":22,"enemies":"Maw","floor":45,"turns":6},{"damage":39,"enemies":"Sphere and 2 Shapes","floor":47,"turns":7},{"damage":30,"enemies":"3 Darklings","floor":48,"turns":3}],"event_choices":[{"event_name":"Golden Wing","player_choice":"Card Removal","floor":2,"damage_taken":0},{"event_name":"Match and Keep!","player_choice":"1 cards matched","floor":8,"damage_taken":0},{"event_name":"Match and Keep!","player_choice":"1 cards matched","floor":21,"damage_taken":0},{"event_name":"Match and Keep!","player_choice":"0 cards matched","floor":36,"damage_taken":0},{"event_name":"Winding Halls","player_choice":"Writhe","floor":44,"damage_taken":0},{"event_name":"Accursed Blacksmith","player_choice":"Rummage","floor":46,"damage_taken":0}],"boss_relics":[{"not_picked":["Astrolabe","Philosopher\u0027s Stone"],"picked":"Cursed Key"},{"not_picked":["Lizard Tail","Orrery"],"picked":"Calling Bell"}],"potions_floor_spawned":[11,13,16,18,19,24,29,33,38,41,45],"seed_played":"5397304433923115725","killed_by":"3 Darklings","ascension_level":3,"is_trial":false}