{"gold_per_floor":[118,118,137,62,81,110,110,136,136,136,146,17,67,97,97,97],"floor_reached":16,"playtime":1034,"items_purged":["Strike_R"],"score":230,"play_id":"f1f97e3c-4e5a-448f-94b9-42c534f8463c","local_time":"20190410151515","is_ascension_mode":true,"campfire_choices":[{"data":"Bash","floor":7,"key":"SMITH"},{"data":"True Grit","floor":15,"key":"SMITH"}],"neow_cost":"NONE","seed_source_timestamp":8922592849509,"circlet_count":0,"master_deck":["AscendersBane","Strike_R","Strike_R","Strike_R","Defend_R","Defend_R","Defend_R","Defend_R","Bash+1","Hemokinesis","Feel No Pain","True Grit+1","Thunderclap","Shrug It Off","Cleave"],"relics":["Burning Blood","NeowsBlessing","Ornamental Fan","Kunai","Gremlin Horn","Singing Bowl"],"potions_floor_usage":[6,6,16,16],"damage_taken":[{"damage":0,"enemies":"Small Slimes","floor":1,"turns":1},{"damage":0,"enemies":"Cultist","floor":3,"turns":1},{"damage":0,"enemies":"2 Louse","floor":5,"turns":2},{"damage":31,"enemies":"Gremlin Nob","floor":6,"turns":5},{"damage":35,"enemies":"Lagavulin","floor":8,"turns":6},{"damage":7,"enemies":"Looter","floor":11,"turns":3},{"damage":22,"enemies":"3 Sentries","floor":14,"turns":17},{"damage":29,"enemies":"Slime Boss","floor":16,"turns":6}],"seed_played":"2165501845390429464","potions_obtained":[{"floor":2,"key":"SneckoOil"},{"floor":2,"key":"SkillPotion"},{"floor":5,"key":"Ancient Potion"},{"floor":11,"key":"Weak Potion"}],"is_trial":false,"path_per_floor":["M","?","M","?","M","E","R","E","T","?","M","$","?","E","R","B"],"character_chosen":"IRONCLAD","items_purchased":["SteroidPotion"],"campfire_rested":0,"item_purchase_floors":[12],"current_hp_per_floor":[74,74,75,75,75,50,50,21,21,46,45,45,45,29,29,0],"gold":97,"neow_bonus":"THREE_ENEMY_KILL","is_prod":false,"is_daily":false,"chose_seed":false,"campfire_upgraded":2,"win_rate":0,"timestamp":1554927315,"path_taken":["M","?","?","?","M","E","R","E","T","?","M","$","?","E","R","BOSS"],"build_version":"2019-01-23","purchased_purges":1,"victory":false,"max_hp_per_floor":[75,75,75,75,75,75,75,75,75,75,75,75,75,75,75,75],"card_choices":[{"not_picked":["Wild Strike","Sword Boomerang"],"picked":"Hemokinesis","floor":1},{"not_picked":["Clash","Second Wind"],"picked":"Feel No Pain","floor":3},{"not_picked":["Sentinel","Thunderclap"],"picked":"True Grit","floor":5},{"not_picked":["Exhume","Iron Wave"],"picked":"Thunderclap","floor":6},{"not_picked":["Corruption","Rage"],"picked":"Shrug It Off","floor":8},{"not_picked":["Searing Blow","Heavy Blade","Clothesline"],"picked":"SKIP","floor":11},{"not_picked":["Iron Wave","Havoc"],"picked":"Cleave","floor":14}],"player_experience":719472,"relics_obtained":[{"floor":6,"key":"Ornamental Fan"},{"floor":8,"key":"Kunai"},{"floor":9,"key":"Gremlin Horn"},{"floor":14,"key":"Singing Bowl"}],"event_choices":[{"damage_healed":0,"gold_gain":0,"player_choice":"Got Potions","damage_taken":0,"max_hp_gain":0,"max_hp_loss":0,"event_name":"Lab","floor":2,"gold_loss":0},{"cards_removed":["Strike_R"],"damage_healed":0,"gold_gain":0,"player_choice":"Card Removal","damage_taken":0,"max_hp_gain":0,"max_hp_loss":0,"event_name":"The Cleric","floor":4,"gold_loss":75},{"damage_healed":25,"gold_gain":0,"player_choice":"Banana","damage_taken":0,"max_hp_gain":0,"max_hp_loss":0,"event_name":"Big Fish","floor":10,"gold_loss":0},{"damage_healed":0,"gold_gain":50,"player_choice":"Pray","damage_taken":0,"max_hp_gain":0,"max_hp_loss":0,"event_name":"Golden Shrine","floor":13,"gold_loss":0}],"is_beta":false,"boss_relics":[],"items_purged_floors":[12],"is_endless":false,"potions_floor_spawned":[5,11,14],"killed_by":"Slime Boss","ascension_level":19}