{"gold_per_floor":[359,375,277,290,300,300,331,331,354,368,383,383,427,442,442,567,567,585,598,621,644,658,691,691,691],"floor_reached":25,"playtime":1546,"items_purged":["Normality"],"score":239,"play_id":"35d7c9e8-4004-4fbe-b991-8b8a2f0a6c4c","local_time":"20181015191558","is_ascension_mode":false,"campfire_choices":[{"data":"Blade Dance","floor":6,"key":"SMITH"},{"floor":12,"key":"REST"},{"data":"Terror","floor":15,"key":"SMITH"}],"neow_cost":"CURSE","seed_source_timestamp":8791013113778,"circlet_count":0,"master_deck":["Defend_G","Defend_G","Defend_G","Defend_G","Defend_G","Strike_G","Strike_G","Strike_G","Strike_G","Strike_G","Survivor","Neutralize","Crippling Poison","Leg Sweep","Dagger Spray","Infinite Blades","Blade Dance+1","PiercingWail","Terror+1","Poisoned Stab","Dash","Well Laid Plans","Cloak And Dagger","Blur","Blade Dance+1","Deadly Poison","Backstab","Poisoned Stab"],"relics":["Ring of the Snake","Dream Catcher","Golden Idol","Centennial Puzzle","Bag of Marbles","Black Star","Blue Candle","Molten Egg 2","Thread and Needle"],"potions_floor_usage":[10,23,23],"damage_taken":[{"damage":0,"enemies":"Cultist","floor":1,"turns":5},{"damage":0,"enemies":"2 Louse","floor":2,"turns":3},{"damage":0,"enemies":"Jaw Worm","floor":4,"turns":5},{"damage":9,"enemies":"Exordium Wildlife","floor":5,"turns":4},{"damage":22,"enemies":"Lagavulin","floor":7,"turns":10},{"damage":2,"enemies":"Gremlin Gang","floor":10,"turns":3},{"damage":2,"enemies":"2 Fungi Beasts","floor":11,"turns":3},{"damage":21,"enemies":"Gremlin Nob","floor":13,"turns":5},{"damage":1,"enemies":"Red Slaver","floor":14,"turns":5},{"damage":4,"enemies":"The Guardian","floor":16,"turns":11},{"damage":2,"enemies":"Chosen","floor":18,"turns":6},{"damage":11,"enemies":"3 Byrds","floor":19,"turns":6},{"damage":9,"enemies":"3 Cultists","floor":20,"turns":6},{"damage":17,"enemies":"Sentry and Sphere","floor":21,"turns":5},{"damage":9,"enemies":"Centurion and Healer","floor":22,"turns":10},{"damage":20,"enemies":"Slavers","floor":23,"turns":6},{"damage":6,"enemies":"Snake Plant","floor":25,"turns":1}],"seed_played":"-4391916244339309222","potions_obtained":[{"floor":2,"key":"SteroidPotion"},{"floor":4,"key":"SpeedPotion"},{"floor":7,"key":"EssenceOfSteel"},{"floor":14,"key":"Energy Potion"},{"floor":16,"key":"Weak Potion"},{"floor":20,"key":"Explosive Potion"},{"floor":23,"key":"Weak Potion"}],"is_trial":false,"path_per_floor":["M","M","$","M","M","R","E","?","T","M","M","R","E","M","R","B",null,"M","M","M","M","M","E","?"],"character_chosen":"THE_SILENT","items_purchased":["Dagger Spray"],"campfire_rested":1,"item_purchase_floors":[3],"current_hp_per_floor":[70,70,70,70,61,61,39,22,22,20,18,39,18,17,17,13,70,68,57,48,31,22,2,2,0],"gold":691,"neow_bonus":"TWO_FIFTY_GOLD","is_prod":false,"is_daily":false,"chose_seed":false,"campfire_upgraded":2,"win_rate":0,"timestamp":1539656158,"path_taken":["M","M","$","M","M","R","E","?","T","M","M","R","E","M","R","BOSS","M","M","M","M","M","E","?","M"],"build_version":"2018-10-11","purchased_purges":1,"victory":false,"max_hp_per_floor":[70,70,70,70,70,70,70,70,70,70,70,70,70,70,70,70,70,70,70,70,70,70,70,70,70],"card_choices":[{"not_picked":["Predator","Blade Dance"],"picked":"Crippling Poison","floor":1},{"not_picked":["Deflect","Prepared"],"picked":"Leg Sweep","floor":2},{"not_picked":["PiercingWail","Dagger Throw"],"picked":"Infinite Blades","floor":4},{"not_picked":["Bane","Skewer"],"picked":"Blade Dance","floor":5},{"not_picked":["Night Terror","Slice"],"picked":"PiercingWail","floor":7},{"not_picked":["Concentrate","Deflect"],"picked":"Terror","floor":10},{"not_picked":["Underhanded Strike","Terror"],"picked":"Poisoned Stab","floor":11},{"not_picked":["Dagger Spray","Sucker Punch"],"picked":"Dash","floor":12},{"not_picked":["Leg Sweep","Endless Agony"],"picked":"Well Laid Plans","floor":13},{"not_picked":["Well Laid Plans","PiercingWail"],"picked":"Cloak And Dagger","floor":14},{"not_picked":["Underhanded Strike+1","Riddle With Holes"],"picked":"Blur","floor":18},{"not_picked":["Infinite Blades","Reflex+1"],"picked":"Blade Dance+1","floor":19},{"not_picked":["PiercingWail","Dagger Spray"],"picked":"Deadly Poison","floor":20},{"not_picked":["Cloak And Dagger+1","Dagger Throw"],"picked":"Backstab","floor":21},{"not_picked":["Bane","All Out Attack"],"picked":"Poisoned Stab","floor":22},{"not_picked":["Quick Slash","Flying Knee","Tactician"],"picked":"SKIP","floor":23}],"player_experience":937535,"relics_obtained":[{"floor":7,"key":"Dream Catcher"},{"floor":9,"key":"Centennial Puzzle"},{"floor":13,"key":"Bag of Marbles"},{"floor":23,"key":"Blue Candle"},{"floor":23,"key":"Molten Egg 2"}],"event_choices":[{"event_name":"Golden Idol","player_choice":"Take Damage","floor":8,"damage_taken":0},{"event_name":"WeMeetAgain","player_choice":"Potion","floor":24,"damage_taken":0}],"is_beta":false,"boss_relics":[{"not_picked":["Lizard Tail","Velvet Choker"],"picked":"Black Star"}],"items_purged_floors":[3],"is_endless":false,"potions_floor_spawned":[2,4,7,14,16,19,20,23],"killed_by":"Snake Plant","ascension_level":0}