{"gold_per_floor":[110,124,49,59,59,94,94,104,127,127,127,127,144,172,172,269,269,288,288,42,42,60,87,87,120,145,175,175,175],"floor_reached":29,"playtime":2294,"items_purged":["Strike_R","Strike_R"],"score":429,"play_id":"1bbb5451-e778-47f1-8822-9c635b3abe3d","local_time":"20190128184941","is_ascension_mode":true,"campfire_choices":[{"data":"Barricade","floor":7.0,"key":"SMITH"},{"data":"Armaments","floor":10.0,"key":"SMITH"},{"data":"Combust","floor":12.0,"key":"SMITH"},{"data":"Body Slam","floor":15.0,"key":"SMITH"},{"data":"Pommel Strike","floor":24.0,"key":"SMITH"}],"neow_cost":"NONE","seed_source_timestamp":13834852966303,"circlet_count":0,"master_deck":["AscendersBane","Strike_R+1","Strike_R","Defend_R","Defend_R+1","Defend_R","Defend_R","Bash","Finesse+1","Combust+1","Shrug It Off","Barricade+1","Feed","Armaments+1","Body Slam+1","Double Tap","Shrug It Off","Body Slam","Pommel Strike+1"],"special_seed":0,"relics":["Burning Blood","Dream Catcher","Juzu Bracelet","Lantern","Mark of Pain","PreservedInsect","Dead Branch","Anchor","Tiny Chest"],"potions_floor_usage":[],"damage_taken":[{"damage":4.0,"enemies":"Cultist","floor":1.0,"turns":3.0},{"damage":6.0,"enemies":"Jaw Worm","floor":2.0,"turns":4.0},{"damage":1.0,"enemies":"2 Louse","floor":4.0,"turns":4.0},{"damage":22.0,"enemies":"Gremlin Nob","floor":6.0,"turns":5.0},{"damage":26.0,"enemies":"Gremlin Gang","floor":8.0,"turns":4.0},{"damage":11.0,"enemies":"2 Fungi Beasts","floor":13.0,"turns":4.0},{"damage":23.0,"enemies":"3 Sentries","floor":14.0,"turns":6.0},{"damage":37.0,"enemies":"Hexaghost","floor":16.0,"turns":13.0},{"damage":10.0,"enemies":"Chosen","floor":18.0,"turns":8.0},{"damage":4.0,"enemies":"3 Byrds","floor":22.0,"turns":5.0},{"damage":30.0,"enemies":"Slavers","floor":23.0,"turns":6.0},{"damage":17.0,"enemies":"Book of Stabbing","floor":25.0,"turns":4.0},{"damage":27,"enemies":"Shelled Parasite and Fungi","floor":29,"turns":4}],"seed_played":"-483959026962144196","potions_obtained":[{"floor":2.0,"key":"SkillPotion"},{"floor":4.0,"key":"Block Potion"},{"floor":6.0,"key":"SteroidPotion"},{"floor":23.0,"key":"FearPotion"}],"is_trial":false,"path_per_floor":["M","M","$","M","?","E","R","M","T","R","?","R","M","E","R","B",null,"M","?","$","?","M","E","R","E","T","?","?","M"],"character_chosen":"IRONCLAD","items_purchased":["Shrug It Off","Block Potion","AttackPotion"],"campfire_rested":0,"item_purchase_floors":[20,20,20],"current_hp_per_floor":[74,74,74,79,63,47,47,30,30,30,57,57,52,39,39,8,67,66,66,66,66,71,47,47,36,36,36,18,0],"gold":175,"neow_bonus":"RANDOM_COLORLESS","is_prod":false,"is_daily":false,"chose_seed":false,"campfire_upgraded":5,"win_rate":0,"timestamp":1548722981,"path_taken":["M","M","$","M","?","E","R","M","T","R","?","R","M","E","R","BOSS","M","?","$","?","M","E","R","E","T","?","?","M"],"build_version":"2019-01-23","purchased_purges":2,"victory":false,"max_hp_per_floor":[80,80,80,80,80,80,80,83,83,83,83,83,83,87,87,87,87,90,90,90,90,93,93,93,93,93,93,98,101],"card_choices":[{"not_picked":["Cleave","Pummel"],"picked":"Combust","floor":1.0},{"not_picked":["Clash","Intimidate"],"picked":"Shrug It Off","floor":2.0},{"not_picked":["Feel No Pain","Iron Wave"],"picked":"Barricade","floor":4.0},{"not_picked":["Fire Breathing","Havoc"],"picked":"Feed","floor":6.0},{"not_picked":["Cleave","Wild Strike"],"picked":"Armaments","floor":8.0},{"not_picked":["Rampage","Second Wind","Searing Blow"],"picked":"SKIP","floor":13.0},{"not_picked":["Disarm","Heavy Blade"],"picked":"Body Slam","floor":14.0},{"not_picked":["Dark Embrace","Immolate"],"picked":"Double Tap","floor":16.0},{"not_picked":["Power Through","Havoc","Twin Strike+1"],"picked":"SKIP","floor":18.0},{"not_picked":["Anger","Perfected Strike"],"picked":"Body Slam","floor":22.0},{"not_picked":["Headbutt","Thunderclap"],"picked":"Pommel Strike","floor":23.0},{"not_picked":["Cleave","Rage+1","Uppercut+1"],"picked":"SKIP","floor":25.0},{"not_picked":["Cleave","Rage+1","Uppercut+1"],"picked":"SKIP","floor":25.0}],"player_experience":508854,"relics_obtained":[{"floor":6.0,"key":"Dream Catcher"},{"floor":9.0,"key":"Juzu Bracelet"},{"floor":14.0,"key":"Lantern"},{"floor":23.0,"key":"PreservedInsect"},{"floor":25.0,"key":"Dead Branch"},{"floor":26.0,"key":"Anchor"}],"event_choices":[{"damage_healed":0.0,"max_hp_gain":0.0,"max_hp_loss":0.0,"gold_gain":0.0,"event_name":"Shining Light","player_choice":"Entered Light","floor":5.0,"gold_loss":0.0,"damage_taken":16.0,"cards_upgraded":["Strike_R","Defend_R"]},{"damage_healed":27.0,"max_hp_gain":0.0,"max_hp_loss":0.0,"gold_gain":0.0,"event_name":"Big Fish","player_choice":"Banana","floor":11.0,"gold_loss":0.0,"damage_taken":0.0},{"damage_healed":0.0,"max_hp_gain":0.0,"max_hp_loss":0.0,"gold_gain":0.0,"event_name":"Accursed Blacksmith","player_choice":"Forge","floor":19.0,"gold_loss":0.0,"damage_taken":0.0,"cards_upgraded":["Finesse"]},{"cards_removed":["Strike_R"],"damage_healed":0.0,"max_hp_gain":0.0,"max_hp_loss":0.0,"gold_gain":0.0,"event_name":"Back to Basics","player_choice":"Elegance","floor":21.0,"gold_loss":0.0,"damage_taken":0.0},{"damage_healed":0.0,"max_hp_gain":0.0,"max_hp_loss":0.0,"gold_gain":0.0,"event_name":"The Mausoleum","player_choice":"Opened","floor":27.0,"gold_loss":0.0,"damage_taken":0.0,"relics_obtained":["Tiny Chest"]},{"damage_healed":0.0,"max_hp_gain":5.0,"max_hp_loss":0.0,"gold_gain":0.0,"event_name":"Forgotten Altar","player_choice":"Shed Blood","floor":28.0,"gold_loss":0.0,"damage_taken":23.0}],"is_beta":false,"boss_relics":[{"not_picked":["Runic Cube","Busted Crown"],"picked":"Mark of Pain"}],"items_purged_floors":[3,20],"is_endless":false,"potions_floor_spawned":[2,4,6,23],"killed_by":"Shelled Parasite and Fungi","ascension_level":10}