{"gold_per_floor":[113,113,132,150,162,162,190,190,214,248,248,248,18,18,18,119,119,129,144,161,86,86,117,117,130,130,157,170,205,222,222],"floor_reached":31,"playtime":2097,"items_purged":["Strike_B"],"score":391,"play_id":"c17706ae-6585-410a-a2c6-1fcc5da6fac6","local_time":"20180725132911","is_ascension_mode":true,"campfire_choices":[{"data":"Zap","floor":6.0,"key":"SMITH"},{"data":"Dualcast","floor":8.0,"key":"SMITH"},{"data":"Ball Lightning","floor":11.0,"key":"SMITH"},{"data":"Ball Lightning","floor":15.0,"key":"SMITH"},{"floor":24.0,"key":"REST"}],"neow_cost":"NONE","seed_source_timestamp":0,"circlet_count":0,"master_deck":["Strike_B+1","Defend_B","Defend_B+1","Defend_B","Defend_B","Zap+1","Dualcast+1","Undo","BootSequence","Cold Snap","Ball Lightning+1","Cold Snap","Ball Lightning+1","Echo Form","Core Surge","Conserve Battery","Loop","White Noise+1","Buffer","Conserve Battery","White Noise+1","Stack+1","Defragment"],"special_seed":0,"relics":["Cracked Core","FaceOfCleric","Regal Pillow","Oddly Smooth Stone","Fusion Hammer","Nloth\u0027s Gift","Bag of Marbles","Toxic Egg 2","Singing Bowl","Du-Vu Doll"],"potions_floor_usage":[],"damage_taken":[{"damage":1.0,"enemies":"2 Louse","floor":1.0,"turns":2.0},{"damage":0.0,"enemies":"Cultist","floor":3.0,"turns":4.0},{"damage":0.0,"enemies":"Small Slimes","floor":4.0,"turns":4.0},{"damage":3.0,"enemies":"2 Fungi Beasts","floor":5.0,"turns":5.0},{"damage":22.0,"enemies":"3 Sentries","floor":7.0,"turns":7.0},{"damage":14.0,"enemies":"Gremlin Nob","floor":10.0,"turns":4.0},{"damage":17.0,"enemies":"Hexaghost","floor":16.0,"turns":9.0},{"damage":0.0,"enemies":"Shell Parasite","floor":18.0,"turns":4.0},{"damage":0.0,"enemies":"Spheric Guardian","floor":19.0,"turns":4.0},{"damage":0.0,"enemies":"Chosen and Byrds","floor":20.0,"turns":5.0},{"damage":20.0,"enemies":"Book of Stabbing","floor":23.0,"turns":6.0},{"damage":9.0,"enemies":"Slaver and Parasite","floor":25.0,"turns":6.0},{"damage":18.0,"enemies":"Slavers","floor":27.0,"turns":5.0},{"damage":8.0,"enemies":"Snecko","floor":28.0,"turns":4.0},{"damage":64.0,"enemies":"Gremlin Leader","floor":29.0,"turns":10.0},{"damage":12,"enemies":"Centurion and Healer","floor":30,"turns":6},{"damage":15,"enemies":"Snake Plant","floor":31,"turns":2}],"seed_played":"5809135392756528403","potions_obtained":[{"floor":4.0,"key":"PowerPotion"},{"floor":5.0,"key":"Dexterity Potion"},{"floor":16.0,"key":"Regen Potion"},{"floor":27.0,"key":"Fruit Juice"},{"floor":28.0,"key":"EssenceOfSteel"},{"floor":30,"key":"Swift Potion"}],"is_trial":false,"path_per_floor":["M","?","M","M","M","R","E","R","T","E","R","?","$","?","R","B",null,"M","M","M","?","?","E","R","M","T","E","M","E","M"],"character_chosen":"DEFECT","items_purchased":["Echo Form"],"campfire_rested":1,"item_purchase_floors":[13],"current_hp_per_floor":[74,74,75,76,74,74,53,53,53,40,40,24,24,44,44,28,81,82,83,84,84,84,65,85,77,77,67,65,17,8,0],"gold":222,"neow_bonus":"TRANSFORM_CARD","is_prod":false,"is_daily":false,"chose_seed":false,"campfire_upgraded":4,"win_rate":0,"timestamp":1532550551,"path_taken":["M","?","M","M","M","R","E","R","T","E","R","?","$","?","R","BOSS","M","?","M","?","?","E","R","M","T","E","M","E","M","?"],"build_version":"2018-07-19v2","purchased_purges":1,"victory":false,"max_hp_per_floor":[75,75,76,77,78,78,79,79,79,80,80,80,80,80,80,81,81,82,83,84,84,84,85,85,86,86,87,93,94,97,97],"card_choices":[{"not_picked":["Barrage","Rip and Tear"],"picked":"BootSequence","floor":1.0},{"not_picked":["Gash","Steam Power","Barrage"],"picked":"SKIP","floor":3.0},{"not_picked":["Tempest","Consume"],"picked":"Cold Snap","floor":4.0},{"not_picked":["Storm","Barrage"],"picked":"Ball Lightning","floor":5.0},{"not_picked":["Beam Cell","Redo"],"picked":"Cold Snap","floor":7.0},{"not_picked":["Rebound","Genetic Algorithm"],"picked":"Ball Lightning","floor":10.0},{"not_picked":["Creative AI","All For One"],"picked":"Core Surge","floor":16.0},{"not_picked":["Barrage","Hologram+1"],"picked":"Conserve Battery","floor":18.0},{"not_picked":["BootSequence","Thunder Strike"],"picked":"Loop","floor":19.0},{"not_picked":["Coolheaded","Beam Cell+1"],"picked":"White Noise+1","floor":20.0},{"not_picked":["Amplify","Stack"],"picked":"Buffer","floor":23.0},{"not_picked":["Redo","Cold Snap"],"picked":"Conserve Battery","floor":25.0},{"not_picked":["Leap+1","Stack+1"],"picked":"White Noise+1","floor":27.0},{"not_picked":["Coolheaded+1","Doom and Gloom"],"picked":"Stack+1","floor":28.0},{"not_picked":["Compile Driver","Conserve Battery+1"],"picked":"Defragment","floor":29.0},{"not_picked":["Coolheaded+1","Hologram+1","Rebound+1"],"picked":"Singing Bowl","floor":30}],"player_experience":656201,"relics_obtained":[{"floor":7.0,"key":"Regal Pillow"},{"floor":9.0,"key":"Oddly Smooth Stone"},{"floor":10.0,"key":"Omamori"},{"floor":23.0,"key":"Bag of Marbles"},{"floor":26.0,"key":"Toxic Egg 2"},{"floor":27.0,"key":"Singing Bowl"},{"floor":29.0,"key":"Du-Vu Doll"}],"event_choices":[{"event_name":"FaceTrader","player_choice":"Trade","floor":2.0,"damage_taken":0.0},{"event_name":"Shining Light","player_choice":"Entered Light","floor":12.0,"damage_taken":0.0},{"event_name":"Mushrooms","player_choice":"Healed and dodged fight","floor":14.0,"damage_taken":0.0},{"event_name":"Beggar","player_choice":"Gave Gold","floor":21.0,"damage_taken":0.0},{"event_name":"N\u0027loth","player_choice":"Traded a Omamori","floor":22.0,"damage_taken":0.0}],"is_beta":false,"boss_relics":[{"not_picked":["Eternal Feather","Empty Cage"],"picked":"Fusion Hammer"}],"items_purged_floors":[13],"is_endless":false,"potions_floor_spawned":[4,5,16,27,28,30],"killed_by":"Snake Plant","ascension_level":4}