{"gold_per_floor":[113,133,147,162,173,173,173,173,250,278,278,313,313,331,331,331],"floor_reached":16,"playtime":727,"items_purged":[],"score":213,"play_id":"869f612c-4312-445b-a7e8-534be6c4c328","local_time":"20190126185901","is_ascension_mode":true,"campfire_choices":[{"data":"True Grit","floor":6,"key":"SMITH"},{"data":"Clothesline","floor":8,"key":"SMITH"},{"data":"True Grit","floor":11,"key":"SMITH"},{"data":"Bash","floor":13,"key":"SMITH"},{"floor":15,"key":"REST"}],"neow_cost":"NONE","seed_source_timestamp":6145825609694,"circlet_count":0,"master_deck":["AscendersBane","Strike_R","Strike_R","Strike_R","Strike_R+1","Strike_R+1","Defend_R","Defend_R","Defend_R","Defend_R","Bash+1","Clothesline+1","Inflame+1","Ghostly Armor","Pommel Strike","True Grit+1","True Grit+1","Shockwave"],"relics":["Burning Blood","Whetstone","Ornamental Fan","FossilizedHelix","Ancient Tea Set"],"potions_floor_usage":[12,16],"damage_taken":[{"damage":2,"enemies":"Cultist","floor":1,"turns":4},{"damage":14,"enemies":"Jaw Worm","floor":2,"turns":5},{"damage":10,"enemies":"2 Louse","floor":3,"turns":3},{"damage":4,"enemies":"Red Slaver","floor":4,"turns":4},{"damage":10,"enemies":"2 Fungi Beasts","floor":5,"turns":3},{"damage":26,"enemies":"3 Sentries","floor":10,"turns":8},{"damage":17,"enemies":"Gremlin Nob","floor":12,"turns":5},{"damage":5,"enemies":"Large Slime","floor":14,"turns":7},{"damage":32,"enemies":"Slime Boss","floor":16,"turns":9}],"seed_played":"-1198162497325808319","potions_obtained":[{"floor":4,"key":"GamblersBrew"},{"floor":5,"key":"EssenceOfSteel"},{"floor":10,"key":"Dexterity Potion"},{"floor":12,"key":"Poison Potion"}],"is_trial":false,"path_per_floor":["M","M","M","M","M","R","?","R","T","E","R","E","R","M","R","B"],"character_chosen":"IRONCLAD","items_purchased":[],"campfire_rested":1,"item_purchase_floors":[],"current_hp_per_floor":[72,64,60,62,58,58,58,58,58,38,38,27,27,28,50,18],"gold":331,"neow_bonus":"RANDOM_COMMON_RELIC","is_prod":false,"is_daily":false,"chose_seed":false,"campfire_upgraded":4,"win_rate":0,"timestamp":1548557941,"path_taken":["M","M","M","M","?","R","?","R","T","E","R","E","R","?","R","BOSS"],"build_version":"2019-01-23","purchased_purges":0,"victory":false,"max_hp_per_floor":[75,75,75,75,75,75,75,75,75,75,75,75,75,75,75,75],"card_choices":[{"not_picked":["Wild Strike","Heavy Blade"],"picked":"Clothesline","floor":1},{"not_picked":["Blood for Blood","Searing Blow"],"picked":"Inflame","floor":2},{"not_picked":["Feel No Pain","Pummel"],"picked":"Ghostly Armor","floor":3},{"not_picked":["Cleave","Headbutt"],"picked":"Pommel Strike","floor":4},{"not_picked":["Body Slam","Bludgeon"],"picked":"True Grit","floor":5},{"not_picked":["Clash","Body Slam"],"picked":"True Grit","floor":10},{"not_picked":["Feel No Pain","Hemokinesis","Fiend Fire"],"picked":"SKIP","floor":12},{"not_picked":["Armaments","Intimidate"],"picked":"Shockwave","floor":14}],"player_experience":1165679,"relics_obtained":[{"floor":9,"key":"Ornamental Fan"},{"floor":10,"key":"FossilizedHelix"},{"floor":12,"key":"Ancient Tea Set"}],"event_choices":[{"damage_healed":0,"gold_gain":0,"player_choice":"Upgraded","damage_taken":0,"max_hp_gain":0,"max_hp_loss":0,"event_name":"Upgrade Shrine","floor":7,"gold_loss":0,"cards_upgraded":["Inflame"]}],"is_beta":false,"boss_relics":[],"items_purged_floors":[],"is_endless":false,"potions_floor_spawned":[4,5,10,12],"killed_by":"Slime Boss","ascension_level":18}