{"gold_per_floor":[111,125,141,141,152,152,182,182,259,259,259,269,281,306,306,409,409,419,429,443,467,76,76,76,88,140,153,165,198,198,233,233,336,336,355,373,393,167,0,0,12,32,32,57,57,57,92,92,92,92],"floor_reached":51,"playtime":4374,"items_purged":["Decay","Strike_G"],"score":1193,"play_id":"80307ca4-fab8-4b71-855a-e63ca27c57c7","local_time":"20190202215331","is_ascension_mode":true,"campfire_choices":[{"data":"Neutralize","floor":6.0,"key":"SMITH"},{"data":"Cloak And Dagger","floor":8.0,"key":"SMITH"},{"data":"Survivor","floor":10.0,"key":"SMITH"},{"data":"Blade Dance","floor":15.0,"key":"SMITH"},{"data":"Envenom","floor":23.0,"key":"SMITH"},{"data":"Bullet Time","floor":30.0,"key":"SMITH"},{"data":"Finisher","floor":32.0,"key":"SMITH"},{"data":"Cloak And Dagger","floor":40.0,"key":"SMITH"},{"data":"Neutralize","floor":46,"key":"SMITH"},{"data":"1","floor":49,"key":"LIFT"}],"neow_cost":"NONE","seed_source_timestamp":0,"circlet_count":0,"master_deck":["Defend_G","Defend_G","Defend_G","Defend_G","Strike_G","Strike_G","Strike_G","Survivor+1","Neutralize+1","Quick Slash","Cloak And Dagger+1","All Out Attack","Backstab","Adrenaline","Neutralize+1","Blade Dance+1","Backstab","Bullet Time+1","Blade Dance+1","Predator","Envenom+1","Adrenaline","Cloak And Dagger+1","Finisher+1","Leg Sweep+1","Riddle With Holes","Blur","PiercingWail+1","Corpse Explosion","Footwork+1","Prepared","Footwork","Concentrate","Deflect","Infinite Blades","Tactician","Terror"],"special_seed":0,"relics":["Ring of the Snake","Pen Nib","Bird Faced Urn","Ornamental Fan","Orichalcum","WristBlade","Ancient Tea Set","Membership Card","Enchiridion","Regal Pillow","Pantograph","Singing Bowl","Runic Pyramid","Oddly Smooth Stone","Red Mask","Vajra","Bronze Scales","Girya"],"potions_floor_usage":[50,50,50],"damage_taken":[{"damage":0.0,"enemies":"Small Slimes","floor":1.0,"turns":5.0},{"damage":0.0,"enemies":"Cultist","floor":2.0,"turns":3.0},{"damage":0.0,"enemies":"2 Louse","floor":3.0,"turns":3.0},{"damage":3.0,"enemies":"Large Slime","floor":5.0,"turns":5.0},{"damage":21.0,"enemies":"Gremlin Nob","floor":7.0,"turns":4.0},{"damage":0.0,"enemies":"Gremlin Gang","floor":12.0,"turns":4.0},{"damage":0.0,"enemies":"Lots of Slimes","floor":13.0,"turns":3.0},{"damage":17.0,"enemies":"3 Sentries","floor":14.0,"turns":6.0},{"damage":0.0,"enemies":"Slime Boss","floor":16.0,"turns":4.0},{"damage":10.0,"enemies":"2 Thieves","floor":18.0,"turns":3.0},{"damage":0.0,"enemies":"Chosen","floor":19.0,"turns":2.0},{"damage":0.0,"enemies":"Centurion and Healer","floor":20.0,"turns":3.0},{"damage":4.0,"enemies":"Snake Plant","floor":25.0,"turns":3.0},{"damage":0.0,"enemies":"Cultist and Chosen","floor":27.0,"turns":3.0},{"damage":0.0,"enemies":"3 Cultists","floor":28.0,"turns":3.0},{"damage":1.0,"enemies":"Book of Stabbing","floor":29.0,"turns":3.0},{"damage":0.0,"enemies":"Gremlin Leader","floor":31.0,"turns":3.0},{"damage":28.0,"enemies":"Automaton","floor":33.0,"turns":8.0},{"damage":1.0,"enemies":"3 Darklings","floor":35.0,"turns":4.0},{"damage":0.0,"enemies":"Orb Walker","floor":36.0,"turns":2.0},{"damage":0.0,"enemies":"Sphere and 2 Shapes","floor":37.0,"turns":1.0},{"damage":8.0,"enemies":"3 Darklings","floor":41.0,"turns":3.0},{"damage":10,"enemies":"Writhing Mass","floor":42,"turns":5},{"damage":0,"enemies":"Reptomancer","floor":44,"turns":5},{"damage":0,"enemies":"Nemesis","floor":47,"turns":7},{"damage":6,"enemies":"Time Eater","floor":50,"turns":9}],"seed_played":"3679563556785040737","potions_obtained":[{"floor":1.0,"key":"Fire Potion"},{"floor":5.0,"key":"Regen Potion"},{"floor":12.0,"key":"Block Potion"},{"floor":25.0,"key":"Ancient Potion"},{"floor":31.0,"key":"SpeedPotion"},{"floor":37.0,"key":"GhostInAJar"}],"is_trial":false,"path_per_floor":["M","M","M","?","M","R","E","R","T","R","?","M","M","E","R","B",null,"M","M","M","T","$","R","?","M","T","M","M","E","R","E","R","B",null,"M","M","M","$","?","R","M","M","T","E","?","R","E","?","R","B",null],"character_chosen":"THE_SILENT","items_purchased":["Membership Card","Envenom","Adrenaline","Cloak And Dagger","Oddly Smooth Stone","Footwork","Concentrate","Deflect"],"campfire_rested":0,"item_purchase_floors":[22,22,22,22,38,38,38,38],"current_hp_per_floor":[63,63,63,63,60,60,39,39,39,39,39,39,39,22,22,22,58,48,48,48,48,48,48,32,30,30,32,36,39,39,43,43,42,63,66,70,72,72,72,72,64,64,64,72,72,72,74,74,74,68],"gold":92,"neow_bonus":"RANDOM_COMMON_RELIC","is_prod":false,"is_daily":false,"chose_seed":false,"campfire_upgraded":9,"win_rate":0,"timestamp":1549140811,"path_taken":["M","M","M","?","?","R","E","R","T","R","?","M","M","E","R","BOSS","M","M","M","?","$","R","?","M","T","M","M","E","R","E","R","BOSS","M","M","M","$","?","R","M","M","T","E","?","R","E","?","R","BOSS"],"build_version":"2019-01-23","purchased_purges":2,"victory":true,"max_hp_per_floor":[70,70,70,70,70,70,70,70,70,70,70,70,70,70,70,70,70,70,70,70,70,70,70,70,70,70,70,70,70,70,70,70,70,70,70,70,72,72,72,72,72,74,74,74,74,74,74,74,74,74],"card_choices":[{"not_picked":["Outmaneuver","Dagger Throw"],"picked":"Quick Slash","floor":1.0},{"not_picked":["Sucker Punch","Dagger Throw"],"picked":"Cloak And Dagger","floor":2.0},{"not_picked":["Finisher","Sucker Punch"],"picked":"All Out Attack","floor":3.0},{"not_picked":["Prepared","Poisoned Stab"],"picked":"Backstab","floor":5.0},{"not_picked":["Acrobatics","Prepared"],"picked":"Adrenaline","floor":7.0},{"not_picked":["PiercingWail","Distraction"],"picked":"Blade Dance","floor":12.0},{"not_picked":["Outmaneuver","Dagger Throw"],"picked":"Backstab","floor":13.0},{"not_picked":["Outmaneuver","Bane","Night Terror"],"picked":"SKIP","floor":14.0},{"not_picked":["Wraith Form v2","Adrenaline"],"picked":"Bullet Time","floor":16.0},{"not_picked":["Masterful Stab","Deadly Poison"],"picked":"Blade Dance+1","floor":18.0},{"not_picked":["Acrobatics","Prepared","Calculated Gamble+1"],"picked":"SKIP","floor":19.0},{"not_picked":["Heel Hook","Outmaneuver+1"],"picked":"Predator","floor":20.0},{"not_picked":["Flying Knee","Deadly Poison+1"],"picked":"Finisher","floor":25.0},{"not_picked":["Deadly Poison","Crippling Poison"],"picked":"Leg Sweep+1","floor":27.0},{"not_picked":["Predator","Masterful Stab"],"picked":"Riddle With Holes","floor":28.0},{"not_picked":["Bane","Adrenaline"],"picked":"Blur","floor":29.0},{"not_picked":["Predator","Outmaneuver"],"picked":"PiercingWail+1","floor":31.0},{"not_picked":["Bullet Time","Envenom"],"picked":"Corpse Explosion","floor":33.0},{"not_picked":["Cloak And Dagger","Quick Slash+1"],"picked":"Footwork+1","floor":35.0},{"not_picked":["Dodge and Roll+1","Backstab+1"],"picked":"Prepared","floor":36.0},{"not_picked":["Deadly Poison+1","Blade Dance+1","Deflect"],"picked":"Singing Bowl","floor":37.0},{"not_picked":["Sucker Punch+1","Leg Sweep+1"],"picked":"Infinite Blades","floor":41.0},{"not_picked":["Endless Agony","Slice+1","PiercingWail"],"picked":"Singing Bowl","floor":42},{"not_picked":["Dodge and Roll","Unload"],"picked":"Tactician","floor":44},{"not_picked":["Heel Hook+1","Dagger Throw+1"],"picked":"Terror","floor":47}],"player_experience":262518,"relics_obtained":[{"floor":7.0,"key":"Bird Faced Urn"},{"floor":9.0,"key":"Ornamental Fan"},{"floor":14.0,"key":"Orichalcum"},{"floor":21.0,"key":"Ancient Tea Set"},{"floor":24.0,"key":"Enchiridion"},{"floor":26.0,"key":"Regal Pillow"},{"floor":29.0,"key":"Pantograph"},{"floor":31.0,"key":"Singing Bowl"},{"floor":43,"key":"Vajra"},{"floor":44,"key":"Bronze Scales"},{"floor":47,"key":"Girya"}],"event_choices":[{"damage_healed":0.0,"max_hp_gain":0.0,"max_hp_loss":0.0,"gold_gain":0.0,"event_name":"Wheel of Change","player_choice":"Cursed","floor":4.0,"gold_loss":0.0,"damage_taken":0.0,"cards_obtained":["Decay"]},{"damage_healed":0.0,"max_hp_gain":0.0,"max_hp_loss":0.0,"gold_gain":0.0,"event_name":"Match and Keep!","player_choice":"1 cards matched","floor":11.0,"gold_loss":0.0,"damage_taken":0.0,"cards_obtained":["Neutralize"]},{"damage_healed":0.0,"max_hp_gain":0.0,"max_hp_loss":0.0,"gold_gain":0.0,"event_name":"Cursed Tome","player_choice":"Obtained Book","floor":24.0,"gold_loss":0.0,"damage_taken":16.0},{"damage_healed":0.0,"max_hp_gain":0.0,"max_hp_loss":0.0,"gold_gain":0.0,"event_name":"Tomb of Lord Red Mask","player_choice":"Paid","floor":39.0,"gold_loss":167.0,"damage_taken":0.0,"relics_obtained":["Red Mask"]},{"cards_removed":["Defend_G"],"damage_healed":0,"gold_gain":0,"player_choice":"Removed Skill","damage_taken":0,"max_hp_gain":0,"max_hp_loss":0,"event_name":"Falling","floor":45,"gold_loss":0},{"cards_removed":["Strike_G"],"damage_healed":0,"gold_gain":0,"player_choice":"Purged","damage_taken":0,"max_hp_gain":0,"max_hp_loss":0,"event_name":"Purifier","floor":48,"gold_loss":0}],"is_beta":false,"boss_relics":[{"not_picked":["Eternal Feather","Ring of the Serpent"],"picked":"WristBlade"},{"not_picked":["Empty Cage","Tiny House"],"picked":"Runic Pyramid"}],"items_purged_floors":[22,38],"is_endless":false,"potions_floor_spawned":[1,5,12,13,14,25,27,28,29,31,37,42,47],"ascension_level":8}