{"gold_per_floor":[109,109,34,46,46,76,76,95,95,114,24,54,66,92,92,195,195,211,221,15,27,27,27,54,54,54,82,114,114,114,133,133,231,231,249,324,340,25,25,25,125,145,145,145,178,188,215,232,232,232],"floor_reached":51,"playtime":2749,"items_purged":[],"score":928,"play_id":"742ae61a-e930-424b-9f59-21d3c7ef24c5","local_time":"20190123160258","is_ascension_mode":true,"campfire_choices":[{"data":"Sucker Punch","floor":7.0,"key":"SMITH"},{"data":"A Thousand Cuts","floor":15.0,"key":"SMITH"},{"data":"Blade Dance","floor":23.0,"key":"SMITH"},{"data":"Backflip","floor":30.0,"key":"SMITH"},{"data":"Envenom","floor":32.0,"key":"SMITH"},{"data":"Infinite Blades","floor":40.0,"key":"SMITH"},{"data":"Cloak And Dagger","floor":44.0,"key":"SMITH"},{"data":"Doppelganger","floor":49.0,"key":"SMITH"}],"neow_cost":"NONE","seed_source_timestamp":0,"circlet_count":0,"master_deck":["Defend_G+1","Defend_G+1","Defend_G+1","Defend_G+1","Defend_G+1","Strike_G+1","Strike_G+1","Strike_G+1","Strike_G+1","Strike_G+1","Survivor+1","Neutralize+1","Prepared","Dagger Spray","Blade Dance+1","Sucker Punch+1","Backstab","Dagger Spray","Backflip+1","Backstab","Deflect","Dash","A Thousand Cuts+1","Bullet Time","Backstab","Flying Knee","Endless Agony","Backflip","Envenom+1","Doppelganger+1","Catalyst+1","Infinite Blades+1","Backstab","Cloak And Dagger+1","Terror","Leg Sweep","Blur+1","PiercingWail+1"],"special_seed":0,"relics":["Ring of the Snake","NeowsBlessing","Boot","Smiling Mask","Ninja Scroll","Shuriken","Pear","Eternal Feather","Sling","Meat on the Bone","Singing Bowl","Question Card","Red Mask","WristBlade","HandDrill","Pocketwatch","Paper Crane","Letter Opener"],"potions_floor_usage":[50,50],"damage_taken":[{"damage":0.0,"enemies":"Small Slimes","floor":1.0,"turns":1.0},{"damage":0.0,"enemies":"2 Louse","floor":4.0,"turns":1.0},{"damage":0.0,"enemies":"Gremlin Nob","floor":6.0,"turns":1.0},{"damage":2.0,"enemies":"Jaw Worm","floor":8.0,"turns":3.0},{"damage":0.0,"enemies":"2 Fungi Beasts","floor":10.0,"turns":2.0},{"damage":0.0,"enemies":"Exordium Wildlife","floor":13.0,"turns":2.0},{"damage":0.0,"enemies":"3 Sentries","floor":14.0,"turns":4.0},{"damage":9.0,"enemies":"The Guardian","floor":16.0,"turns":11.0},{"damage":12.0,"enemies":"Shell Parasite","floor":18.0,"turns":4.0},{"damage":0.0,"enemies":"3 Byrds","floor":19.0,"turns":2.0},{"damage":10.0,"enemies":"Snecko","floor":21.0,"turns":4.0},{"damage":15.0,"enemies":"Book of Stabbing","floor":24.0,"turns":4.0},{"damage":7.0,"enemies":"Slavers","floor":27.0,"turns":2.0},{"damage":0.0,"enemies":"Masked Bandits","floor":28.0,"turns":1.0},{"damage":0.0,"enemies":"Centurion and Healer","floor":31.0,"turns":3.0},{"damage":67.0,"enemies":"Collector","floor":33.0,"turns":9.0},{"damage":0.0,"enemies":"3 Darklings","floor":35.0,"turns":2.0},{"damage":0.0,"enemies":"Orb Walker","floor":37.0,"turns":2.0},{"damage":0.0,"enemies":"Mind Bloom Boss Battle","floor":41.0,"turns":3.0},{"damage":0.0,"enemies":"Sphere and 2 Shapes","floor":42.0,"turns":2.0},{"damage":2.0,"enemies":"Reptomancer","floor":45.0,"turns":2.0},{"damage":7.0,"enemies":"Writhing Mass","floor":46.0,"turns":3.0},{"damage":3.0,"enemies":"Giant Head","floor":47.0,"turns":5.0},{"damage":7.0,"enemies":"Transient","floor":48.0,"turns":5.0},{"damage":54,"enemies":"Donu and Deca","floor":50,"turns":8}],"seed_played":"-8411216170555681777","potions_obtained":[{"floor":1.0,"key":"SkillPotion"},{"floor":8.0,"key":"SpeedPotion"},{"floor":10.0,"key":"GamblersBrew"},{"floor":14.0,"key":"GhostInAJar"},{"floor":24.0,"key":"GamblersBrew"},{"floor":28.0,"key":"Energy Potion"},{"floor":42.0,"key":"Strength Potion"},{"floor":45.0,"key":"Swift Potion"}],"is_trial":false,"path_per_floor":["M","?","$","M","?","E","R","M","T","M","$","?","M","E","R","B",null,"M","M","$","M","$","R","E","?","T","E","?","?","R","M","R","B",null,"M","?","M","$","$","R","?","M","T","R","E","M","E","M","R","B",null],"character_chosen":"THE_SILENT","items_purchased":["Dagger Spray","Blade Dance","Backstab","Deflect","Sling","HandDrill","Backstab","Cloak And Dagger"],"campfire_rested":0,"item_purchase_floors":[3,3,11,11,20,38,38,38],"current_hp_per_floor":[70,56,56,56,44,44,44,42,42,42,42,42,42,52,52,43,80,68,68,68,58,58,73,58,58,58,53,55,55,70,70,84,29,84,84,76,76,76,76,84,84,86,86,86,84,79,76,69,88,46],"gold":232,"neow_bonus":"THREE_ENEMY_KILL","is_prod":false,"is_daily":false,"chose_seed":false,"campfire_upgraded":8,"win_rate":0,"timestamp":1548255778,"path_taken":["M","?","$","M","?","E","R","M","T","M","?","?","?","E","R","BOSS","M","M","$","M","$","R","E","?","T","E","?","?","R","M","R","BOSS","M","?","M","?","$","R","?","M","T","R","E","?","E","M","R","BOSS"],"build_version":"2018-12-20","purchased_purges":0,"victory":true,"max_hp_per_floor":[70,70,70,70,70,70,70,70,70,70,70,70,70,80,80,80,80,80,80,80,80,80,80,80,80,80,82,84,84,84,84,84,84,84,84,84,84,84,84,84,84,86,86,86,86,88,88,88,88,88],"card_choices":[{"not_picked":["Masterful Stab","Deadly Poison"],"picked":"Prepared","floor":1.0},{"not_picked":["Skewer","Underhanded Strike"],"picked":"Sucker Punch","floor":4.0},{"not_picked":["Quick Slash","Catalyst"],"picked":"Backstab","floor":6.0},{"not_picked":["Prepared","Wraith Form v2"],"picked":"Dagger Spray","floor":8.0},{"not_picked":["Acrobatics","Quick Slash"],"picked":"Backflip","floor":10.0},{"not_picked":["Deadly Poison","Poisoned Stab"],"picked":"Dash","floor":13.0},{"not_picked":["Caltrops","Acrobatics"],"picked":"A Thousand Cuts","floor":14.0},{"not_picked":["Unload","A Thousand Cuts"],"picked":"Bullet Time","floor":16.0},{"not_picked":["Masterful Stab","Sucker Punch"],"picked":"Backstab","floor":18.0},{"not_picked":["Dodge and Roll","Flechettes+1"],"picked":"Flying Knee","floor":19.0},{"not_picked":["Slice","Night Terror"],"picked":"Endless Agony","floor":21.0},{"not_picked":["Bane","Escape Plan"],"picked":"Backflip","floor":24.0},{"not_picked":["Calculated Gamble","Blade Dance","After Image"],"picked":"Singing Bowl","floor":27.0},{"not_picked":["Deadly Poison","Predator","Acrobatics","Bane"],"picked":"Singing Bowl","floor":28.0},{"not_picked":["Leg Sweep+1","Noxious Fumes","Underhanded Strike"],"picked":"Envenom","floor":31.0},{"not_picked":["Night Terror","Malaise","A Thousand Cuts"],"picked":"Doppelganger","floor":33.0},{"not_picked":["Deadly Poison+1","Distraction","Dagger Spray"],"picked":"Catalyst+1","floor":35.0},{"not_picked":["Underhanded Strike+1","PiercingWail","Skewer+1"],"picked":"Infinite Blades","floor":37.0},{"not_picked":["PiercingWail","Outmaneuver+1","Accuracy"],"picked":"Terror","floor":41.0},{"not_picked":["Flying Knee","Dodge and Roll","Noxious Fumes","Deadly Poison"],"picked":"Singing Bowl","floor":42.0},{"not_picked":["Dagger Spray","Prepared+1","Crippling Poison+1"],"picked":"Leg Sweep","floor":45.0},{"not_picked":["Deadly Poison","Burst","Heel Hook+1","PiercingWail+1"],"picked":"Singing Bowl","floor":46.0},{"not_picked":["Bane","Unload","Predator"],"picked":"Blur+1","floor":47.0},{"not_picked":["Dagger Throw","Eviscerate","Slice"],"picked":"PiercingWail+1","floor":48.0}],"player_experience":121388,"relics_obtained":[{"floor":6.0,"key":"Smiling Mask"},{"floor":9.0,"key":"Ninja Scroll"},{"floor":14.0,"key":"Pear"},{"floor":24.0,"key":"Meat on the Bone"},{"floor":26.0,"key":"Singing Bowl"},{"floor":27.0,"key":"Question Card"},{"floor":28.0,"key":"Red Mask"},{"floor":41.0,"key":"Pocketwatch"},{"floor":43.0,"key":"Paper Crane"},{"floor":45.0,"key":"Letter Opener"}],"event_choices":[{"damage_healed":0.0,"max_hp_gain":0.0,"max_hp_loss":0.0,"gold_gain":0.0,"event_name":"Shining Light","player_choice":"Entered Light","floor":2.0,"gold_loss":0.0,"damage_taken":14.0,"cards_upgraded":["Survivor","Neutralize"]},{"damage_healed":0.0,"max_hp_gain":0.0,"max_hp_loss":0.0,"gold_gain":0.0,"event_name":"Scrap Ooze","player_choice":"Success","floor":5.0,"gold_loss":0.0,"damage_taken":12.0,"relics_obtained":["Boot"]},{"damage_healed":0.0,"max_hp_gain":0.0,"max_hp_loss":0.0,"gold_gain":30.0,"event_name":"Dead Adventurer","player_choice":"Searched \u00273\u0027 times","floor":12.0,"gold_loss":0.0,"damage_taken":0.0,"relics_obtained":["Shuriken"]},{"damage_healed":0.0,"max_hp_gain":0.0,"max_hp_loss":0.0,"gold_gain":0.0,"event_name":"Back to Basics","player_choice":"Simplicity","floor":25.0,"gold_loss":0.0,"damage_taken":0.0,"cards_upgraded":["Defend_G","Defend_G","Defend_G","Defend_G","Defend_G","Strike_G","Strike_G","Strike_G","Strike_G","Strike_G"]},{"damage_healed":0.0,"max_hp_gain":0.0,"max_hp_loss":0.0,"gold_gain":0.0,"event_name":"Masked Bandits","player_choice":"Fought Bandits","floor":28.0,"gold_loss":0.0,"damage_taken":0.0},{"damage_healed":0.0,"max_hp_gain":0.0,"max_hp_loss":0.0,"gold_gain":0.0,"event_name":"Ghosts","player_choice":"Ignored","floor":29.0,"gold_loss":0.0,"damage_taken":0.0},{"damage_healed":0.0,"max_hp_gain":0.0,"max_hp_loss":0.0,"gold_gain":75.0,"event_name":"FaceTrader","player_choice":"Touch","floor":36.0,"gold_loss":0.0,"damage_taken":8.0},{"damage_healed":0.0,"max_hp_gain":0.0,"max_hp_loss":0.0,"gold_gain":0.0,"event_name":"MindBloom","player_choice":"Fight","floor":41.0,"gold_loss":0.0,"damage_taken":0.0}],"is_beta":false,"boss_relics":[{"not_picked":["Lizard Tail","Coffee Dripper"],"picked":"Eternal Feather"},{"not_picked":["Busted Crown","Empty Cage"],"picked":"WristBlade"}],"items_purged_floors":[],"is_endless":false,"potions_floor_spawned":[1,8,10,13,14,24,27,28,35,42,45],"ascension_level":2}