{"gold_per_floor":[109,184,184,184,200,230,230,262,262,22,40,51,76,76,76,153,153,170,170,170,170],"floor_reached":21,"playtime":624,"items_purged":["Regret"],"score":418,"play_id":"f4d4f024-77eb-47f4-82a0-5b7ecdc750c1","local_time":"20190209221518","is_ascension_mode":true,"campfire_choices":[{"data":"Dash","floor":7,"key":"SMITH"},{"floor":15,"key":"REST"}],"neow_cost":"NONE","seed_source_timestamp":23428102078915,"circlet_count":0,"master_deck":["AscendersBane","Defend_G","Defend_G","Defend_G","Defend_G","Defend_G","Strike_G","Strike_G","Strike_G","Strike_G","Strike_G","Survivor","Neutralize","Backflip","Dash+1","Backstab","Predator+1","Leg Sweep","Backstab+1","Crippling Poison","Bullet Time","After Image","Endless Agony+1","Necronomicurse"],"relics":["Ring of the Snake","NeowsBlessing","Happy Flower","Ornamental Fan","PreservedInsect","Molten Egg 2","Paper Crane","Dodecahedron","WristBlade","Necronomicon"],"potions_floor_usage":[16,21,21],"damage_taken":[{"damage":0,"enemies":"Small Slimes","floor":1,"turns":1},{"damage":0,"enemies":"Jaw Worm","floor":5,"turns":1},{"damage":0,"enemies":"Gremlin Nob","floor":6,"turns":1},{"damage":29,"enemies":"Lagavulin","floor":8,"turns":7},{"damage":0,"enemies":"Cultist","floor":11,"turns":3},{"damage":0,"enemies":"Red Slaver","floor":12,"turns":2},{"damage":2,"enemies":"3 Sentries","floor":13,"turns":4},{"damage":20,"enemies":"Slime Boss","floor":16,"turns":17},{"damage":11,"enemies":"Shell Parasite","floor":18,"turns":6},{"damage":4,"enemies":"3 Byrds","floor":21,"turns":4}],"seed_played":"7862004511768257466","potions_obtained":[{"floor":8,"key":"GhostInAJar"},{"floor":12,"key":"Ancient Potion"},{"floor":18,"key":"SteroidPotion"}],"is_trial":false,"path_per_floor":["M","?","?","T","M","E","R","E","T","$","M","M","E","$","R","B",null,"M","?","?","M"],"character_chosen":"THE_SILENT","items_purchased":["Predator+1","Leg Sweep"],"campfire_rested":1,"item_purchase_floors":[10,10],"current_hp_per_floor":[59,48,48,48,48,48,48,19,19,19,19,19,17,17,36,16,54,43,25,4,0],"gold":170,"neow_bonus":"THREE_ENEMY_KILL","is_prod":false,"is_daily":false,"chose_seed":false,"campfire_upgraded":1,"win_rate":0,"timestamp":1549779318,"path_taken":["M","?","?","?","?","E","R","E","T","?","?","M","E","?","R","BOSS","M","?","?","M"],"build_version":"2019-01-23","purchased_purges":1,"victory":false,"max_hp_per_floor":[66,66,66,66,66,66,66,66,66,66,66,66,66,66,66,66,66,66,71,71,71],"card_choices":[{"not_picked":["Sucker Punch","Dodge and Roll"],"picked":"Backflip","floor":1},{"not_picked":["Poisoned Stab","Dagger Throw"],"picked":"Dash","floor":5},{"not_picked":["Deadly Poison","Acrobatics"],"picked":"Backstab","floor":6},{"not_picked":["Heel Hook","Prepared","PiercingWail"],"picked":"SKIP","floor":8},{"not_picked":["Escape Plan","Endless Agony+1"],"picked":"Backstab+1","floor":11},{"not_picked":["Backflip","Deflect"],"picked":"Crippling Poison","floor":12},{"not_picked":["Night Terror","Bullet Time","Catalyst"],"picked":"SKIP","floor":13},{"not_picked":["Night Terror","Catalyst"],"picked":"Bullet Time","floor":13},{"not_picked":["Unload+1","Wraith Form v2"],"picked":"After Image","floor":16},{"not_picked":["Prepared","Flechettes+1"],"picked":"Endless Agony+1","floor":18}],"player_experience":1211362,"relics_obtained":[{"floor":4,"key":"Ornamental Fan"},{"floor":6,"key":"PreservedInsect"},{"floor":8,"key":"Molten Egg 2"},{"floor":9,"key":"Paper Crane"},{"floor":13,"key":"Dodecahedron"},{"floor":20,"key":"Necronomicon"}],"event_choices":[{"damage_healed":0,"gold_gain":75,"player_choice":"Gather Gold","damage_taken":11,"max_hp_gain":0,"max_hp_loss":0,"event_name":"World of Goop","floor":2,"gold_loss":0},{"damage_healed":0,"gold_gain":0,"player_choice":"Box","damage_taken":0,"relics_obtained":["Happy Flower"],"max_hp_gain":0,"max_hp_loss":0,"event_name":"Big Fish","floor":3,"gold_loss":0,"cards_obtained":["Regret"]},{"damage_healed":0,"gold_gain":0,"player_choice":"Shed Blood","damage_taken":23,"max_hp_gain":5,"max_hp_loss":0,"event_name":"Forgotten Altar","floor":19,"gold_loss":0},{"damage_healed":0,"gold_gain":0,"player_choice":"Obtained Book","damage_taken":21,"max_hp_gain":0,"max_hp_loss":0,"event_name":"Cursed Tome","floor":20,"gold_loss":0}],"is_beta":false,"boss_relics":[{"not_picked":["Philosopher\u0027s Stone","HoveringKite"],"picked":"WristBlade"}],"items_purged_floors":[10],"is_endless":false,"potions_floor_spawned":[8,11,12,18],"killed_by":"3 Byrds","ascension_level":18}