{"gold_per_floor":[114,134,134,154,154,154,197,210,234,254,278,294,104,124,124,245,245,259,278,301,376,395,395,395,395],"floor_reached":25,"playtime":1003,"items_purged":["Strike_B"],"score":209,"play_id":"5419e983-9c82-4a4f-93c3-9935bd9291d4","local_time":"20190220212726","is_ascension_mode":false,"campfire_choices":[{"floor":6.0,"key":"RECALL"},{"data":"Loop","floor":15.0,"key":"SMITH"},{"floor":23,"key":"REST"}],"neow_cost":"NONE","seed_source_timestamp":27493317166418,"circlet_count":0,"master_deck":["Strike_B","Strike_B","Defend_B","Defend_B","Defend_B","Defend_B","Zap","Dualcast+1","Cold Snap","Ball Lightning","Reinforced Body","Loop","Go for the Eyes","Capacitor","Sunder","Loop+1","Conserve Battery","Conserve Battery","Echo Form","FTL","Ball Lightning","BootSequence"],"special_seed":0,"relics":["Cracked Core","Golden Idol","Omamori","Runic Dome"],"potions_floor_usage":[22,22],"damage_taken":[{"damage":1.0,"enemies":"Jaw Worm","floor":1.0,"turns":4.0},{"damage":0.0,"enemies":"2 Louse","floor":2.0,"turns":2.0},{"damage":0.0,"enemies":"Cultist","floor":4.0,"turns":3.0},{"damage":12.0,"enemies":"Gremlin Nob","floor":7.0,"turns":4.0},{"damage":3.0,"enemies":"Red Slaver","floor":8.0,"turns":3.0},{"damage":2.0,"enemies":"Blue Slaver","floor":10.0,"turns":3.0},{"damage":3.0,"enemies":"Exordium Wildlife","floor":11.0,"turns":3.0},{"damage":5.0,"enemies":"Looter","floor":12.0,"turns":3.0},{"damage":4.0,"enemies":"Gremlin Gang","floor":14.0,"turns":4.0},{"damage":19.0,"enemies":"Slime Boss","floor":16.0,"turns":7.0},{"damage":13.0,"enemies":"Spheric Guardian","floor":18.0,"turns":5.0},{"damage":15.0,"enemies":"Chosen","floor":19.0,"turns":5.0},{"damage":21.0,"enemies":"Snake Plant","floor":20.0,"turns":5.0},{"damage":13,"enemies":"Cultist and Chosen","floor":22,"turns":7},{"damage":23,"enemies":"Colosseum Slavers","floor":24,"turns":3},{"damage":10,"enemies":"Centurion and Healer","floor":25,"turns":1}],"seed_played":"-7519364395596045966","potions_obtained":[{"floor":7.0,"key":"AttackPotion"},{"floor":8.0,"key":"Energy Potion"},{"floor":14.0,"key":"Dexterity Potion"},{"floor":16.0,"key":"EssenceOfSteel"},{"floor":20.0,"key":"EssenceOfSteel"},{"floor":22,"key":"Dexterity Potion"}],"is_trial":false,"path_per_floor":["M","M","?","M","?","R","E","M","T","M","M","M","$","M","R","B",null,"M","M","M","?","M","R","?","M"],"character_chosen":"DEFECT","items_purchased":["Loop","Conserve Battery"],"campfire_rested":1,"item_purchase_floors":[13,13],"current_hp_per_floor":[74,74,56,56,56,56,44,41,41,39,36,31,31,27,27,8,75,62,47,26,19,6,28,5,0],"gold":395,"neow_bonus":"REMOVE_CARD","is_prod":false,"is_daily":false,"chose_seed":false,"campfire_upgraded":1,"win_rate":0,"timestamp":1550726846,"path_taken":["M","M","?","M","?","R","E","?","T","M","M","M","?","M","R","BOSS","M","M","M","?","?","R","?","M"],"build_version":"2019-01-23","purchased_purges":1,"victory":false,"max_hp_per_floor":[75,75,75,75,75,75,75,75,75,75,75,75,75,75,75,75,75,75,75,75,75,75,75,75,75],"card_choices":[{"not_picked":["Go for the Eyes","Barrage"],"picked":"Cold Snap","floor":1.0},{"not_picked":["Fusion","Double Energy","Rebound"],"picked":"SKIP","floor":2.0},{"not_picked":["Hologram","Conserve Battery"],"picked":"Ball Lightning","floor":4.0},{"not_picked":["Consume","Stack"],"picked":"Reinforced Body","floor":7.0},{"not_picked":["Auto Shields","Heatsinks"],"picked":"Loop","floor":8.0},{"not_picked":["Compile Driver","Beam Cell"],"picked":"Go for the Eyes","floor":10.0},{"not_picked":["Redo","Fission"],"picked":"Capacitor","floor":11.0},{"not_picked":["Hologram","Compile Driver"],"picked":"Sunder","floor":12.0},{"not_picked":["Scrape","Gash"],"picked":"Conserve Battery","floor":14.0},{"not_picked":["Buffer","Machine Learning"],"picked":"Echo Form","floor":16.0},{"not_picked":["Coolheaded","Streamline"],"picked":"FTL","floor":18.0},{"not_picked":["Heatsinks","Streamline","Compile Driver"],"picked":"SKIP","floor":19.0},{"not_picked":["Gash","Rebound"],"picked":"Ball Lightning","floor":20.0},{"not_picked":["Redo","Barrage"],"picked":"BootSequence","floor":22}],"player_experience":1227691,"relics_obtained":[{"floor":7.0,"key":"Omamori"}],"event_choices":[{"damage_healed":0.0,"max_hp_gain":0.0,"max_hp_loss":0.0,"gold_gain":0.0,"event_name":"Golden Idol","player_choice":"Take Damage","floor":3.0,"gold_loss":0.0,"damage_taken":18.0,"relics_obtained":["Golden Idol"]},{"damage_healed":0.0,"max_hp_gain":0.0,"max_hp_loss":0.0,"gold_gain":0.0,"event_name":"Upgrade Shrine","player_choice":"Upgraded","floor":5.0,"gold_loss":0.0,"damage_taken":0.0,"cards_upgraded":["Dualcast"]},{"damage_healed":0,"gold_gain":75,"player_choice":"Touch","damage_taken":7,"max_hp_gain":0,"max_hp_loss":0,"event_name":"FaceTrader","floor":21,"gold_loss":0},{"damage_healed":0,"gold_gain":0,"player_choice":"Fight","damage_taken":0,"max_hp_gain":0,"max_hp_loss":0,"event_name":"Colosseum","floor":24,"gold_loss":0},{"damage_healed":0,"gold_gain":0,"player_choice":"Fled From Nobs","damage_taken":0,"max_hp_gain":0,"max_hp_loss":0,"event_name":"Colosseum","floor":24,"gold_loss":0}],"is_beta":false,"boss_relics":[{"not_picked":["Lizard Tail","Eternal Feather"],"picked":"Runic Dome"}],"items_purged_floors":[13],"is_endless":false,"potions_floor_spawned":[7,8,14,16,20,22],"killed_by":"Centurion and Healer","ascension_level":0}