{"gold_per_floor":[118,132,149,168,168,193,193,252,252,252],"floor_reached":10,"playtime":331,"items_purged":[],"score":119,"play_id":"33c24dce-1bc2-41ce-a02b-28ff565a1162","local_time":"20181020164659","is_ascension_mode":true,"campfire_choices":[{"data":"Neutralize","floor":7.0,"key":"SMITH"}],"neow_cost":"NONE","seed_source_timestamp":0,"circlet_count":0,"master_deck":["Defend_G","Defend_G","Defend_G","Defend_G","Defend_G","Strike_G","Strike_G","Strike_G","Strike_G","Survivor","Neutralize+1","AscendersBane","Poisoned Stab","Backstab","Poisoned Stab","Poisoned Stab","PiercingWail","Dodge and Roll"],"special_seed":0,"relics":["Ring of the Snake","Mummified Hand","Kunai","Sundial"],"potions_floor_usage":[10],"damage_taken":[{"damage":1.0,"enemies":"Cultist","floor":1.0,"turns":4.0},{"damage":0.0,"enemies":"2 Louse","floor":2.0,"turns":2.0},{"damage":0.0,"enemies":"Small Slimes","floor":3.0,"turns":4.0},{"damage":0.0,"enemies":"3 Louse","floor":4.0,"turns":4.0},{"damage":41.0,"enemies":"Lagavulin","floor":6.0,"turns":7.0},{"damage":20.0,"enemies":"Gremlin Nob","floor":8.0,"turns":4.0},{"damage":13,"enemies":"Exordium Thugs","floor":10,"turns":1}],"seed_played":"-8498856332563881273","potions_obtained":[{"floor":3.0,"key":"SpeedPotion"},{"floor":8.0,"key":"AttackPotion"}],"is_trial":false,"path_per_floor":["M","M","M","M","?","E","R","M","T"],"character_chosen":"THE_SILENT","items_purchased":[],"campfire_rested":0,"item_purchase_floors":[],"current_hp_per_floor":[64,64,64,64,64,23,23,3,3,0],"gold":252,"neow_bonus":"TEN_PERCENT_HP_BONUS","is_prod":false,"is_daily":false,"chose_seed":false,"campfire_upgraded":1,"win_rate":0,"timestamp":1540079219,"path_taken":["M","M","M","M","?","E","R","?","T","M"],"build_version":"2018-10-18","purchased_purges":0,"victory":false,"max_hp_per_floor":[72,72,72,72,72,72,72,72,72,72],"card_choices":[{"not_picked":["Reflex","Crippling Poison"],"picked":"Poisoned Stab","floor":1.0},{"not_picked":["Slice","Blade Dance"],"picked":"Backstab","floor":2.0},{"not_picked":["Choke","Prepared"],"picked":"Poisoned Stab","floor":3.0},{"not_picked":["Deadly Poison","Masterful Stab"],"picked":"Poisoned Stab","floor":4.0},{"not_picked":["Underhanded Strike","Tactician"],"picked":"PiercingWail","floor":6.0},{"not_picked":["Quick Slash","Dagger Spray"],"picked":"Dodge and Roll","floor":8.0}],"player_experience":968067,"relics_obtained":[{"floor":6.0,"key":"Mummified Hand"},{"floor":9.0,"key":"Sundial"}],"event_choices":[{"cards_removed":["Strike_G"],"damage_healed":0.0,"max_hp_gain":0.0,"max_hp_loss":0.0,"gold_gain":0.0,"event_name":"Living Wall","player_choice":"Forget","floor":5.0,"gold_loss":0.0,"damage_taken":0.0},{"damage_healed":0.0,"max_hp_gain":0.0,"max_hp_loss":0.0,"gold_gain":0.0,"event_name":"Dead Adventurer","player_choice":"Searched \u00272\u0027 times","floor":8.0,"gold_loss":0.0,"damage_taken":0.0,"relics_obtained":["Kunai"]}],"is_beta":false,"boss_relics":[],"items_purged_floors":[],"is_endless":false,"potions_floor_spawned":[3,8],"killed_by":"Exordium Thugs","ascension_level":15}