{"gold_per_floor":[112,130,130,153,166,205,221,240,240,256,101,119,139,139,139,139],"floor_reached":16,"playtime":1058,"items_purged":["Strike_R"],"score":108,"play_id":"6eb1c74f-af01-40e5-9790-cd04be363a76","local_time":"20180930211116","is_ascension_mode":false,"campfire_choices":[{"data":"Havoc","floor":15,"key":"SMITH"}],"neow_cost":"NONE","seed_source_timestamp":0,"circlet_count":0,"master_deck":["Strike_R","Strike_R","Strike_R","Strike_R","Defend_R","Defend_R","Defend_R","Defend_R","Bash","Pommel Strike","Warcry","True Grit","Havoc+1","Power Through","Armaments","Pummel","Disarm+1"],"special_seed":0,"relics":["Burning Blood","Golden Idol","Ornamental Fan","Lantern"],"potions_floor_usage":[16],"damage_taken":[{"damage":3.0,"enemies":"Jaw Worm","floor":1.0,"turns":4.0},{"damage":7.0,"enemies":"2 Louse","floor":2.0,"turns":4.0},{"damage":1.0,"enemies":"Cultist","floor":4.0,"turns":3.0},{"damage":15.0,"enemies":"Lots of Slimes","floor":5.0,"turns":7.0},{"damage":43.0,"enemies":"3 Sentries","floor":6.0,"turns":11.0},{"damage":13.0,"enemies":"Looter","floor":7.0,"turns":4.0},{"damage":1.0,"enemies":"2 Fungi Beasts","floor":8.0,"turns":4.0},{"damage":0.0,"enemies":"Large Slime","floor":10.0,"turns":4.0},{"damage":5.0,"enemies":"3 Louse","floor":12.0,"turns":4.0},{"damage":12,"enemies":"Lots of Slimes","floor":13,"turns":7},{"damage":25,"enemies":"The Guardian","floor":16,"turns":14}],"seed_played":"-864124854414945769","potions_obtained":[{"floor":2.0,"key":"BloodPotion"},{"floor":6.0,"key":"Poison Potion"},{"floor":7.0,"key":"Fire Potion"}],"is_trial":false,"path_per_floor":["M","M","?","M","M","E","M","M","T","M","$","M","M","?","R"],"character_chosen":"IRONCLAD","items_purchased":["Armaments","Pummel"],"campfire_rested":0,"item_purchase_floors":[11,11],"current_hp_per_floor":[80,79,59,64,55,26,19,24,24,30,30,31,25,25,25,0],"gold":139,"neow_bonus":"THREE_CARDS","is_prod":false,"is_daily":false,"chose_seed":false,"campfire_upgraded":1,"win_rate":0,"timestamp":1538367076,"path_taken":["M","M","?","?","M","E","?","M","T","M","$","M","M","?","R","BOSS"],"build_version":"2018-09-27","purchased_purges":1,"victory":false,"max_hp_per_floor":[80,80,80,80,80,80,80,80,80,80,80,80,80,80,80,80],"card_choices":[{"not_picked":["Perfected Strike","Sword Boomerang"],"picked":"Pommel Strike","floor":1.0},{"not_picked":["Anger","Sword Boomerang"],"picked":"Warcry","floor":2.0},{"not_picked":["Warcry","Thunderclap"],"picked":"True Grit","floor":4.0},{"not_picked":["Perfected Strike","Sword Boomerang"],"picked":"Havoc","floor":5.0},{"not_picked":["Dual Wield","Twin Strike","Exhume"],"picked":"SKIP","floor":6.0},{"not_picked":["Cleave","Entrench","Headbutt"],"picked":"SKIP","floor":7.0},{"not_picked":["Twin Strike","Headbutt"],"picked":"Power Through","floor":8.0},{"not_picked":["Rampage","Searing Blow","Headbutt"],"picked":"SKIP","floor":10.0},{"not_picked":["Burning Pact","Warcry","Armaments"],"picked":"SKIP","floor":12.0},{"not_picked":["Perfected Strike","Warcry"],"picked":"Disarm","floor":13}],"player_experience":832036,"relics_obtained":[{"floor":6.0,"key":"Ornamental Fan"},{"floor":9.0,"key":"Lantern"}],"event_choices":[{"event_name":"Golden Idol","player_choice":"Take Damage","floor":3.0,"damage_taken":0.0},{"event_name":"Living Wall","player_choice":"Grow","floor":14,"damage_taken":0}],"is_beta":false,"boss_relics":[],"items_purged_floors":[11],"is_endless":false,"potions_floor_spawned":[2,6,7],"killed_by":"The Guardian","ascension_level":0}