{"gold_per_floor":[113,125,142,162,162,192,192,225,225,239,258,270,37,37,37,137,137,154,44,44,60,0,30,30,30,30,43,20,45,45,59,59,155,155,174,219,219,219,229,259,277,48,48,83,99,99,129,141,141,141],"floor_reached":50,"playtime":6383,"items_purged":["Strike_B"],"score":632,"play_id":"0725cbe2-d132-4151-848d-cc7c801721be","local_time":"20180801015249","is_ascension_mode":false,"campfire_choices":[{"floor":7.0,"key":"REST"},{"floor":15.0,"key":"REST"},{"floor":24,"key":"REST"},{"floor":30,"key":"REST"},{"data":"White Noise","floor":32,"key":"SMITH"},{"floor":49,"key":"DIG"}],"neow_cost":"","seed_source_timestamp":0,"circlet_count":0,"master_deck":["Strike_B","Defend_B+1","Defend_B+1","Defend_B","Zap","Dualcast","Rebound","White Noise+1","Glacier","Heatsinks","Hologram","Hello World+1","Undo","Stack","BootSequence","Self Repair+1","Creative AI+1","Cold Snap","Defragment+1","Sunder","Conserve Battery","Buffer+1","Conserve Battery","FTL+1","Electrodynamics+1","Coolheaded","Defragment+1","Writhe","Chill+1","Capacitor+1","Cold Snap","Hologram+1","Self Repair+1","Meteor Strike","Chaos","Panache+1","Buffer+1","Barrage+1"],"special_seed":0,"relics":["Cracked Core","Pantograph","Frozen Egg 2","Kunai","Bag of Preparation","Sozu","Bottled Tornado","Meat on the Bone","Ginger","Empty Cage","Unceasing Top","Shovel","Anchor","Boot","Bag of Marbles","Bird Faced Urn","Happy Flower"],"potions_floor_usage":[23,44],"damage_taken":[{"damage":1.0,"enemies":"Jaw Worm","floor":1.0,"turns":3.0},{"damage":1.0,"enemies":"2 Louse","floor":2.0,"turns":3.0},{"damage":10.0,"enemies":"Cultist","floor":3.0,"turns":4.0},{"damage":4.0,"enemies":"3 Louse","floor":4.0,"turns":4.0},{"damage":14.0,"enemies":"3 Sentries","floor":6.0,"turns":14.0},{"damage":4.0,"enemies":"Lagavulin","floor":8.0,"turns":9.0},{"damage":0.0,"enemies":"Blue Slaver","floor":10.0,"turns":6.0},{"damage":5.0,"enemies":"2 Fungi Beasts","floor":11.0,"turns":5.0},{"damage":8.0,"enemies":"Red Slaver","floor":12.0,"turns":4.0},{"damage":50.0,"enemies":"Slime Boss","floor":16.0,"turns":17.0},{"damage":7.0,"enemies":"Spheric Guardian","floor":18.0,"turns":6.0},{"damage":25,"enemies":"3 Byrds","floor":21,"turns":7},{"damage":59,"enemies":"Gremlin Leader","floor":23,"turns":11},{"damage":0,"enemies":"Snecko","floor":27,"turns":7},{"damage":34,"enemies":"Slavers","floor":29,"turns":9},{"damage":2,"enemies":"Centurion and Healer","floor":31,"turns":6},{"damage":18,"enemies":"Collector","floor":33,"turns":13},{"damage":4,"enemies":"Orb Walker","floor":35,"turns":5},{"damage":18,"floor":36,"turns":5},{"damage":7,"floor":38,"turns":9},{"damage":24,"enemies":"3 Darklings","floor":39,"turns":5},{"damage":6,"enemies":"Giant Head","floor":40,"turns":9},{"damage":0,"enemies":"4 Shapes","floor":41,"turns":3},{"damage":0,"enemies":"Nemesis","floor":44,"turns":9},{"damage":32,"enemies":"Spire Growth","floor":45,"turns":6},{"damage":21,"enemies":"2 Orb Walkers","floor":47,"turns":7},{"damage":11,"enemies":"Maw","floor":48,"turns":8},{"damage":108,"enemies":"Awakened One","floor":50,"turns":9}],"seed_played":"-2783076733215878319","potions_obtained":[{"floor":2.0,"key":"Dexterity Potion"},{"floor":6.0,"key":"Energy Potion"},{"floor":8.0,"key":"PowerPotion"},{"floor":16.0,"key":"SteroidPotion"}],"is_trial":false,"path_per_floor":["M","M","M","M","?","E","R","E","T","M","M","M","$","?","R","B",null,"M","$","?","M","?","E","R","?","T","M","$","E","R","M","R","B",null,"M","?","?","?","M","E","M","$","T","E","M","?","E","M","R"],"character_chosen":"DEFECT","items_purchased":["Bag of Preparation","Self Repair+1","Defragment+1","Conserve Battery","Self Repair+1","Meteor Strike"],"campfire_rested":4,"item_purchase_floors":[13,13,19,28,42,42],"current_hp_per_floor":[74,73,63,59,52,38,60,56,56,56,51,50,50,35,57,35,75,75,75,75,60,60,11,33,33,33,65,65,53,75,75,75,67,75,75,57,75,75,68,72,72,72,72,75,63,63,62,75,75,0],"gold":141,"neow_bonus":"","is_prod":false,"is_daily":false,"chose_seed":false,"campfire_upgraded":1,"win_rate":0,"timestamp":1533081169,"path_taken":["M","M","M","M","?","E","R","E","T","M","M","M","$","?","R","BOSS","M","$","?","M","?","E","R","?","T","M","?","E","R","M","R","BOSS","M","?","?","?","M","E","M","$","T","E","M","?","E","M","R","BOSS"],"build_version":"2018-07-26","purchased_purges":1,"victory":false,"max_hp_per_floor":[75,75,75,75,75,75,75,75,75,75,75,75,75,75,75,75,75,75,75,75,75,75,75,75,75,75,75,75,75,75,75,75,75,75,75,75,75,75,75,75,75,75,75,75,75,75,75,75,75,75],"card_choices":[{"not_picked":["Go for the Eyes","Hologram"],"picked":"Rebound","floor":1.0},{"not_picked":["Double Energy","Redo"],"picked":"White Noise","floor":2.0},{"not_picked":["Stack","Hologram"],"picked":"Glacier","floor":3.0},{"not_picked":["Redo","Beam Cell"],"picked":"Heatsinks","floor":4.0},{"not_picked":["Rebound","Chaos"],"picked":"Hologram","floor":6.0},{"not_picked":["Darkness","Compile Driver"],"picked":"Hello World","floor":8.0},{"not_picked":["Seek","Streamline"],"picked":"Undo","floor":10.0},{"not_picked":["Beam Cell","Ball Lightning"],"picked":"Stack","floor":11.0},{"not_picked":["Steam","Thunder Strike"],"picked":"BootSequence","floor":12.0},{"not_picked":["Meteor Strike","Seek"],"picked":"Creative AI+1","floor":16.0},{"not_picked":["Static Discharge+1","Scrape"],"picked":"Cold Snap","floor":18},{"not_picked":["Redo","Ball Lightning"],"picked":"Sunder","floor":21},{"not_picked":["FTL","Scrape"],"picked":"Conserve Battery","floor":23},{"not_picked":["Rebound","Beam Cell"],"picked":"Buffer+1","floor":27},{"not_picked":["BootSequence","Leap+1"],"picked":"FTL+1","floor":29},{"not_picked":["Streamline","Rip and Tear","Sweeping Beam"],"picked":"SKIP","floor":31},{"not_picked":["Machine Learning+1","Multi-Cast"],"picked":"Electrodynamics+1","floor":33},{"not_picked":["Gash","Beam Cell+1"],"picked":"Coolheaded","floor":35},{"not_picked":["Turbo","Self Repair+1"],"picked":"Defragment+1","floor":36},{"not_picked":["Beam Cell","Glacier+1"],"picked":"Chill+1","floor":38},{"not_picked":["Undo+1","Ball Lightning+1"],"picked":"Capacitor+1","floor":39},{"not_picked":["Buffer+1","Static Discharge+1"],"picked":"Cold Snap","floor":40},{"not_picked":["Go for the Eyes+1","Sweeping Beam"],"picked":"Hologram+1","floor":41},{"not_picked":["Rebound+1","Rip and Tear+1","Turbo+1"],"picked":"SKIP","floor":44},{"not_picked":["Hello World+1","Self Repair+1"],"picked":"Chaos","floor":45},{"not_picked":["Purity","Swift Strike"],"picked":"Panache+1","floor":46},{"not_picked":["Rip and Tear","Gash+1"],"picked":"Buffer+1","floor":47},{"not_picked":["Steam","Ball Lightning"],"picked":"Barrage+1","floor":48}],"player_experience":63032,"relics_obtained":[{"floor":6.0,"key":"Pantograph"},{"floor":8.0,"key":"Frozen Egg 2"},{"floor":9.0,"key":"Kunai"},{"floor":23,"key":"Bottled Tornado"},{"floor":26,"key":"Meat on the Bone"},{"floor":29,"key":"Ginger"},{"floor":36,"key":"Unceasing Top"},{"floor":38,"key":"Shovel"},{"floor":40,"key":"Anchor"},{"floor":43,"key":"Boot"},{"floor":44,"key":"Bag of Marbles"},{"floor":47,"key":"Bird Faced Urn"},{"floor":49,"key":"Happy Flower"}],"event_choices":[{"event_name":"Golden Wing","player_choice":"Card Removal","floor":5.0,"damage_taken":0.0},{"event_name":"Shining Light","player_choice":"Entered Light","floor":14.0,"damage_taken":0.0},{"event_name":"Beggar","player_choice":"Ignored","floor":20,"damage_taken":0},{"event_name":"Masked Bandits","player_choice":"Paid Bandits 60 gold","floor":22,"damage_taken":0},{"event_name":"Vampires","player_choice":"Ignored","floor":25,"damage_taken":0},{"event_name":"Mysterious Sphere","player_choice":"Fight","floor":36,"damage_taken":0},{"event_name":"Winding Halls","player_choice":"Writhe","floor":37,"damage_taken":0},{"event_name":"MindBloom","player_choice":"Fight","floor":38,"damage_taken":0},{"event_name":"SensoryStone","player_choice":"Memory 1","floor":46,"damage_taken":0}],"is_beta":false,"boss_relics":[{"not_picked":["Busted Crown","Astrolabe"],"picked":"Sozu"},{"not_picked":["White Beast Statue","Snecko Eye"],"picked":"Empty Cage"}],"items_purged_floors":[19],"is_endless":false,"potions_floor_spawned":[2,6,8,10,16,18,23,33,35,38,40,41],"killed_by":"Awakened One","ascension_level":0}