{"gold_per_floor":[118,118,68,85,103,103,28,28,28,28,55,74,87,103,103,201,201,221,221,232,246,266,293,293,306,330,349,80,94,9,24,24,121,121,138,156,156,169,187,217,217,243,543,559,571,35,35,35,35,35,35,35,35,35],"floor_reached":54,"playtime":3422,"items_purged":["Defend_B","Strike_B","Parasite"],"score":725,"play_id":"8d71ceda-5160-47a0-8377-11de546989af","local_time":"20190426003335","is_ascension_mode":false,"campfire_choices":[{"data":"Zap","floor":6.0,"key":"SMITH"},{"data":"Dualcast","floor":8.0,"key":"SMITH"},{"data":"Hologram","floor":10.0,"key":"SMITH"},{"data":"Sunder","floor":15.0,"key":"SMITH"},{"data":"Go for the Eyes","floor":24.0,"key":"SMITH"},{"data":"Cold Snap","floor":32.0,"key":"SMITH"},{"data":"Lockon","floor":41.0,"key":"SMITH"},{"data":"Cold Snap","floor":47.0,"key":"SMITH"},{"floor":49.0,"key":"RECALL"},{"data":"All For One","floor":52.0,"key":"SMITH"}],"neow_cost":"NONE","seed_source_timestamp":17325132841749,"circlet_count":0,"master_deck":["Defend_B","Defend_B","Defend_B","Zap+1","Dualcast+1","Cold Snap+1","Coolheaded","Go for the Eyes+1","Hologram+1","Sunder+1","All For One+1","Leap","Coolheaded","Cold Snap+1","Machine Learning","Cold Snap+1","Coolheaded+1","Lockon+1","Coolheaded+1","Echo Form","White Noise","Sadistic Nature+1"],"special_seed":0,"relics":["Cracked Core","Busted Crown","Nloth\u0027s Gift","Regal Pillow","Centennial Puzzle","DataDisk","Smiling Mask","Coffee Dripper","Ancient Tea Set","Bag of Preparation","Old Coin","Frozen Egg 2"],"potions_floor_usage":[],"damage_taken":[{"damage":1.0,"enemies":"2 Louse","floor":1.0,"turns":2.0},{"damage":1.0,"enemies":"Jaw Worm","floor":4.0,"turns":3.0},{"damage":0.0,"enemies":"Cultist","floor":5.0,"turns":3.0},{"damage":24.0,"enemies":"Gremlin Nob","floor":11.0,"turns":5.0},{"damage":1.0,"enemies":"Looter","floor":12.0,"turns":3.0},{"damage":4.0,"enemies":"Lots of Slimes","floor":13.0,"turns":4.0},{"damage":1.0,"enemies":"Exordium Wildlife","floor":14.0,"turns":4.0},{"damage":11.0,"enemies":"Slime Boss","floor":16.0,"turns":11.0},{"damage":0.0,"enemies":"Chosen","floor":18.0,"turns":4.0},{"damage":3.0,"enemies":"3 Byrds","floor":20.0,"turns":3.0},{"damage":9.0,"enemies":"Snake Plant","floor":21.0,"turns":5.0},{"damage":4.0,"enemies":"Sentry and Sphere","floor":22.0,"turns":6.0},{"damage":16.0,"enemies":"Book of Stabbing","floor":23.0,"turns":8.0},{"damage":7.0,"enemies":"Shelled Parasite and Fungi","floor":25.0,"turns":5.0},{"damage":5.0,"enemies":"Snake Plant","floor":27.0,"turns":3.0},{"damage":0.0,"enemies":"3 Cultists","floor":29.0,"turns":5.0},{"damage":0.0,"enemies":"Shelled Parasite and Fungi","floor":31.0,"turns":5.0},{"damage":4.0,"enemies":"Champ","floor":33.0,"turns":14.0},{"damage":4.0,"enemies":"3 Shapes","floor":35.0,"turns":4.0},{"damage":2.0,"enemies":"Orb Walker","floor":36.0,"turns":3.0},{"damage":0.0,"enemies":"Jaw Worm Horde","floor":38.0,"turns":4.0},{"damage":1.0,"enemies":"Spire Growth","floor":39.0,"turns":5.0},{"damage":3.0,"enemies":"Reptomancer","floor":40.0,"turns":10.0},{"damage":10.0,"enemies":"Giant Head","floor":42.0,"turns":13.0},{"damage":12.0,"enemies":"4 Shapes","floor":44.0,"turns":5.0},{"damage":0.0,"enemies":"Writhing Mass","floor":45.0,"turns":7.0},{"damage":5.0,"enemies":"Donu and Deca","floor":50.0,"turns":10.0},{"damage":68,"enemies":"Shield and Spear","floor":54,"turns":6}],"seed_played":"-7184026161875643582","potions_obtained":[{"floor":11.0,"key":"Poison Potion"},{"floor":12.0,"key":"EssenceOfSteel"},{"floor":13.0,"key":"EssenceOfSteel"},{"floor":14.0,"key":"FearPotion"},{"floor":20.0,"key":"GamblersBrew"},{"floor":23.0,"key":"FairyPotion"},{"floor":25.0,"key":"Fire Potion"},{"floor":29.0,"key":"FocusPotion"},{"floor":36.0,"key":"Regen Potion"},{"floor":45.0,"key":"PowerPotion"}],"is_trial":false,"path_per_floor":["M","?","?","M","M","R","$","R","T","R","E","M","M","M","R","B",null,"M","?","M","M","M","E","R","M","T","M","$","M","?","M","R","B",null,"M","M","?","M","M","E","R","E","T","M","M","$","R","?","R","B",null,"R","$","E"],"character_chosen":"DEFECT","items_purchased":["DataDisk","Cold Snap","Frozen Egg 2","Sadistic Nature+1","FocusPotion"],"campfire_rested":0,"item_purchase_floors":[28,28,46,46,46],"current_hp_per_floor":[74,74,74,73,73,73,73,73,73,73,49,50,48,49,49,40,75,75,75,72,63,59,43,43,36,36,31,31,31,31,31,31,27,75,71,69,69,69,68,65,65,55,55,43,43,43,43,43,43,53,68,68,68,0],"gold":35,"neow_bonus":"THREE_CARDS","is_prod":false,"is_daily":false,"chose_seed":false,"campfire_upgraded":9,"win_rate":0,"timestamp":1556264015,"path_taken":["M","?","?","M","M","R","?","R","T","R","E","M","M","M","R","BOSS","M","?","M","M","M","E","R","M","T","?","$","M","?","M","R","BOSS","M","M","?","M","M","E","R","E","T","?","M","$","R","?","R","BOSS","R","$","E"],"build_version":"2019-01-23","purchased_purges":3,"victory":false,"max_hp_per_floor":[75,75,75,75,75,75,75,75,75,75,75,75,75,75,75,75,75,75,75,75,75,75,75,75,75,75,75,75,75,75,75,75,75,75,75,75,75,75,75,75,75,75,75,75,75,72,72,68,68,68,68,68,68,68],"card_choices":[{"not_picked":["Undo","Scrape"],"picked":"Cold Snap","floor":0.0},{"not_picked":["Redo","Hologram"],"picked":"Coolheaded","floor":1.0},{"not_picked":["Scrape","Rebound"],"picked":"Go for the Eyes","floor":4.0},{"not_picked":["Barrage","Beam Cell"],"picked":"Hologram","floor":5.0},{"not_picked":["Redo","Hyperbeam","Compile Driver"],"picked":"SKIP","floor":11.0},{"not_picked":["Barrage","Skim","Steam"],"picked":"SKIP","floor":12.0},{"not_picked":["Streamline","Turbo","Force Field"],"picked":"SKIP","floor":13.0},{"not_picked":["Darkness","Go for the Eyes"],"picked":"Sunder","floor":14.0},{"not_picked":["Meteor Strike","Rainbow"],"picked":"All For One","floor":16.0},{"not_picked":["Compile Driver"],"picked":"SKIP","floor":18.0},{"not_picked":[],"picked":"Leap","floor":20.0},{"not_picked":[],"picked":"Coolheaded","floor":21.0},{"not_picked":[],"picked":"Cold Snap+1","floor":22.0},{"not_picked":[],"picked":"Machine Learning","floor":23.0},{"not_picked":["Double Energy"],"picked":"SKIP","floor":25.0},{"not_picked":["Consume"],"picked":"SKIP","floor":27.0},{"not_picked":["Consume"],"picked":"SKIP","floor":27.0},{"not_picked":["Sweeping Beam+1"],"picked":"SKIP","floor":29.0},{"not_picked":["Heatsinks"],"picked":"SKIP","floor":31.0},{"not_picked":["Coolheaded"],"picked":"SKIP","floor":35.0},{"not_picked":[],"picked":"Coolheaded+1","floor":36.0},{"not_picked":[],"picked":"Coolheaded+1","floor":38.0},{"not_picked":["Reinforced Body+1"],"picked":"SKIP","floor":39.0},{"not_picked":[],"picked":"Echo Form","floor":40.0},{"not_picked":["Steam"],"picked":"SKIP","floor":42.0},{"not_picked":["Compile Driver+1"],"picked":"SKIP","floor":44.0},{"not_picked":[],"picked":"White Noise","floor":45.0}],"player_experience":1268284,"relics_obtained":[{"floor":11.0,"key":"Blood Vial"},{"floor":23.0,"key":"Regal Pillow"},{"floor":26.0,"key":"Centennial Puzzle"},{"floor":40.0,"key":"Ancient Tea Set"},{"floor":42.0,"key":"Bag of Preparation"},{"floor":43.0,"key":"Old Coin"}],"event_choices":[{"cards_removed":["Strike_B"],"damage_healed":0.0,"max_hp_gain":0.0,"max_hp_loss":0.0,"gold_gain":0.0,"event_name":"Living Wall","player_choice":"Forget","floor":2.0,"gold_loss":0.0,"damage_taken":0.0},{"cards_removed":["Strike_B"],"damage_healed":0.0,"max_hp_gain":0.0,"max_hp_loss":0.0,"gold_gain":0.0,"event_name":"The Cleric","player_choice":"Card Removal","floor":3.0,"gold_loss":50.0,"damage_taken":0.0},{"damage_healed":0.0,"max_hp_gain":0.0,"max_hp_loss":0.0,"gold_gain":0.0,"event_name":"N\u0027loth","player_choice":"Traded Relic","floor":19.0,"relics_lost":["Blood Vial"],"gold_loss":0.0,"damage_taken":0.0,"relics_obtained":["Nloth\u0027s Gift"]},{"damage_healed":0.0,"max_hp_gain":0.0,"max_hp_loss":0.0,"gold_gain":0.0,"event_name":"Addict","player_choice":"Obtained Relic","floor":30.0,"gold_loss":85.0,"damage_taken":0.0,"relics_obtained":["Smiling Mask"]},{"damage_healed":0.0,"max_hp_gain":0.0,"max_hp_loss":0.0,"gold_gain":0.0,"cards_transformed":["Strike_B"],"event_name":"Transmorgrifier","player_choice":"Transformed","floor":37.0,"gold_loss":0.0,"damage_taken":0.0,"cards_obtained":["Lockon"]},{"damage_healed":0.0,"max_hp_gain":0.0,"max_hp_loss":4.0,"gold_gain":0.0,"event_name":"Winding Halls","player_choice":"Max HP","floor":48.0,"gold_loss":0.0,"damage_taken":0.0}],"is_beta":false,"boss_relics":[{"not_picked":["Astrolabe","Calling Bell"],"picked":"Busted Crown"},{"not_picked":["Fusion Hammer","Eternal Feather"],"picked":"Coffee Dripper"}],"items_purged_floors":[7,28,46],"is_endless":false,"potions_floor_spawned":[11,12,13,14,20,23,25,27,29,36,39,42,44,45],"killed_by":"Shield and Spear","ascension_level":0}