{"path_per_floor":["M","?","M","M","$","R","$","E","T","M","E","?","$","M","R","B",null,"M","?","M","M","M","R"],"character_chosen":"THE_SILENT","items_purchased":["Prepared","Kunai","Bandage Up"],"gold_per_floor":[112,362,373,386,288,288,43,76,102,114,149,109,11,30,30,133,133,151,74,87,106,117,117,117],"floor_reached":24,"campfire_rested":2,"playtime":7212,"current_hp_per_floor":[62,62,57,52,52,52,52,48,48,43,4,4,4,8,29,19,57,46,46,47,25,5,26,0],"items_purged":["Regret"],"gold":117,"score":291,"play_id":"eb9e0a7b-7641-4fa7-b19c-5802e6d45836","local_time":"20180425202540","is_prod":false,"is_daily":false,"chose_seed":false,"is_ascension_mode":true,"campfire_upgraded":1,"timestamp":1524713140,"path_taken":["M","?","?","M","$","R","$","E","T","M","E","?","?","M","R","BOSS","M","?","M","M","M","R","E"],"build_version":"2018-04-19","seed_source_timestamp":25456838988336,"purchased_purges":1,"victory":false,"master_deck":["Defend_G","Defend_G","Defend_G","Defend_G","Defend_G","Strike_G","Strike_G","Strike_G","Strike_G","Strike_G","Survivor","Neutralize","Wraith Form v2","Heel Hook","Dagger Spray+1","Backflip","Prepared","Slice","Deflect","Dagger Throw","Bandage Up","Heel Hook","Adrenaline","Sucker Punch","J.A.X.","Backflip+1","Footwork+1","Quick Slash"],"max_hp_per_floor":[70,70,70,70,70,70,70,70,70,70,70,70,70,70,70,70,70,70,70,70,70,70,70,70],"relics":["Ring of the Snake","Kunai","Omamori","Bag of Preparation","Juzu Bracelet","Cursed Key"],"card_choices":[{"not_picked":["Cloak And Dagger","Acrobatics"],"picked":"Heel Hook","floor":1},{"not_picked":["Calculated Gamble","Sucker Punch"],"picked":"Dagger Spray","floor":3},{"not_picked":["Dagger Spray","PiercingWail"],"picked":"Backflip","floor":4},{"not_picked":["Bane","Choke"],"picked":"Slice","floor":8},{"not_picked":["Quick Slash","Blur"],"picked":"Deflect","floor":10},{"not_picked":["Wraith Form v2","Bane"],"picked":"Dagger Throw","floor":11},{"not_picked":["Finisher","Expertise"],"picked":"Heel Hook","floor":14},{"not_picked":["Doppelganger","Tactician"],"picked":"Adrenaline","floor":16},{"not_picked":["Cloak And Dagger","Riddle With Holes"],"picked":"Sucker Punch","floor":18},{"not_picked":["Dodge and Roll","Quick Slash"],"picked":"Backflip","floor":20},{"not_picked":["Dagger Throw","Well Laid Plans"],"picked":"Footwork","floor":21},{"not_picked":["Sucker Punch","Acrobatics"],"picked":"Quick Slash","floor":22}],"player_experience":374663,"potions_floor_usage":[8,11,11,16,16,22],"damage_taken":[{"damage":1,"enemies":"2 Louse","floor":1,"turns":5},{"damage":5,"enemies":"Cultist","floor":3,"turns":4},{"damage":5,"enemies":"Jaw Worm","floor":4,"turns":5},{"damage":4,"enemies":"3 Sentries","floor":8,"turns":6},{"damage":5,"enemies":"Lots of Slimes","floor":10,"turns":2},{"damage":39,"enemies":"Lagavulin","floor":11,"turns":13},{"damage":0,"enemies":"Blue Slaver","floor":14,"turns":7},{"damage":14,"enemies":"Hexaghost","floor":16,"turns":18},{"damage":15,"enemies":"Spheric Guardian","floor":18,"turns":8},{"damage":3,"enemies":"Shell Parasite","floor":20,"turns":4},{"damage":26,"enemies":"Snake Plant","floor":21,"turns":7},{"damage":24,"enemies":"Snecko","floor":22,"turns":7},{"damage":35,"enemies":"Book of Stabbing","floor":24,"turns":5}],"event_choices":[{"event_name":"Golden Shrine","player_choice":"Desecrate","floor":2,"damage_taken":0},{"event_name":"The Woman in Blue","player_choice":"Bought 3 Potions","floor":12,"damage_taken":0},{"event_name":"Drug Dealer","player_choice":"Got JAXXED","floor":19,"damage_taken":0}],"boss_relics":[{"not_picked":["Lizard Tail","Runic Dome"],"picked":"Cursed Key"}],"potions_floor_spawned":[3,8,10,14,18,21],"seed_played":"-3891128528811829577","killed_by":"Book of Stabbing","ascension_level":8,"is_trial":false}