{"path_per_floor":["M","M","$","M","M","E","R","M","T","E","?","?","R","M","R","B",null,"M","$","?","$","M","R","E","M","T","R","M","M","?","?","R"],"character_chosen":"IRONCLAD","items_purchased":["Metallicize","Whirlwind","Heavy Blade","Flex"],"gold_per_floor":[111,122,41,57,69,94,94,113,113,138,313,341,341,360,360,463,463,476,416,339,134,149,149,176,195,195,195,214,229,229,229,229,229],"floor_reached":33,"campfire_rested":3,"playtime":4255,"current_hp_per_floor":[67,69,69,71,66,45,45,47,47,43,43,31,57,61,61,7,67,50,50,50,50,51,51,25,15,15,41,41,36,36,36,62,0],"items_purged":["Strike_R","Strike_R"],"gold":229,"score":429,"play_id":"fa678e84-9578-41bf-81c8-f7e88f29c903","local_time":"20180523210745","is_prod":false,"is_daily":false,"chose_seed":false,"is_ascension_mode":true,"campfire_upgraded":3,"timestamp":1527134865,"campfire_choices":[{"data":"Metallicize","floor":7.0,"key":"SMITH"},{"floor":13.0,"key":"REST"},{"data":"Immolate","floor":15.0,"key":"SMITH"},{"data":"Whirlwind","floor":23.0,"key":"SMITH"},{"floor":27.0,"key":"REST"},{"floor":32.0,"key":"REST"}],"path_taken":["M","M","$","M","M","E","R","M","T","E","?","?","R","M","R","BOSS","M","?","?","$","M","R","E","M","T","R","M","?","?","?","R","BOSS"],"build_version":"2018-05-17","seed_source_timestamp":0,"purchased_purges":2,"victory":false,"master_deck":["Strike_R","Strike_R","Strike_R","Defend_R","Defend_R","Defend_R","Defend_R","Bash","AscendersBane","Battle Trance","Thunderclap","Metallicize+1","Clothesline","Cleave","Immolate+1","Doubt","Warcry","Demon Form","Seeing Red+1","Whirlwind+1","Heavy Blade","Flex","Battle Trance","Headbutt+1","Regret","Shrug It Off","Whirlwind+1"],"max_hp_per_floor":[80,80,80,80,80,87,87,87,87,87,87,87,87,87,87,87,87,87,87,87,87,87,87,87,87,87,87,89,89,89,89,89,93],"relics":["Burning Blood","Strawberry","Du-Vu Doll","The Courier","Odd Mushroom","Cursed Key","Dead Branch","Singing Bowl","Letter Opener"],"card_choices":[{"not_picked":["Cleave","Heavy Blade"],"picked":"Battle Trance","floor":1.0},{"not_picked":["Ghostly Armor","Headbutt"],"picked":"Thunderclap","floor":2.0},{"not_picked":["Evolve","Ghostly Armor"],"picked":"Clothesline","floor":4.0},{"not_picked":["Carnage","Sever Soul","Body Slam"],"picked":"SKIP","floor":5.0},{"not_picked":["Perfected Strike","Sever Soul"],"picked":"Cleave","floor":6.0},{"not_picked":["Thunderclap","Perfected Strike","Anger"],"picked":"SKIP","floor":8.0},{"not_picked":["Body Slam","Carnage"],"picked":"Immolate","floor":10.0},{"not_picked":["Feel No Pain","Thunderclap"],"picked":"Warcry","floor":14.0},{"not_picked":["Feed","Juggernaut"],"picked":"Demon Form","floor":16.0},{"not_picked":["Cleave","Carnage"],"picked":"Seeing Red+1","floor":18.0},{"not_picked":["Clothesline+1","Rage"],"picked":"Battle Trance","floor":22.0},{"not_picked":["Pommel Strike","Iron Wave"],"picked":"Headbutt+1","floor":24.0},{"not_picked":["Cleave+1","Blood for Blood","Thunderclap"],"picked":"SKIP","floor":25.0},{"not_picked":["Anger","Armaments","Clothesline"],"picked":"Singing Bowl","floor":28.0},{"not_picked":["Anger","Iron Wave"],"picked":"Shrug It Off","floor":29.0}],"player_experience":481219,"potions_floor_usage":[33,33],"damage_taken":[{"damage":11.0,"enemies":"2 Louse","floor":1.0,"turns":3.0},{"damage":4.0,"enemies":"Jaw Worm","floor":2.0,"turns":6.0},{"damage":4.0,"enemies":"Small Slimes","floor":4.0,"turns":3.0},{"damage":11.0,"enemies":"2 Fungi Beasts","floor":5.0,"turns":5.0},{"damage":44.0,"enemies":"Lagavulin","floor":6.0,"turns":10.0},{"damage":4.0,"enemies":"Blue Slaver","floor":8.0,"turns":5.0},{"damage":10.0,"enemies":"Gremlin Nob","floor":10.0,"turns":4.0},{"damage":18.0,"enemies":"The Mushroom Lair","floor":12.0,"turns":3.0},{"damage":2.0,"enemies":"Exordium Wildlife","floor":14.0,"turns":3.0},{"damage":60.0,"enemies":"The Guardian","floor":16.0,"turns":12.0},{"damage":23.0,"enemies":"3 Byrds","floor":18.0,"turns":3.0},{"damage":5.0,"enemies":"Spheric Guardian","floor":22.0,"turns":3.0},{"damage":32.0,"enemies":"Gremlin Leader","floor":24.0,"turns":5.0},{"damage":16.0,"enemies":"Snake Plant","floor":25.0,"turns":2.0},{"damage":8.0,"enemies":"3 Cultists","floor":28.0,"turns":3.0},{"damage":18.0,"enemies":"Snecko","floor":29.0,"turns":3.0},{"damage":67,"enemies":"Champ","floor":33,"turns":10}],"relics_obtained":[{"floor":6.0,"key":"Strawberry"},{"floor":9.0,"key":"Du-Vu Doll"},{"floor":10.0,"key":"The Courier"},{"floor":12.0,"key":"Odd Mushroom"},{"floor":24.0,"key":"Dead Branch"},{"floor":26.0,"key":"Singing Bowl"}],"event_choices":[{"event_name":"Liars Game","player_choice":"agreed","floor":11.0,"damage_taken":0.0},{"event_name":"Mushrooms","player_choice":"Fought Mushrooms","floor":12.0,"damage_taken":0.0},{"event_name":"Drug Dealer","player_choice":"Got JAXXED","floor":20.0,"damage_taken":0.0},{"event_name":"Duplicator","player_choice":"One dupe","floor":30.0,"damage_taken":0.0},{"event_name":"Addict","player_choice":"Gave JAX","floor":31.0,"damage_taken":0.0}],"boss_relics":[],"potions_floor_spawned":[4,5,6,8,12,25,28,29],"seed_played":"4414585628211533563","killed_by":"Champ","ascension_level":11,"potions_obtained":[{"floor":4.0,"key":"Regen Potion"},{"floor":5.0,"key":"AttackPotion"},{"floor":6.0,"key":"Poison Potion"},{"floor":8.0,"key":"FearPotion"},{"floor":12.0,"key":"Dexterity Potion"},{"floor":25.0,"key":"Regen Potion"},{"floor":28.0,"key":"GamblersBrew"},{"floor":29.0,"key":"Fruit Juice"}],"is_trial":false}