{"gold_per_floor":[115,132,149,169,179,179,197,197,197,266,266,294,305,319,319,319],"floor_reached":16,"playtime":690,"items_purged":[],"score":186,"play_id":"2e4129b2-1fbd-4d9d-b81e-5330c8d1d8f2","local_time":"20181102141504","is_ascension_mode":true,"campfire_choices":[{"data":"Dash","floor":6.0,"key":"SMITH"},{"data":"Bouncing Flask","floor":15,"key":"SMITH"}],"neow_cost":"NONE","seed_source_timestamp":0,"circlet_count":0,"master_deck":["AscendersBane","Defend_G","Defend_G","Defend_G","Defend_G","Defend_G","Strike_G","Strike_G","Strike_G","Strike_G","Survivor","Neutralize","Deadly Poison","Dash+1","Bouncing Flask+1","Escape Plan","Poisoned Stab","Backflip","Dodge and Roll"],"special_seed":0,"relics":["Ring of the Snake","Darkstone Periapt","Question Card","Mummified Hand"],"potions_floor_usage":[],"damage_taken":[{"damage":0.0,"enemies":"Jaw Worm","floor":1.0,"turns":6.0},{"damage":0.0,"enemies":"Small Slimes","floor":2.0,"turns":4.0},{"damage":1.0,"enemies":"Cultist","floor":3.0,"turns":4.0},{"damage":14.0,"enemies":"Large Slime","floor":4.0,"turns":9.0},{"damage":7.0,"enemies":"Exordium Thugs","floor":5.0,"turns":5.0},{"damage":6.0,"enemies":"Exordium Wildlife","floor":7.0,"turns":5.0},{"damage":20,"enemies":"Lagavulin","floor":12,"turns":8},{"damage":2,"enemies":"2 Fungi Beasts","floor":13,"turns":4},{"damage":6,"enemies":"Lots of Slimes","floor":14,"turns":5},{"damage":34,"enemies":"Slime Boss","floor":16,"turns":7}],"seed_played":"-2432300490765534783","potions_obtained":[{"floor":4.0,"key":"AttackPotion"},{"floor":7.0,"key":"SneckoOil"},{"floor":13,"key":"SpeedPotion"}],"is_trial":false,"path_per_floor":["M","M","M","M","M","R","M","?","T","T","?","E","M","M","R","B"],"character_chosen":"THE_SILENT","items_purchased":[],"campfire_rested":0,"item_purchase_floors":[],"current_hp_per_floor":[65,65,64,50,43,43,37,37,37,37,61,41,39,33,33,0],"gold":319,"neow_bonus":"TEN_PERCENT_HP_BONUS","is_prod":false,"is_daily":false,"chose_seed":false,"campfire_upgraded":2,"win_rate":0,"timestamp":1541193304,"path_taken":["M","M","M","M","M","R","M","?","T","?","?","E","M","?","R","BOSS"],"build_version":"2018-11-01","purchased_purges":0,"victory":false,"max_hp_per_floor":[72,72,72,72,72,72,72,72,72,72,72,72,72,72,72,72],"card_choices":[{"not_picked":["Prepared","Deflect"],"picked":"Deadly Poison","floor":1.0},{"not_picked":["Flying Knee","Sucker Punch"],"picked":"Dash","floor":2.0},{"not_picked":["Quick Slash","Slice","Prepared"],"picked":"SKIP","floor":3.0},{"not_picked":["Dodge and Roll","Expertise"],"picked":"Bouncing Flask","floor":4.0},{"not_picked":["Outmaneuver","Slice"],"picked":"Escape Plan","floor":5.0},{"not_picked":["Phantasmal Killer","Acrobatics","Cloak And Dagger"],"picked":"SKIP","floor":7.0},{"not_picked":["Blade Dance","Sucker Punch","Cloak And Dagger"],"picked":"Poisoned Stab","floor":12},{"not_picked":["Quick Slash","Night Terror","Slice"],"picked":"Backflip","floor":13},{"not_picked":["Bane","Dagger Spray","Acrobatics"],"picked":"Dodge and Roll","floor":14}],"player_experience":1001365,"relics_obtained":[{"floor":9.0,"key":"Darkstone Periapt"},{"floor":10.0,"key":"Question Card"},{"floor":12,"key":"Mummified Hand"}],"event_choices":[{"cards_removed":["Strike_G"],"damage_healed":0.0,"max_hp_gain":0.0,"max_hp_loss":0.0,"gold_gain":0.0,"event_name":"Living Wall","player_choice":"Forget","floor":8.0,"gold_loss":0.0,"damage_taken":0.0},{"damage_healed":24,"gold_gain":0,"player_choice":"Banana","damage_taken":0,"max_hp_gain":0,"max_hp_loss":0,"event_name":"Big Fish","floor":11,"gold_loss":0}],"is_beta":false,"boss_relics":[],"items_purged_floors":[],"is_endless":false,"potions_floor_spawned":[4,7,13],"killed_by":"Slime Boss","ascension_level":15}