{"gold_per_floor":[12,12,29,29,42,42,74,84,138,138,190,53,80,80,80,151,151,166,176,176,192,10,10],"floor_reached":23,"playtime":1029,"items_purged":[],"score":358,"play_id":"e2028e63-b5f7-4d28-bb2e-a3f94d67efd6","local_time":"20190302214602","is_ascension_mode":true,"campfire_choices":[{"data":"Streamline","floor":6.0,"key":"SMITH"},{"data":"Multi-Cast","floor":10.0,"key":"SMITH"},{"floor":15.0,"key":"REST"}],"neow_cost":"NO_GOLD","seed_source_timestamp":41506138521507,"circlet_count":0,"master_deck":["AscendersBane","Strike_B","Strike_B","Strike_B","Defend_B","Defend_B","Defend_B","Defend_B","Zap","Dualcast","Streamline+1","Leap","Multi-Cast+1","Darkness","Hologram","Redo","Ball Lightning","Leap","Seek","Conserve Battery","Machine Learning","Chill","Turbo","Master of Strategy"],"special_seed":0,"relics":["Cracked Core","Ginger","Dodecahedron","Oddly Smooth Stone","Happy Flower","Sozu","Enchiridion"],"potions_floor_usage":[23],"damage_taken":[{"damage":5.0,"enemies":"Small Slimes","floor":1.0,"turns":4.0},{"damage":0.0,"enemies":"2 Louse","floor":3.0,"turns":2.0},{"damage":4.0,"enemies":"Jaw Worm","floor":5.0,"turns":5.0},{"damage":17.0,"enemies":"Gremlin Nob","floor":7.0,"turns":4.0},{"damage":0.0,"enemies":"Red Slaver","floor":8.0,"turns":3.0},{"damage":20.0,"enemies":"3 Sentries","floor":13.0,"turns":8.0},{"damage":20.0,"enemies":"Slime Boss","floor":16.0,"turns":8.0},{"damage":6.0,"enemies":"Shell Parasite","floor":18.0,"turns":6.0},{"damage":8.0,"enemies":"3 Byrds","floor":19.0,"turns":5.0},{"damage":17.0,"enemies":"Snake Plant","floor":21.0,"turns":3.0},{"damage":6,"enemies":"Book of Stabbing","floor":23,"turns":2}],"seed_played":"-4992147413761508503","potions_obtained":[{"floor":3.0,"key":"Block Potion"},{"floor":7.0,"key":"GamblersBrew"},{"floor":13.0,"key":"FearPotion"}],"is_trial":false,"path_per_floor":["M","?","M","?","M","R","E","M","T","R","?","$","E","?","R","B",null,"M","M","?","M","$","E"],"character_chosen":"DEFECT","items_purchased":["Redo","Ball Lightning","Leap","Master of Strategy"],"campfire_rested":1,"item_purchase_floors":[12,12,12,22],"current_hp_per_floor":[59,59,59,59,55,55,38,38,38,38,38,38,18,18,39,19,58,52,44,23,6,6,0],"gold":10,"neow_bonus":"ONE_RARE_RELIC","is_prod":false,"is_daily":false,"chose_seed":false,"campfire_upgraded":2,"win_rate":0,"timestamp":1551559562,"path_taken":["M","?","M","?","M","R","E","M","T","R","?","$","E","?","R","BOSS","M","M","?","M","$","E"],"build_version":"2019-01-23","purchased_purges":0,"victory":false,"max_hp_per_floor":[71,71,71,71,71,71,71,71,71,71,71,71,71,71,71,71,71,71,71,71,71,71,71],"card_choices":[{"not_picked":["Cold Snap","Hologram"],"picked":"Streamline","floor":1.0},{"not_picked":["Beam Cell","Barrage"],"picked":"Leap","floor":3.0},{"not_picked":["Skim","Ball Lightning"],"picked":"Multi-Cast","floor":5.0},{"not_picked":["Turbo","Rebound"],"picked":"Darkness","floor":7.0},{"not_picked":["Static Discharge","Coolheaded"],"picked":"Hologram","floor":8.0},{"not_picked":["Leap","Turbo"],"picked":"Seek","floor":13.0},{"not_picked":["Meteor Strike","Creative AI"],"picked":"Machine Learning","floor":16.0},{"not_picked":["Gash","Conserve Battery"],"picked":"Chill","floor":18.0},{"not_picked":["Redo","Coolheaded"],"picked":"Turbo","floor":19.0},{"not_picked":["Leap","Streamline","Chill"],"picked":"SKIP","floor":21.0},{"not_picked":["Leap","Streamline","Chill"],"picked":"SKIP","floor":21.0}],"player_experience":432884,"relics_obtained":[{"floor":7.0,"key":"Dodecahedron"},{"floor":9.0,"key":"Oddly Smooth Stone"},{"floor":13.0,"key":"Happy Flower"},{"floor":20.0,"key":"Enchiridion"}],"event_choices":[{"damage_healed":0.0,"max_hp_gain":0.0,"max_hp_loss":0.0,"gold_gain":0.0,"event_name":"Scrap Ooze","player_choice":"Fled","floor":2.0,"gold_loss":0.0,"damage_taken":0.0},{"damage_healed":0.0,"max_hp_gain":0.0,"max_hp_loss":0.0,"gold_gain":0.0,"event_name":"Liars Game","player_choice":"Ignored","floor":4.0,"gold_loss":0.0,"damage_taken":0.0},{"damage_healed":0.0,"max_hp_gain":0.0,"max_hp_loss":0.0,"gold_gain":52.0,"event_name":"Golden Wing","player_choice":"Gained Gold","floor":11.0,"gold_loss":0.0,"damage_taken":0.0},{"damage_healed":0.0,"max_hp_gain":0.0,"max_hp_loss":0.0,"gold_gain":0.0,"cards_transformed":["Strike_B"],"event_name":"Transmorgrifier","player_choice":"Transformed","floor":14.0,"gold_loss":0.0,"damage_taken":0.0,"cards_obtained":["Conserve Battery"]},{"damage_healed":0.0,"max_hp_gain":0.0,"max_hp_loss":0.0,"gold_gain":0.0,"event_name":"Cursed Tome","player_choice":"Obtained Book","floor":20.0,"gold_loss":0.0,"damage_taken":21.0}],"is_beta":false,"boss_relics":[{"not_picked":["Fusion Hammer","Snecko Eye"],"picked":"Sozu"}],"items_purged_floors":[],"is_endless":false,"potions_floor_spawned":[3,7,13,18],"killed_by":"Book of Stabbing","ascension_level":16}