{"path_per_floor":["M","?","?","M","M","E","R","M","T","$","R","M","M","$","R","B",null,"M","M","?","?","M","R","M","M","T","M"],"character_chosen":"IRONCLAD","items_purchased":["Shovel"],"gold_per_floor":[210,385,385,400,420,454,454,468,468,80,80,95,114,14,14,114,114,127,141,141,141,161,161,177,195,195,211],"floor_reached":28,"campfire_rested":0,"playtime":2147,"current_hp_per_floor":[80,80,73,72,74,51,51,57,57,57,57,56,40,40,40,12,80,74,34,34,34,19,19,28,17,17,13],"items_purged":["Strike_R","Strike_R"],"gold":211,"score":235,"play_id":"cd9f4a7a-728d-4c6e-9c3f-d9fb4066098f","local_time":"20180311144719","is_prod":false,"is_daily":false,"is_ascension_mode":true,"campfire_upgraded":1,"timestamp":1520797639,"path_taken":["M","?","?","M","M","E","R","M","T","$","R","M","M","$","R","BOSS","M","M","?","?","M","R","M","M","T","M","M"],"build_version":"2018-03-09","purchased_purges":2,"victory":false,"master_deck":["Strike_R","Strike_R","Defend_R","Defend_R","Defend_R","Defend_R","Bash+1","Combust","Hemokinesis","Thunderclap","Inflame","Armaments","Spot Weakness","Berserk","Sword Boomerang","Infernal Blade","Ghostly Armor"],"max_hp_per_floor":[80,80,80,80,80,80,80,80,80,80,80,80,80,80,80,80,80,80,80,80,80,80,80,80,80,80,80],"relics":["Burning Blood","Magic Flower","Torii","Shovel","Mercury Hourglass","Dream Catcher","Runic Cube","Calipers","Orichalcum"],"card_choices":[{"not_picked":["Burning Pact","Searing Blow"],"picked":"Combust"},{"not_picked":["Clash","Heavy Blade"],"picked":"Hemokinesis"},{"not_picked":["Body Slam","Havoc"],"picked":"Thunderclap"},{"not_picked":["Uppercut","Searing Blow"],"picked":"Inflame"},{"not_picked":["Carnage","Flex"],"picked":"Armaments"},{"not_picked":["True Grit","Whirlwind"],"picked":"Spot Weakness"},{"not_picked":["Dark Embrace","Bludgeon"],"picked":"Berserk"},{"not_picked":["Havoc","Feel No Pain"],"picked":"Sword Boomerang"},{"not_picked":["Fire Breathing","Demon Form"],"picked":"Infernal Blade"},{"not_picked":["Havoc","Rampage"],"picked":"Ghostly Armor"}],"player_experience":139019,"potions_floor_usage":[6,8,16,16,24,28],"damage_taken":[{"damage":0,"enemies":"2 Louse","floor":1,"turns":3},{"damage":7,"enemies":"Small Slimes","floor":4,"turns":4},{"damage":4,"enemies":"Jaw Worm","floor":5,"turns":3},{"damage":29,"enemies":"Lagavulin","floor":6,"turns":5},{"damage":3,"enemies":"Large Slime","floor":8,"turns":4},{"damage":10,"enemies":"Exordium Wildlife","floor":12,"turns":3},{"damage":25,"enemies":"Red Slaver","floor":13,"turns":5},{"damage":37,"enemies":"Slime Boss","floor":16,"turns":10},{"damage":15,"enemies":"Chosen","floor":18,"turns":5},{"damage":49,"enemies":"2 Thieves","floor":19,"turns":4},{"damage":24,"enemies":"Centurion and Healer","floor":22,"turns":6},{"damage":20,"enemies":"Snake Plant","floor":24,"turns":5},{"damage":20,"enemies":"Cultist and Chosen","floor":25,"turns":6},{"damage":13,"enemies":"Centurion and Healer","floor":27,"turns":5},{"damage":46,"enemies":"Chosen and Byrds","floor":28,"turns":8}],"event_choices":[{"event_name":"Liars Game","player_choice":"agreed","floor":2,"damage_taken":0},{"event_name":"Golden Wing","player_choice":"Card Removal","floor":3,"damage_taken":0},{"event_name":"Back to Basics","player_choice":"Elegance","floor":20,"damage_taken":0},{"event_name":"Vampires","player_choice":"Ignored","floor":21,"damage_taken":0}],"boss_relics":[{"not_picked":["Philosopher\u0027s Stone","White Beast Statue"],"picked":"Runic Cube"}],"potions_floor_spawned":[1,4,5,12,22,25],"seed_played":"-865245875732560475","killed_by":"Chosen and Byrds","ascension_level":1,"is_trial":false}