{"gold_per_floor":[110,123,2,52,63,63,28,28,108,71,71,99,18,31,31,31],"floor_reached":16,"playtime":828,"items_purged":[],"score":191,"play_id":"78ee830f-c18b-4e3e-b3c4-38fe890024f1","local_time":"20190406095255","is_ascension_mode":true,"campfire_choices":[{"data":"Dualcast","floor":6,"key":"SMITH"},{"data":"Ball Lightning","floor":8,"key":"SMITH"},{"data":"Sunder","floor":15,"key":"SMITH"}],"neow_cost":"NONE","seed_source_timestamp":46695950226216,"circlet_count":0,"master_deck":["AscendersBane","Strike_B","Strike_B","Strike_B","Defend_B","Defend_B","Defend_B","Defend_B","Zap+1","Dualcast+1","Ball Lightning+1","Leap","Capacitor","FTL","Cold Snap","Capacitor","Sunder+1","Go for the Eyes","Self Repair","Go for the Eyes"],"relics":["Cracked Core","Darkstone Periapt","Sundial"],"potions_floor_usage":[12],"damage_taken":[{"damage":1,"enemies":"Cultist","floor":1,"turns":4},{"damage":4,"enemies":"Small Slimes","floor":2,"turns":4},{"damage":7,"enemies":"Jaw Worm","floor":5,"turns":3},{"damage":19,"enemies":"3 Sentries","floor":12,"turns":5},{"damage":0,"enemies":"2 Fungi Beasts","floor":14,"turns":2},{"damage":51,"enemies":"Hexaghost","floor":16,"turns":10}],"seed_played":"2887943601182592864","potions_obtained":[{"floor":1,"key":"Ancient Potion"},{"floor":2,"key":"PowerPotion"}],"is_trial":false,"path_per_floor":["M","M","$","?","M","R","?","R","T","$","?","E","$","M","R","B"],"character_chosen":"DEFECT","items_purchased":["Capacitor","FTL","Capacitor","Self Repair"],"campfire_rested":0,"item_purchase_floors":[3,3,10,13],"current_hp_per_floor":[63,59,59,59,52,52,69,69,69,69,69,50,50,50,50,0],"gold":31,"neow_bonus":"UPGRADE_CARD","is_prod":false,"is_daily":false,"chose_seed":false,"campfire_upgraded":3,"win_rate":0,"timestamp":1554537175,"path_taken":["M","M","$","?","?","R","?","R","T","?","?","E","$","M","R","BOSS"],"build_version":"2019-01-23","purchased_purges":0,"victory":false,"max_hp_per_floor":[71,71,71,71,71,71,71,71,71,71,71,71,71,71,71,71],"card_choices":[{"not_picked":["BootSequence","White Noise"],"picked":"Ball Lightning","floor":1},{"not_picked":["Skim","Gash"],"picked":"Leap","floor":2},{"not_picked":["Beam Cell","FTL"],"picked":"Cold Snap","floor":5},{"not_picked":["Stack","Steam"],"picked":"Go for the Eyes","floor":12},{"not_picked":["Turbo","Aggregate"],"picked":"Go for the Eyes","floor":14}],"player_experience":579615,"relics_obtained":[{"floor":9,"key":"Darkstone Periapt"},{"floor":12,"key":"Sundial"}],"event_choices":[{"damage_healed":0,"gold_gain":50,"player_choice":"Pray","damage_taken":0,"max_hp_gain":0,"max_hp_loss":0,"event_name":"Golden Shrine","floor":4,"gold_loss":0},{"damage_healed":17,"gold_gain":0,"player_choice":"Healed","damage_taken":0,"max_hp_gain":0,"max_hp_loss":0,"event_name":"The Cleric","floor":7,"gold_loss":35},{"damage_healed":0,"gold_gain":0,"cards_transformed":["Strike_B"],"player_choice":"Change","damage_taken":0,"max_hp_gain":0,"max_hp_loss":0,"event_name":"Living Wall","floor":11,"gold_loss":0,"cards_obtained":["Sunder"]}],"is_beta":false,"boss_relics":[],"items_purged_floors":[],"is_endless":false,"potions_floor_spawned":[1,2],"killed_by":"Hexaghost","ascension_level":19}