{"path_per_floor":["M","?","?","M","M","R","?","M","T","E","M","M","E","M","R"],"character_chosen":"THE_SILENT","items_purchased":[],"gold_per_floor":[119,119,369,385,400,400,400,417,442,470,483,494,522,540,540,540],"floor_reached":16,"campfire_rested":1,"playtime":5127,"current_hp_per_floor":[66,66,66,66,57,57,57,57,57,22,22,15,3,3,24,0],"items_purged":[],"gold":540,"score":114,"play_id":"da960386-5cae-46c5-86f4-e6fc73ac6635","local_time":"20180326192111","is_prod":false,"is_daily":false,"is_ascension_mode":false,"campfire_upgraded":1,"timestamp":1522117271,"path_taken":["M","?","?","?","?","R","?","?","T","E","M","M","E","M","R","BOSS"],"build_version":"2018-03-22v2","purchased_purges":0,"victory":false,"master_deck":["Defend_G","Defend_G","Defend_G","Defend_G","Defend_G","Strike_G","Strike_G","Strike_G","Survivor","Neutralize+1","Dagger Throw","Choke","Regret","Caltrops","Heel Hook","Venomology","Deflect","Slice","Slice"],"max_hp_per_floor":[70,70,70,70,70,70,70,70,70,70,70,70,70,70,70,70],"relics":["Ring of the Snake","Bag of Preparation","Vajra","Orichalcum"],"card_choices":[{"not_picked":["Bouncing Flask","Underhanded Strike"],"picked":"Dagger Throw","floor":1},{"not_picked":["Eviscerate","Cloak And Dagger"],"picked":"Caltrops","floor":8},{"not_picked":["Masterful Stab","Poisoned Stab"],"picked":"Heel Hook","floor":10},{"not_picked":["Dodge and Roll","Blade Dance"],"picked":"Venomology","floor":11},{"not_picked":["Cloak And Dagger","Dodge and Roll"],"picked":"Deflect","floor":12},{"not_picked":["Terror","Dagger Throw"],"picked":"Slice","floor":13},{"not_picked":["Calculated Gamble","Eviscerate"],"picked":"Slice","floor":14}],"player_experience":168084,"potions_floor_usage":[12,13,13,13,14,14,16],"damage_taken":[{"damage":4,"enemies":"2 Louse","floor":1,"turns":3},{"damage":0,"enemies":"Cultist","floor":4,"turns":4},{"damage":9,"enemies":"Jaw Worm","floor":5,"turns":5},{"damage":0,"enemies":"Red Slaver","floor":8,"turns":4},{"damage":35,"enemies":"3 Sentries","floor":10,"turns":10},{"damage":0,"enemies":"Exordium Thugs","floor":11,"turns":6},{"damage":7,"enemies":"Gremlin Gang","floor":12,"turns":6},{"damage":12,"enemies":"Lagavulin","floor":13,"turns":7},{"damage":0,"enemies":"Large Slime","floor":14,"turns":4},{"damage":25,"enemies":"The Guardian","floor":16,"turns":7}],"event_choices":[{"event_name":"Transmorgrifier","player_choice":"Transform","floor":2,"damage_taken":0},{"event_name":"Golden Shrine","player_choice":"Desecrate","floor":3,"damage_taken":0},{"event_name":"Purifier","player_choice":"One Purge","floor":7,"damage_taken":0}],"boss_relics":[],"potions_floor_spawned":[1,4,12,14],"seed_played":"-8840543984293168884","killed_by":"The Guardian","ascension_level":0,"is_trial":false}