{"gold_per_floor":[116,86,105,120,135,135,152,178,202,217,228,254,26,301,301,301],"floor_reached":16,"playtime":906,"items_purged":["Strike_G"],"score":139,"play_id":"63d8e88f-c8b4-41f4-9506-f9296646c51a","local_time":"20181010142530","is_ascension_mode":false,"campfire_choices":[{"data":"Well Laid Plans","floor":6,"key":"SMITH"},{"data":"Neutralize","floor":15,"key":"SMITH"}],"neow_cost":"PERCENT_DAMAGE","seed_source_timestamp":0,"circlet_count":0,"master_deck":["Defend_G","Defend_G","Defend_G","Defend_G","Defend_G","Strike_G","Strike_G","Strike_G","Strike_G","Survivor","Neutralize+1","Quick Slash","Dagger Spray","Cloak And Dagger","Well Laid Plans+1","Deflect","Backflip","Dagger Spray","Dodge and Roll","Regret"],"special_seed":0,"relics":["Ring of the Snake","Bottled Tornado","Vajra","Potion Belt","Pen Nib"],"potions_floor_usage":[8,8,12],"damage_taken":[{"damage":0.0,"enemies":"Small Slimes","floor":1.0,"turns":3.0},{"damage":1.0,"enemies":"Cultist","floor":3.0,"turns":6.0},{"damage":0.0,"enemies":"2 Louse","floor":4.0,"turns":2.0},{"damage":13,"enemies":"Exordium Thugs","floor":5,"turns":4},{"damage":2,"enemies":"3 Louse","floor":7,"turns":2},{"damage":6,"enemies":"Lagavulin","floor":8,"turns":8},{"damage":0,"enemies":"Large Slime","floor":10,"turns":4},{"damage":7,"enemies":"Exordium Wildlife","floor":11,"turns":4},{"damage":0,"enemies":"Gremlin Nob","floor":12,"turns":3},{"damage":49,"enemies":"Hexaghost","floor":16,"turns":14}],"seed_played":"8886204241504389204","potions_obtained":[{"floor":2.0,"key":"Regen Potion"},{"floor":2.0,"key":"Swift Potion"},{"floor":3.0,"key":"PowerPotion"},{"floor":4.0,"key":"Dexterity Potion"},{"floor":8,"key":"Fire Potion"},{"floor":10,"key":"FearPotion"},{"floor":12,"key":"Regen Potion"}],"is_trial":false,"path_per_floor":["M","?","M","M","M","R","M","E","T","M","M","E","$","?","R"],"character_chosen":"THE_SILENT","items_purchased":["Pen Nib"],"campfire_rested":0,"item_purchase_floors":[13],"current_hp_per_floor":[60,60,59,59,46,46,44,53,53,53,46,46,46,46,46,0],"gold":301,"neow_bonus":"TWENTY_PERCENT_HP_BONUS","is_prod":false,"is_daily":false,"chose_seed":false,"campfire_upgraded":2,"win_rate":0,"timestamp":1539206730,"path_taken":["M","?","M","M","M","R","M","E","T","M","M","E","$","?","R","BOSS"],"build_version":"2018-10-04v2","purchased_purges":1,"victory":false,"max_hp_per_floor":[84,84,84,84,84,84,84,84,84,84,84,84,84,84,84,84],"card_choices":[{"not_picked":["Blade Dance","Choke"],"picked":"Quick Slash","floor":1.0},{"not_picked":["Calculated Gamble","Heel Hook"],"picked":"Dagger Spray","floor":3.0},{"not_picked":["Deadly Poison","Accuracy"],"picked":"Cloak And Dagger","floor":4.0},{"not_picked":["Bane","Cloak And Dagger"],"picked":"Well Laid Plans","floor":5},{"not_picked":["Blade Dance","Eviscerate"],"picked":"Deflect","floor":7},{"not_picked":["Venomology","Predator"],"picked":"Backflip","floor":8},{"not_picked":["Flying Knee","Sucker Punch"],"picked":"Dagger Spray","floor":10},{"not_picked":["Sucker Punch","Underhanded Strike","Well Laid Plans"],"picked":"SKIP","floor":11},{"not_picked":["Bane","Flechettes"],"picked":"Dodge and Roll","floor":12}],"player_experience":915083,"relics_obtained":[{"floor":8,"key":"Bottled Tornado"},{"floor":9,"key":"Vajra"},{"floor":12,"key":"Potion Belt"}],"event_choices":[{"event_name":"The Woman in Blue","player_choice":"Bought 2 Potions","floor":2.0,"damage_taken":0.0},{"event_name":"Golden Shrine","player_choice":"Desecrate","floor":14,"damage_taken":0}],"is_beta":false,"boss_relics":[],"items_purged_floors":[13],"is_endless":false,"potions_floor_spawned":[3,4,7,8,10,12],"killed_by":"Hexaghost","ascension_level":0}