{"gold_per_floor":[109,124,135,153,78,78,91,91,91,91,102,102,176,194,194,284,284,297,373,21,36,36,36,36,70,70,70,70,70,70,91,91,91],"floor_reached":33,"playtime":1527,"items_purged":["Strike_B","Pain"],"score":451,"play_id":"c8ded6a6-50b6-48b2-b976-0d28556cab8b","local_time":"20180813091740","is_ascension_mode":true,"campfire_choices":[{"data":"Sunder","floor":6.0,"key":"SMITH"},{"data":"Hyperbeam","floor":8.0,"key":"SMITH"},{"data":"Zap","floor":10.0,"key":"SMITH"},{"floor":15.0,"key":"REST"},{"floor":23.0,"key":"REST"},{"floor":29.0,"key":"REST"},{"floor":32.0,"key":"REST"}],"neow_cost":"NONE","seed_source_timestamp":0,"circlet_count":0,"master_deck":["Strike_B","Strike_B","Strike_B","Defend_B","Defend_B","Defend_B","Defend_B","Zap+1","Dualcast","AscendersBane","Hyperbeam+1","Cold Snap","Sunder+1","Coolheaded","Glacier","Defragment","Cold Snap","Regret","Injury","Doubt","Cold Snap"],"special_seed":0,"relics":["Cracked Core","Orichalcum","Golden Idol","Tiny Chest","Cursed Key","Toxic Egg 2","Mercury Hourglass","Smiling Mask","Singing Bowl","Peace Pipe","Bird Faced Urn","Happy Flower"],"potions_floor_usage":[33,33],"damage_taken":[{"damage":0.0,"enemies":"Cultist","floor":1.0,"turns":3.0},{"damage":0.0,"enemies":"Small Slimes","floor":2.0,"turns":1.0},{"damage":5.0,"enemies":"Jaw Worm","floor":3.0,"turns":3.0},{"damage":0.0,"enemies":"2 Fungi Beasts","floor":4.0,"turns":2.0},{"damage":10.0,"enemies":"Large Slime","floor":7.0,"turns":5.0},{"damage":1.0,"enemies":"Looter","floor":11.0,"turns":2.0},{"damage":25.0,"enemies":"Gremlin Nob","floor":13.0,"turns":5.0},{"damage":0.0,"enemies":"2 Fungi Beasts","floor":14.0,"turns":2.0},{"damage":14.0,"enemies":"Hexaghost","floor":16.0,"turns":13.0},{"damage":15.0,"enemies":"2 Thieves","floor":18.0,"turns":3.0},{"damage":0.0,"enemies":"Chosen","floor":21.0,"turns":4.0},{"damage":60.0,"enemies":"Book of Stabbing","floor":25.0,"turns":8.0},{"damage":8.0,"enemies":"Snake Plant","floor":31.0,"turns":5.0},{"damage":61,"enemies":"Automaton","floor":33,"turns":10}],"seed_played":"8597690094490166140","potions_obtained":[{"floor":2.0,"key":"SkillPotion"},{"floor":3.0,"key":"PowerPotion"},{"floor":7.0,"key":"LiquidBronze"},{"floor":13.0,"key":"Block Potion"},{"floor":21.0,"key":"PowerPotion"},{"floor":31.0,"key":"SkillPotion"}],"is_trial":false,"path_per_floor":["M","M","M","M","$","R","M","R","T","R","M","?","E","M","R","B",null,"M","T","$","M","T","R","$","E","T","?","?","R","T","M","R"],"character_chosen":"DEFECT","items_purchased":["Mercury Hourglass"],"campfire_rested":4,"item_purchase_floors":[20],"current_hp_per_floor":[64,64,59,59,59,59,49,49,49,49,48,31,6,6,27,13,57,42,42,42,42,42,63,63,5,5,5,5,26,26,20,41,0],"gold":91,"neow_bonus":"ONE_RANDOM_RARE_CARD","is_prod":false,"is_daily":false,"chose_seed":false,"campfire_upgraded":3,"win_rate":0,"timestamp":1534177060,"path_taken":["M","M","M","M","?","R","M","R","T","R","?","?","E","M","R","BOSS","M","?","$","?","?","R","$","E","T","?","?","R","?","M","R","BOSS"],"build_version":"2018-08-09","purchased_purges":2,"victory":false,"max_hp_per_floor":[71,71,71,71,71,71,71,71,71,71,71,71,71,71,71,71,71,71,71,71,71,71,71,71,73,73,73,73,73,73,73,73,73],"card_choices":[{"not_picked":["Compile Driver","Fusion","Rip and Tear"],"picked":"SKIP","floor":1.0},{"not_picked":["Streamline","Turbo"],"picked":"Cold Snap","floor":2.0},{"not_picked":["Turbo","Self Repair","Hello World"],"picked":"SKIP","floor":3.0},{"not_picked":["Stack","Gash"],"picked":"Sunder","floor":4.0},{"not_picked":["Turbo","Chaos"],"picked":"Coolheaded","floor":7.0},{"not_picked":["Consume","Gash","Hologram"],"picked":"SKIP","floor":11.0},{"not_picked":["Go for the Eyes","Double Energy"],"picked":"Glacier","floor":13.0},{"not_picked":["Recycle","Streamline"],"picked":"Defragment","floor":14.0},{"not_picked":["Capacitor","Sweeping Beam"],"picked":"Cold Snap","floor":18.0},{"not_picked":["Melter","Sweeping Beam","Gash"],"picked":"SKIP","floor":21.0},{"not_picked":["Aggregate+1","Redo+1","Blizzard"],"picked":"Singing Bowl","floor":25.0},{"not_picked":["Stack+1","FTL"],"picked":"Cold Snap","floor":31.0}],"player_experience":754669,"relics_obtained":[{"floor":9.0,"key":"Orichalcum"},{"floor":13.0,"key":"Tiny Chest"},{"floor":19.0,"key":"Toxic Egg 2"},{"floor":22.0,"key":"Smiling Mask"},{"floor":25.0,"key":"Singing Bowl"},{"floor":26.0,"key":"Peace Pipe"},{"floor":30.0,"key":"Happy Flower"}],"event_choices":[{"event_name":"Golden Idol","player_choice":"Take Damage","floor":12.0,"damage_taken":0.0},{"event_name":"The Mausoleum","player_choice":"Yes","floor":27.0,"damage_taken":0.0},{"event_name":"Beggar","player_choice":"Ignored","floor":28.0,"damage_taken":0.0}],"is_beta":false,"boss_relics":[{"not_picked":["Inserter","Runic Pyramid"],"picked":"Cursed Key"}],"items_purged_floors":[5,20],"is_endless":false,"potions_floor_spawned":[2,3,7,13,14,21,31],"killed_by":"Automaton","ascension_level":14}