{"gold_per_floor":[20,20,20,32,46,46,63,63,141,161,161,175,135,190,190,269,269,280,280,28,44,55,55,83,83,110,110,123,149,149,64,64,142,142,160,29,29,29,41,69,69,69],"floor_reached":42,"playtime":1846,"items_purged":[],"score":978,"play_id":"8f581c84-7384-497e-b2b8-2c692f3601cd","local_time":"20190401120900","is_ascension_mode":true,"campfire_choices":[{"data":"1","floor":6.0,"key":"LIFT"},{"data":"2","floor":8.0,"key":"LIFT"},{"data":"3","floor":11.0,"key":"LIFT"},{"data":"Cloak And Dagger","floor":15.0,"key":"SMITH"},{"data":"Cloak And Dagger","floor":23.0,"key":"SMITH"},{"data":"Envenom","floor":25.0,"key":"SMITH"},{"data":"Cloak And Dagger","floor":30.0,"key":"SMITH"},{"data":"Leg Sweep","floor":32.0,"key":"SMITH"},{"floor":41.0,"key":"REST"}],"neow_cost":"NO_GOLD","seed_source_timestamp":76584111389941,"circlet_count":0,"master_deck":["AscendersBane","Defend_G","Defend_G","Defend_G","Defend_G","Defend_G","Strike_G","Strike_G","Strike_G","Strike_G","Survivor","Neutralize","Escape Plan","Quick Slash","Dagger Spray","Dodge and Roll","Cloak And Dagger+1","Dagger Spray","Envenom+1","Leg Sweep+1","Footwork","Cloak And Dagger+1","Cloak And Dagger+1","Disarm+1","Secret Technique","Panache+1","Dash","Accuracy","Coolheaded"],"special_seed":0,"relics":["Ring of the Snake","Girya","Pen Nib","Bottled Flame","Tiny Chest","MutagenicStrength","PrismaticShard","Bottled Lightning","Centennial Puzzle","Incense Burner","WingedGreaves","Velvet Choker","Smiling Mask"],"potions_floor_usage":[42],"damage_taken":[{"damage":7.0,"enemies":"Small Slimes","floor":1.0,"turns":5.0},{"damage":4.0,"enemies":"Jaw Worm","floor":4.0,"turns":7.0},{"damage":1.0,"enemies":"Cultist","floor":5.0,"turns":4.0},{"damage":8.0,"enemies":"Lots of Slimes","floor":7.0,"turns":6.0},{"damage":3.0,"enemies":"Large Slime","floor":10.0,"turns":6.0},{"damage":4.0,"enemies":"2 Fungi Beasts","floor":12.0,"turns":2.0},{"damage":4.0,"enemies":"3 Sentries","floor":14.0,"turns":6.0},{"damage":15.0,"enemies":"Slime Boss","floor":16.0,"turns":6.0},{"damage":0.0,"enemies":"Spheric Guardian","floor":18.0,"turns":3.0},{"damage":7.0,"enemies":"Shell Parasite","floor":21.0,"turns":2.0},{"damage":0.0,"enemies":"Cultist and Chosen","floor":22.0,"turns":3.0},{"damage":17.0,"enemies":"Book of Stabbing","floor":24.0,"turns":4.0},{"damage":0.0,"enemies":"Sentry and Sphere","floor":28.0,"turns":1.0},{"damage":0.0,"enemies":"Gremlin Leader","floor":29.0,"turns":3.0},{"damage":25.0,"enemies":"Automaton","floor":33.0,"turns":13.0},{"damage":22.0,"enemies":"3 Darklings","floor":35.0,"turns":6.0},{"damage":2.0,"enemies":"Orb Walker","floor":39.0,"turns":3.0},{"damage":25.0,"enemies":"Nemesis","floor":40.0,"turns":9.0},{"damage":37,"enemies":"Giant Head","floor":42,"turns":8}],"seed_played":"7787029164546288895","potions_obtained":[{"floor":1.0,"key":"Fire Potion"},{"floor":7.0,"key":"GamblersBrew"},{"floor":10.0,"key":"Energy Potion"},{"floor":22.0,"key":"AttackPotion"},{"floor":24.0,"key":"SteroidPotion"},{"floor":28.0,"key":"Dexterity Potion"},{"floor":33.0,"key":"GamblersBrew"}],"is_trial":false,"path_per_floor":["M","?","?","M","M","R","M","R","T","M","R","M","?","E","R","B",null,"M","?","$","M","M","R","E","R","T","?","M","E","R","?","R","B",null,"M","$","$","?","M","E","R","E"],"character_chosen":"THE_SILENT","items_purchased":["PrismaticShard","Footwork","Dash","Accuracy"],"campfire_rested":1,"item_purchase_floors":[20,20,36,36],"current_hp_per_floor":[52,47,47,43,42,42,34,34,34,31,31,27,27,23,23,8,52,52,52,52,45,45,45,28,28,28,41,41,41,41,41,41,16,54,32,32,32,32,30,5,24,0],"gold":69,"neow_bonus":"ONE_RARE_RELIC","is_prod":false,"is_daily":false,"chose_seed":false,"campfire_upgraded":5,"win_rate":0,"timestamp":1554113340,"path_taken":["M","?","?","M","?","R","?","R","T","M","R","M","?","E","R","BOSS","M","?","$","M","M","R","E","R","T","?","M","E","R","?","R","BOSS","M","$","$","?","M","E","R","E"],"build_version":"2019-01-23","purchased_purges":0,"victory":false,"max_hp_per_floor":[66,66,66,66,66,66,66,66,66,66,66,66,66,66,66,66,66,66,66,66,66,66,66,66,66,66,66,66,66,66,66,66,66,66,66,66,66,66,66,66,66,66],"card_choices":[{"not_picked":["Sucker Punch","Deadly Poison"],"picked":"Escape Plan","floor":1.0},{"not_picked":["Bane","Dodge and Roll"],"picked":"Quick Slash","floor":4.0},{"not_picked":["Quick Slash","Concentrate","Bane"],"picked":"SKIP","floor":5.0},{"not_picked":["Sucker Punch","Tactician"],"picked":"Dagger Spray","floor":7.0},{"not_picked":["Prepared","Quick Slash"],"picked":"Dodge and Roll","floor":10.0},{"not_picked":["Burst","Reflex"],"picked":"Cloak And Dagger","floor":12.0},{"not_picked":["Deflect","Slice"],"picked":"Dagger Spray","floor":14.0},{"not_picked":["Grand Finale","Night Terror"],"picked":"Envenom","floor":16.0},{"not_picked":["Predator","Heel Hook"],"picked":"Leg Sweep","floor":18.0},{"not_picked":["Poisoned Stab","Twin Strike"],"picked":"Cloak And Dagger","floor":21.0},{"not_picked":["Bane","Cleave"],"picked":"Cloak And Dagger","floor":22.0},{"not_picked":["Dagger Throw","Compile Driver"],"picked":"Disarm+1","floor":24.0},{"not_picked":["PanicButton","Mind Blast","Tempest"],"picked":"SKIP","floor":28.0},{"not_picked":["Caltrops","Thunderclap"],"picked":"Secret Technique","floor":29.0},{"not_picked":["Secret Weapon","The Bomb"],"picked":"Panache","floor":33.0},{"not_picked":["Prepared","Underhanded Strike","Loop"],"picked":"SKIP","floor":35.0},{"not_picked":["Finesse+1","Chill","Deep Breath"],"picked":"SKIP","floor":39.0},{"not_picked":["Finesse+1","Chill","Deep Breath"],"picked":"SKIP","floor":39.0},{"not_picked":["Slice","Flex"],"picked":"Coolheaded","floor":40.0}],"player_experience":560552,"relics_obtained":[{"floor":9.0,"key":"Bottled Flame"},{"floor":14.0,"key":"Tiny Chest"},{"floor":24.0,"key":"Bottled Lightning"},{"floor":26.0,"key":"Centennial Puzzle"},{"floor":29.0,"key":"Incense Burner"},{"floor":40.0,"key":"Smiling Mask"}],"event_choices":[{"damage_healed":0.0,"max_hp_gain":0.0,"max_hp_loss":0.0,"gold_gain":0.0,"event_name":"Scrap Ooze","player_choice":"Success","floor":2.0,"gold_loss":0.0,"damage_taken":5.0,"relics_obtained":["Pen Nib"]},{"cards_removed":["Strike_G"],"damage_healed":0.0,"max_hp_gain":0.0,"max_hp_loss":0.0,"gold_gain":0.0,"event_name":"Bonfire Elementals","player_choice":"Offered Basic","floor":3.0,"gold_loss":0.0,"damage_taken":0.0},{"damage_healed":0.0,"max_hp_gain":0.0,"max_hp_loss":0.0,"gold_gain":0.0,"event_name":"World of Goop","player_choice":"Left Gold","floor":13.0,"gold_loss":40.0,"damage_taken":0.0},{"damage_healed":0.0,"max_hp_gain":0.0,"max_hp_loss":0.0,"gold_gain":0.0,"event_name":"Drug Dealer","player_choice":"Inject Mutagens","floor":19.0,"gold_loss":0.0,"damage_taken":0.0,"relics_obtained":["MutagenicStrength"]},{"damage_healed":13.0,"max_hp_gain":0.0,"max_hp_loss":0.0,"gold_gain":0.0,"event_name":"The Library","player_choice":"Heal","floor":27.0,"gold_loss":0.0,"damage_taken":0.0},{"damage_healed":0.0,"max_hp_gain":0.0,"max_hp_loss":0.0,"gold_gain":0.0,"event_name":"Addict","player_choice":"Obtained Relic","floor":31.0,"gold_loss":85.0,"damage_taken":0.0,"relics_obtained":["WingedGreaves"]},{"damage_healed":0.0,"max_hp_gain":0.0,"max_hp_loss":0.0,"gold_gain":0.0,"event_name":"Upgrade Shrine","player_choice":"Upgraded","floor":38.0,"gold_loss":0.0,"damage_taken":0.0,"cards_upgraded":["Panache"]}],"is_beta":false,"boss_relics":[{"not_picked":["Snecko Eye","Calling Bell","Runic Dome"]},{"not_picked":["Pandora\u0027s Box","Empty Cage"],"picked":"Velvet Choker"}],"items_purged_floors":[],"is_endless":false,"potions_floor_spawned":[1,7,10,22,24,28,33],"killed_by":"Giant Head","ascension_level":20}