{"path_per_floor":["M","M","?","$","?","E","M","R","T","?","M","R","M","M","R","B",null,"M","M","$"],"character_chosen":"IRONCLAD","items_purchased":["Impervious","Bronze Scales"],"gold_per_floor":[111,129,129,48,123,149,168,168,168,168,186,186,205,221,221,326,326,341,308,86],"floor_reached":21,"campfire_rested":3,"playtime":2378,"current_hp_per_floor":[80,76,76,76,65,25,26,50,50,43,15,39,40,27,51,14,80,56,44,44],"items_purged":["Dual Wield"],"gold":86,"score":181,"play_id":"df46efa4-23af-49a0-8dda-99f65ae045b4","is_prod":false,"is_daily":false,"is_ascension_mode":false,"campfire_upgraded":0,"path_taken":["M","M","?","?","?","E","M","R","T","?","M","R","?","M","R","BOSS","M","M","$","M"],"build_version":"2018-02-15-PROD1","purchased_purges":1,"victory":false,"master_deck":["Strike_R","Strike_R","Strike_R","Strike_R","Strike_R","Defend_R","Defend_R","Defend_R","Defend_R","Bash","Decay","Juggernaut","Metallicize","Impervious","Armaments","Pommel Strike","Pommel Strike","Headbutt","Pummel","Limit Break","Shrug It Off","Intimidate"],"max_hp_per_floor":[80,80,80,80,80,80,80,80,80,80,80,80,80,80,80,80,80,80,80,80],"relics":["Burning Blood","Oddly Smooth Stone","Lantern","Gambling Chip","Sozu","Bronze Scales"],"card_choices":[{"not_picked":["Impervious","Brutality"],"picked":"Juggernaut"},{"not_picked":["Thunderclap","Headbutt"],"picked":"Dual Wield"},{"not_picked":["Thunderclap","Headbutt"],"picked":"Metallicize"},{"not_picked":["Power Through","Clash"],"picked":"Armaments"},{"not_picked":["Inflame","Cleave"],"picked":"Pommel Strike"},{"not_picked":["Rampage","Armaments"],"picked":"Pommel Strike"},{"not_picked":["Heavy Blade","Body Slam"],"picked":"Headbutt"},{"not_picked":["Flex","Hemokinesis"],"picked":"Pummel"},{"not_picked":["Demon Form","Offering"],"picked":"Limit Break"},{"not_picked":["Clash","Burning Pact"],"picked":"Shrug It Off"},{"not_picked":["Sword Boomerang","Fire Breathing"],"picked":"Intimidate"}],"player_experience":32858,"potions_floor_usage":[16,16,16],"damage_taken":[{"damage":4,"enemies":"2 Louse","floor":1,"turns":3},{"damage":10,"enemies":"Cultist","floor":2,"turns":5},{"damage":46,"enemies":"Lagavulin","floor":6,"turns":10},{"damage":5,"enemies":"Small Slimes","floor":7,"turns":6},{"damage":34,"enemies":"Exordium Thugs","floor":11,"turns":7},{"damage":5,"enemies":"3 Louse","floor":13,"turns":5},{"damage":19,"enemies":"Exordium Wildlife","floor":14,"turns":10},{"damage":58,"enemies":"The Guardian","floor":16,"turns":16},{"damage":30,"enemies":"Shell Parasite","floor":18,"turns":8},{"damage":18,"enemies":"2 Thieves","floor":19,"turns":5},{"damage":59,"enemies":"Cultist and Chosen","floor":21,"turns":7}],"event_choices":[{"event_name":"Accursed Blacksmith","player_choice":"Rummage","floor":3,"damage_taken":0},{"event_name":"World of Goop","player_choice":"Gather Gold","floor":5,"damage_taken":0},{"event_name":"Golden Wing","player_choice":"Card Removal","floor":10,"damage_taken":0}],"boss_relics":[{"not_picked":["Eternal Feather","White Beast Statue"],"picked":"Sozu"}],"potions_floor_spawned":[6,11,13,14,19],"seed_played":"3175870014370033753","killed_by":"Cultist and Chosen","ascension_level":0,"is_trial":false}