{"gold_per_floor":[16,28,46,46,58,92,103,103,103,103,253,328,341,88,88,166,166,179,196,196],"floor_reached":20,"playtime":941,"items_purged":["Doubt"],"score":308,"play_id":"4eb3dca6-5905-47cf-9ed7-f796f87cf187","local_time":"20180819132428","is_ascension_mode":true,"campfire_choices":[{"data":"Berserk","floor":8,"key":"SMITH"},{"floor":10,"key":"REST"},{"data":"Disarm","floor":15,"key":"SMITH"}],"neow_cost":"NO_GOLD","seed_source_timestamp":1115943842885,"circlet_count":0,"master_deck":["Strike_R","Strike_R","Strike_R","Strike_R","Defend_R","Defend_R","Defend_R","Defend_R","Bash","AscendersBane","Wild Strike","Whirlwind","Disarm+1","Dark Embrace","Iron Wave","Flex","Berserk+1","Pommel Strike","Demon Form","True Grit","Flame Barrier+1"],"relics":["Burning Blood","Calipers","Gremlin Horn","Shuriken","Bag of Marbles","Velvet Choker"],"potions_floor_usage":[6,16,20],"damage_taken":[{"damage":0,"enemies":"2 Louse","floor":1,"turns":4},{"damage":0,"enemies":"Small Slimes","floor":2,"turns":3},{"damage":6,"enemies":"Cultist","floor":3,"turns":3},{"damage":38,"enemies":"Large Slime","floor":5,"turns":6},{"damage":30,"enemies":"Gremlin Nob","floor":6,"turns":5},{"damage":11,"enemies":"3 Louse","floor":7,"turns":4},{"damage":4,"enemies":"Exordium Wildlife","floor":13,"turns":3},{"damage":26,"enemies":"Hexaghost","floor":16,"turns":11},{"damage":4,"enemies":"3 Byrds","floor":18,"turns":4},{"damage":56,"enemies":"Spheric Guardian","floor":19,"turns":6},{"damage":25,"enemies":"Centurion and Healer","floor":20,"turns":4}],"seed_played":"4868532561429451894","potions_obtained":[{"floor":3,"key":"Fire Potion"},{"floor":13,"key":"FearPotion"},{"floor":16,"key":"Dexterity Potion"},{"floor":18,"key":"BloodPotion"}],"is_trial":false,"path_per_floor":["M","M","M","?","M","E","M","R","T","R","?","?","M","$","R","B",null,"M","M"],"character_chosen":"IRONCLAD","items_purchased":["Bag of Marbles","Pommel Strike"],"campfire_rested":1,"item_purchase_floors":[14,14],"current_hp_per_floor":[74,75,75,75,43,19,14,14,14,36,36,25,27,27,27,7,58,60,10,0],"gold":196,"neow_bonus":"ONE_RARE_RELIC","is_prod":false,"is_daily":false,"chose_seed":false,"campfire_upgraded":2,"win_rate":0,"timestamp":1534710268,"path_taken":["M","M","M","?","M","E","M","R","T","R","?","?","M","$","R","BOSS","M","M","M"],"build_version":"2018-08-16","purchased_purges":1,"victory":false,"max_hp_per_floor":[75,75,75,75,75,75,75,75,75,75,75,75,75,75,75,75,75,75,75,75],"card_choices":[{"not_picked":["Flex","Hemokinesis"],"picked":"Wild Strike","floor":1},{"not_picked":["Perfected Strike","Sword Boomerang"],"picked":"Whirlwind","floor":2},{"not_picked":["Rampage","Rupture"],"picked":"Disarm","floor":3},{"not_picked":["Sword Boomerang","Headbutt"],"picked":"Iron Wave","floor":5},{"not_picked":["Body Slam","Anger"],"picked":"Flex","floor":6},{"not_picked":["Combust","Evolve"],"picked":"Berserk","floor":7},{"not_picked":["Anger","Hemokinesis","Power Through"],"picked":"SKIP","floor":13},{"not_picked":["Feed","Bludgeon"],"picked":"Demon Form","floor":16},{"not_picked":["Thunderclap","Flex"],"picked":"True Grit","floor":18},{"not_picked":["Ghostly Armor","Corruption"],"picked":"Flame Barrier+1","floor":19}],"player_experience":776681,"relics_obtained":[{"floor":6,"key":"Gremlin Horn"},{"floor":9,"key":"Shuriken"}],"event_choices":[{"event_name":"Living Wall","player_choice":"Change","floor":4,"damage_taken":0},{"event_name":"Liars Game","player_choice":"agreed","floor":11,"damage_taken":0},{"event_name":"World of Goop","player_choice":"Gather Gold","floor":12,"damage_taken":0}],"is_beta":false,"boss_relics":[{"not_picked":["Eternal Feather","Runic Dome"],"picked":"Velvet Choker"}],"items_purged_floors":[14],"is_endless":false,"potions_floor_spawned":[3,13,16,18],"killed_by":"Centurion and Healer","ascension_level":15}