{"gold_per_floor":[10,64,83,94,107,107,32,32,32,32,51,86,86,103,103,180,180,194,207,71,84,100,100,125,125,155,155,155,155,70,90,90,164,164,179,179,179,195,209,209,209],"floor_reached":41,"playtime":1563,"items_purged":["Defend_B","Defend_B"],"score":723,"play_id":"71583639-9adf-4a55-a6d7-c0ae587baf35","local_time":"20180817203118","is_ascension_mode":true,"campfire_choices":[{"data":"Zap","floor":6.0,"key":"SMITH"},{"data":"Dualcast","floor":8.0,"key":"SMITH"},{"data":"Doom and Gloom","floor":10.0,"key":"SMITH"},{"floor":15.0,"key":"REST"},{"floor":23.0,"key":"REST"},{"floor":25.0,"key":"REST"},{"floor":27.0,"key":"REST"},{"floor":32.0,"key":"REST"},{"floor":40,"key":"REST"}],"neow_cost":"NO_GOLD","seed_source_timestamp":0,"circlet_count":0,"master_deck":["Defend_B","Zap+1","Dualcast+1","AscendersBane","Doom and Gloom+1","Leap","Ball Lightning","Thunder Strike","Electrodynamics+1","Lockon+1","Fission+1","Leap+1","Glacier","Coolheaded","Conserve Battery","Chill","Ball Lightning","Go for the Eyes+1","Buffer","Leap","Injury","Defragment","Ball Lightning"],"special_seed":0,"relics":["Cracked Core","Dream Catcher","Happy Flower","Boot","Astrolabe","Matryoshka","Gremlin Horn","Tiny Chest","Kunai","Runic Dome"],"potions_floor_usage":[41],"damage_taken":[{"damage":1.0,"enemies":"Cultist","floor":1.0,"turns":3.0},{"damage":0.0,"enemies":"Small Slimes","floor":3.0,"turns":3.0},{"damage":2.0,"enemies":"2 Louse","floor":4.0,"turns":3.0},{"damage":8.0,"enemies":"Looter","floor":5.0,"turns":3.0},{"damage":0.0,"enemies":"3 Louse","floor":11.0,"turns":2.0},{"damage":28.0,"enemies":"Gremlin Nob","floor":12.0,"turns":4.0},{"damage":3.0,"enemies":"Blue Slaver","floor":14.0,"turns":4.0},{"damage":23.0,"enemies":"Slime Boss","floor":16.0,"turns":8.0},{"damage":28.0,"enemies":"Shell Parasite","floor":18.0,"turns":5.0},{"damage":0.0,"enemies":"3 Byrds","floor":19.0,"turns":1.0},{"damage":11.0,"enemies":"Centurion and Healer","floor":21.0,"turns":3.0},{"damage":5.0,"enemies":"Sentry and Sphere","floor":22.0,"turns":4.0},{"damage":32.0,"enemies":"Slavers","floor":24.0,"turns":3.0},{"damage":19.0,"enemies":"Shelled Parasite and Fungi","floor":31.0,"turns":4.0},{"damage":33.0,"enemies":"Automaton","floor":33.0,"turns":7.0},{"damage":0.0,"enemies":"3 Darklings","floor":35.0,"turns":3.0},{"damage":18,"enemies":"3 Shapes","floor":38,"turns":3},{"damage":21,"enemies":"3 Darklings","floor":39,"turns":4},{"damage":43,"enemies":"Giant Head","floor":41,"turns":7}],"seed_played":"-7032088790412061017","potions_obtained":[{"floor":1.0,"key":"Energy Potion"},{"floor":4.0,"key":"AttackPotion"},{"floor":12.0,"key":"SkillPotion"},{"floor":16.0,"key":"Energy Potion"},{"floor":19.0,"key":"PowerPotion"},{"floor":22.0,"key":"Strength Potion"},{"floor":31.0,"key":"Strength Potion"},{"floor":35.0,"key":"Weak Potion"}],"is_trial":false,"path_per_floor":["M","T","M","M","M","R","$","R","T","R","M","E","$","M","R","B",null,"M","M","$","M","M","R","E","R","T","R","?","?","?","M","R","B",null,"M","?","?","M","M","R"],"character_chosen":"DEFECT","items_purchased":["Glacier"],"campfire_rested":6,"item_purchase_floors":[20],"current_hp_per_floor":[63,63,63,61,53,53,53,53,53,53,53,25,25,22,43,20,58,30,30,30,19,14,35,3,24,24,45,45,45,45,26,47,14,57,57,57,57,39,18,39,0],"gold":209,"neow_bonus":"REMOVE_TWO","is_prod":false,"is_daily":false,"chose_seed":false,"campfire_upgraded":3,"win_rate":0,"timestamp":1534563078,"path_taken":["M","?","M","?","M","R","$","R","T","R","M","E","?","M","R","BOSS","M","M","$","M","M","R","E","R","T","R","?","?","?","M","R","BOSS","M","?","?","M","M","R","E"],"build_version":"2018-08-16","purchased_purges":2,"victory":false,"max_hp_per_floor":[71,71,71,71,71,71,71,71,71,71,71,71,71,71,71,71,71,71,71,71,71,71,71,71,71,71,71,71,71,71,71,71,71,71,71,71,71,71,71,71,71],"card_choices":[{"not_picked":["Consume","Capacitor"],"picked":"Doom and Gloom","floor":1.0},{"not_picked":["Redo","Recycle"],"picked":"Leap","floor":3.0},{"not_picked":["Compile Driver","Storm","Sweeping Beam"],"picked":"SKIP","floor":4.0},{"not_picked":["Stack","Capacitor","Rebound"],"picked":"SKIP","floor":5.0},{"not_picked":["Stack","Rebound","Reinforced Body"],"picked":"SKIP","floor":11.0},{"not_picked":["Streamline","Recycle","Creative AI"],"picked":"SKIP","floor":12.0},{"not_picked":["Heatsinks","Barrage","Gash"],"picked":"SKIP","floor":14.0},{"not_picked":["Static Discharge","Coolheaded"],"picked":"Ball Lightning","floor":15.0},{"not_picked":["Hyperbeam","Multi-Cast"],"picked":"Thunder Strike","floor":16.0},{"not_picked":["Beam Cell","Streamline","Rebound+1"],"picked":"SKIP","floor":18.0},{"not_picked":["Redo","Genetic Algorithm"],"picked":"Leap+1","floor":19.0},{"not_picked":["Rip and Tear+1","Redo"],"picked":"Coolheaded","floor":21.0},{"not_picked":["Gash","Redo+1","Doom and Gloom"],"picked":"SKIP","floor":22.0},{"not_picked":["Hologram","Steam Power"],"picked":"Conserve Battery","floor":23.0},{"not_picked":["Doom and Gloom","Redo"],"picked":"Chill","floor":24.0},{"not_picked":["Redo","Steam"],"picked":"Ball Lightning","floor":27.0},{"not_picked":["Rip and Tear","Streamline","Stack"],"picked":"SKIP","floor":31.0},{"not_picked":["Meteor Strike","Hyperbeam"],"picked":"Buffer","floor":33.0},{"not_picked":["Force Field","Steam Power"],"picked":"Leap","floor":35.0},{"not_picked":["Streamline","Rebound"],"picked":"Defragment","floor":38},{"not_picked":["Rebound+1","Multi-Cast"],"picked":"Ball Lightning","floor":39}],"player_experience":771008,"relics_obtained":[{"floor":2.0,"key":"Dream Catcher"},{"floor":9.0,"key":"Happy Flower"},{"floor":12.0,"key":"Boot"},{"floor":24.0,"key":"Matryoshka"},{"floor":26.0,"key":"Gremlin Horn"},{"floor":26.0,"key":"Tiny Chest"}],"event_choices":[{"event_name":"The Library","player_choice":"Read","floor":28.0,"damage_taken":0.0},{"event_name":"Vampires","player_choice":"Ignored","floor":29.0,"damage_taken":0.0},{"event_name":"Addict","player_choice":"Obtained Relic","floor":30.0,"damage_taken":0.0},{"event_name":"Accursed Blacksmith","player_choice":"Forge","floor":36,"damage_taken":0},{"event_name":"SensoryStone","player_choice":"Memory 1","floor":37,"damage_taken":0}],"is_beta":false,"boss_relics":[{"not_picked":["Philosopher\u0027s Stone","FrozenCore"],"picked":"Astrolabe"},{"not_picked":["Snecko Eye","Nuclear Battery"],"picked":"Runic Dome"}],"items_purged_floors":[7,20],"is_endless":false,"potions_floor_spawned":[1,4,12,16,19,22,31,35],"killed_by":"Giant Head","ascension_level":15}