{"path_per_floor":["M","?","$","?","?","E","R","M","T","M","M","R","E","M","R"],"character_chosen":"THE_SILENT","items_purchased":["Footwork"],"gold_per_floor":[117,117,42,7,182,211,211,231,231,246,262,262,292,312,312,312],"floor_reached":16,"campfire_rested":1,"playtime":1195,"item_purchase_floors":[3],"current_hp_per_floor":[62,48,48,65,65,42,42,42,42,42,41,62,49,48,48,0],"items_purged":[],"gold":312,"score":176,"play_id":"0b583e6f-8565-4114-bf94-a37cbf2d96a6","local_time":"20180527195729","is_prod":false,"is_daily":false,"chose_seed":false,"is_ascension_mode":true,"campfire_upgraded":2,"win_rate":0,"timestamp":1527476249,"campfire_choices":[{"data":"Footwork","floor":7,"key":"SMITH"},{"floor":12,"key":"REST"},{"data":"Malaise","floor":15,"key":"SMITH"}],"path_taken":["M","?","$","?","?","E","R","M","T","M","M","R","E","M","R","BOSS"],"build_version":"2018-05-24","seed_source_timestamp":848297238347488,"purchased_purges":0,"victory":false,"master_deck":["Defend_G+1","Defend_G","Defend_G","Defend_G","Defend_G","Strike_G+1","Strike_G","Strike_G","Strike_G","Strike_G","Survivor","Neutralize","AscendersBane","Doppelganger","Poisoned Stab","Footwork+1","Doubt","Leg Sweep","Backflip","Dagger Spray","Malaise","Malaise+1"],"max_hp_per_floor":[70,70,70,70,70,70,70,70,70,70,70,70,70,70,70,70],"relics":["Ring of the Snake","Juzu Bracelet","Centennial Puzzle","Omamori"],"card_choices":[{"not_picked":["Sucker Punch","Prepared"],"picked":"Poisoned Stab","floor":1},{"not_picked":["Cloak And Dagger","Corpse Explosion"],"picked":"Leg Sweep","floor":6},{"not_picked":["Blur","Prepared"],"picked":"Backflip","floor":8},{"not_picked":["Outmaneuver","Setup","Reflex"],"picked":"SKIP","floor":10},{"not_picked":["Prepared","Dodge and Roll"],"picked":"Dagger Spray","floor":11},{"not_picked":["Setup","Expertise"],"picked":"Malaise","floor":13},{"not_picked":["Prepared","Dodge and Roll"],"picked":"Malaise","floor":14}],"player_experience":527147,"potions_floor_usage":[6,13,14],"damage_taken":[{"damage":1,"enemies":"2 Louse","floor":1,"turns":4},{"damage":23,"enemies":"3 Sentries","floor":6,"turns":11},{"damage":0,"enemies":"Jaw Worm","floor":8,"turns":5},{"damage":0,"enemies":"Small Slimes","floor":10,"turns":5},{"damage":1,"enemies":"3 Louse","floor":11,"turns":7},{"damage":13,"enemies":"Gremlin Nob","floor":13,"turns":7},{"damage":1,"enemies":"Exordium Wildlife","floor":14,"turns":8},{"damage":55,"enemies":"Slime Boss","floor":16,"turns":12}],"relics_obtained":[{"floor":6,"key":"Juzu Bracelet"},{"floor":9,"key":"Centennial Puzzle"},{"floor":13,"key":"Omamori"}],"event_choices":[{"event_name":"Shining Light","player_choice":"Entered Light","floor":2,"damage_taken":0},{"event_name":"The Cleric","player_choice":"Healed","floor":4,"damage_taken":0},{"event_name":"Liars Game","player_choice":"agreed","floor":5,"damage_taken":0}],"boss_relics":[],"items_purged_floors":[],"potions_floor_spawned":[1,10,11],"seed_played":"6429158533613282062","killed_by":"Slime Boss","ascension_level":12,"potions_obtained":[{"floor":1,"key":"SkillPotion"},{"floor":10,"key":"AttackPotion"},{"floor":11,"key":"GhostInAJar"}],"is_trial":false}