{"gold_per_floor":[20,39,39,214,194,194,214,242,280,313,352,364],"floor_reached":12,"playtime":646,"items_purged":[],"score":103,"play_id":"819db935-bb0a-43df-9889-d74dc537b95f","local_time":"20180719193115","is_ascension_mode":true,"campfire_choices":[{"data":"Zap","floor":6,"key":"SMITH"}],"neow_cost":"NO_GOLD","seed_source_timestamp":5772193992631,"circlet_count":0,"master_deck":["Strike_B","Strike_B","Defend_B","Defend_B","Defend_B","Zap+1","Dualcast","Sweeping Beam","Leap","Doubt","Conserve Battery","Sunder","Self Repair","BootSequence"],"relics":["Cracked Core","MawBank","Vajra","Odd Mushroom","Ornamental Fan"],"potions_floor_usage":[8,8,10,11],"damage_taken":[{"damage":2,"enemies":"Jaw Worm","floor":1,"turns":3},{"damage":1,"enemies":"Cultist","floor":2,"turns":3},{"damage":0,"enemies":"2 Louse","floor":7,"turns":2},{"damage":21,"enemies":"3 Sentries","floor":8,"turns":6},{"damage":8,"floor":10,"turns":3},{"damage":32,"enemies":"Lagavulin","floor":11,"turns":8},{"damage":22,"enemies":"Large Slime","floor":12,"turns":4}],"seed_played":"-1340077900382462924","potions_obtained":[{"floor":5,"key":"EntropicBrew"},{"floor":8,"key":"SteroidPotion"},{"floor":11,"key":"FearPotion"}],"is_trial":false,"path_per_floor":["M","M","?","?","?","R","M","E","T","?","E"],"character_chosen":"DEFECT","items_purchased":[],"campfire_rested":0,"item_purchase_floors":[],"current_hp_per_floor":[73,72,72,72,72,72,72,51,51,43,18,0],"gold":364,"neow_bonus":"REMOVE_TWO","is_prod":false,"is_daily":false,"chose_seed":false,"campfire_upgraded":1,"win_rate":0,"timestamp":1532053875,"path_taken":["M","M","?","?","?","R","M","E","T","?","E","?"],"build_version":"2018-07-19","purchased_purges":0,"victory":false,"max_hp_per_floor":[75,75,75,75,75,75,75,75,75,75,75,75],"card_choices":[{"not_picked":["Beam Cell","Redo"],"picked":"Sweeping Beam","floor":1},{"not_picked":["Sweeping Beam","Skim"],"picked":"Leap","floor":2},{"not_picked":["Hologram","Leap"],"picked":"Conserve Battery","floor":7},{"not_picked":["Sweeping Beam","Lockon"],"picked":"Sunder","floor":8},{"not_picked":["Skim","Aggregate"],"picked":"Self Repair","floor":10},{"not_picked":["Double Energy","FTL"],"picked":"BootSequence","floor":11}],"player_experience":637579,"relics_obtained":[{"floor":8,"key":"MawBank"},{"floor":9,"key":"Vajra"},{"floor":10,"key":"Odd Mushroom"},{"floor":11,"key":"Ornamental Fan"}],"event_choices":[{"event_name":"Bonfire Elementals","player_choice":"BASIC","floor":3,"damage_taken":0},{"event_name":"Liars Game","player_choice":"agreed","floor":4,"damage_taken":0},{"event_name":"The Woman in Blue","player_choice":"Bought 1 Potion","floor":5,"damage_taken":0},{"event_name":"Mushrooms","player_choice":"Fought Mushrooms","floor":10,"damage_taken":0}],"is_beta":false,"boss_relics":[],"items_purged_floors":[],"is_endless":false,"potions_floor_spawned":[8,11],"killed_by":"Large Slime","ascension_level":4}