{"gold_per_floor":[363,373,391,411,361,361,389,564,564,564,514,514,531,399,399,399],"floor_reached":16,"playtime":844,"items_purged":["Doubt","Strike_B"],"score":115,"play_id":"3ccfe8f7-1c22-4e17-b275-a13656598623","local_time":"20180715205808","is_ascension_mode":true,"campfire_choices":[{"data":"Genetic Algorithm","floor":6,"key":"SMITH"},{"floor":10,"key":"REST"},{"data":"Multi-Cast","floor":12,"key":"SMITH"},{"floor":15,"key":"REST"}],"neow_cost":"FIFTY_PERCENT_DAMAGE","seed_source_timestamp":17223048341606,"circlet_count":0,"master_deck":["Strike_B","Strike_B","Strike_B","Defend_B","Defend_B","Defend_B","Zap","Dualcast","Go for the Eyes","Genetic Algorithm+1","Cold Snap","Conserve Battery","Multi-Cast+1","Capacitor","Ball Lightning"],"relics":["Cracked Core","Smiling Mask","Ice Cream"],"potions_floor_usage":[16],"damage_taken":[{"damage":0,"enemies":"Small Slimes","floor":1,"turns":3},{"damage":7,"enemies":"Jaw Worm","floor":2,"turns":3},{"damage":7,"enemies":"2 Louse","floor":3,"turns":3},{"damage":3,"enemies":"Looter","floor":4,"turns":4},{"damage":14,"enemies":"Gremlin Nob","floor":7,"turns":4},{"damage":2,"enemies":"Exordium Thugs","floor":13,"turns":4},{"damage":66,"enemies":"Slime Boss","floor":16,"turns":10}],"seed_played":"-1355353587280671241","potions_obtained":[{"floor":2,"key":"FairyPotion"},{"floor":3,"key":"SpeedPotion"},{"floor":13,"key":"LiquidBronze"}],"is_trial":false,"path_per_floor":["M","M","M","M","?","R","E","?","T","R","$","R","M","$","R"],"character_chosen":"DEFECT","items_purchased":["Capacitor","Ball Lightning"],"campfire_rested":2,"item_purchase_floors":[14,14],"current_hp_per_floor":[38,31,24,21,21,21,7,7,7,29,29,29,27,27,49,0],"gold":399,"neow_bonus":"TWO_FIFTY_GOLD","is_prod":false,"is_daily":false,"chose_seed":false,"campfire_upgraded":2,"win_rate":0,"timestamp":1531713488,"path_taken":["M","M","M","M","?","R","E","?","T","R","$","R","M","$","R","BOSS"],"build_version":"2018-07-12","purchased_purges":2,"victory":false,"max_hp_per_floor":[75,75,75,75,75,75,75,75,75,75,75,75,75,75,75,75],"card_choices":[{"not_picked":["Leap","Darkness"],"picked":"Go for the Eyes","floor":1},{"not_picked":["Gash","Chill"],"picked":"Genetic Algorithm","floor":2},{"not_picked":["Reinforced Body","Steam Power"],"picked":"Cold Snap","floor":3},{"not_picked":["Skim","Sweeping Beam"],"picked":"Conserve Battery","floor":4},{"not_picked":["Tempest","Beam Cell"],"picked":"Multi-Cast","floor":7},{"not_picked":["Rebound","Hologram","Recycle"],"picked":"SKIP","floor":13}],"player_experience":603599,"relics_obtained":[{"floor":7,"key":"Smiling Mask"},{"floor":9,"key":"Ice Cream"}],"event_choices":[{"event_name":"The Cleric","player_choice":"Card Removal","floor":5,"damage_taken":0},{"event_name":"Liars Game","player_choice":"agreed","floor":8,"damage_taken":0}],"boss_relics":[],"items_purged_floors":[11,14],"is_endless":false,"potions_floor_spawned":[2,3,13],"killed_by":"Slime Boss","ascension_level":3}