{"gold_per_floor":[109,121,140,140,140,170,95,95,120,120,149,49,66,66,66,168,168,183,106,126,143,162,190,208,208,234,234,259,58,58,70,70,175,175,188,38,38,38,38,64,80,112,112,112,127,146,164,178,178,178],"floor_reached":51,"playtime":3536,"items_purged":["Strike_R","Strike_R","Defend_R","Defend_R"],"score":767,"play_id":"7ad7d178-2607-4037-b6fd-450fc774c0f7","local_time":"20181006222230","is_ascension_mode":true,"campfire_choices":[{"floor":8,"key":"REST"},{"data":"Armaments","floor":10,"key":"SMITH"},{"data":"Flame Barrier","floor":15,"key":"SMITH"},{"data":"True Grit","floor":25,"key":"SMITH"},{"data":"Uppercut","floor":27,"key":"SMITH"},{"floor":32,"key":"REST"},{"data":"Heavy Blade","floor":49,"key":"SMITH"}],"neow_cost":"NONE","seed_source_timestamp":1996790454321360,"circlet_count":0,"master_deck":["Strike_R","Defend_R","Defend_R","Bash","Pommel Strike","Whirlwind","Armaments+1","Flame Barrier+1","Inflame","Impervious","Battle Trance","Shockwave","Shrug It Off","Uppercut+1","True Grit+1","Parasite","Spot Weakness+1","Metallicize","Decay","Battle Trance","Reaper","Body Slam+1","Heavy Blade+1","Disarm+1","Parasite","Doubt","Anger","Ghostly Armor+1","True Grit+1","Uppercut+1"],"relics":["Burning Blood","NeowsBlessing","CultistMask","Strawberry","Bronze Scales","Mummified Hand","Cursed Key","Bag of Marbles","Oddly Smooth Stone","Sundial","Coffee Dripper","Smiling Mask","Toxic Egg 2","Potion Belt"],"potions_floor_usage":[16,28,31,33,42,50],"damage_taken":[{"damage":0,"enemies":"Cultist","floor":1,"turns":1},{"damage":0,"enemies":"Small Slimes","floor":2,"turns":1},{"damage":0,"enemies":"2 Louse","floor":3,"turns":1},{"damage":48,"enemies":"Gremlin Nob","floor":6,"turns":6},{"damage":30,"enemies":"Lagavulin","floor":11,"turns":6},{"damage":1,"enemies":"Lots of Slimes","floor":13,"turns":2},{"damage":40,"enemies":"Slime Boss","floor":16,"turns":10},{"damage":15,"enemies":"Spheric Guardian","floor":18,"turns":5},{"damage":20,"enemies":"2 Thieves","floor":20,"turns":3},{"damage":6,"enemies":"Snake Plant","floor":21,"turns":4},{"damage":0,"enemies":"Shelled Parasite and Fungi","floor":22,"turns":5},{"damage":4,"enemies":"Book of Stabbing","floor":23,"turns":6},{"damage":25,"enemies":"Snecko","floor":24,"turns":5},{"damage":35,"enemies":"Gremlin Leader","floor":28,"turns":6},{"damage":0,"enemies":"Centurion and Healer","floor":31,"turns":5},{"damage":27,"enemies":"Collector","floor":33,"turns":11},{"damage":1,"enemies":"Orb Walker","floor":35,"turns":4},{"damage":74,"enemies":"2 Orb Walkers","floor":40,"turns":5},{"damage":12,"enemies":"3 Shapes","floor":41,"turns":5},{"damage":29,"enemies":"Giant Head","floor":42,"turns":8},{"damage":15,"enemies":"Maw","floor":45,"turns":7},{"damage":0,"enemies":"3 Darklings","floor":46,"turns":3},{"damage":0,"enemies":"Reptomancer","floor":47,"turns":5},{"damage":0,"enemies":"Maw","floor":48,"turns":7},{"damage":63,"enemies":"Time Eater","floor":50,"turns":13}],"seed_played":"-1518739601972679789","potions_obtained":[{"floor":2,"key":"FearPotion"},{"floor":6,"key":"Ancient Potion"},{"floor":11,"key":"Explosive Potion"},{"floor":21,"key":"Energy Potion"},{"floor":23,"key":"Poison Potion"},{"floor":31,"key":"Energy Potion"},{"floor":45,"key":"Regen Potion"}],"is_trial":false,"path_per_floor":["M","M","M","?","?","E","$","R","T","R","E","$","M","$","R","B",null,"M","$","M","M","M","E","M","R","T","R","E","$","?","M","R","B",null,"M","$","?","$","?","E","M","E","T","?","M","M","M","M","R","B"],"character_chosen":"IRONCLAD","items_purchased":["Shockwave","Metallicize"],"campfire_rested":2,"item_purchase_floors":[19,29],"current_hp_per_floor":[80,80,80,80,80,45,45,71,71,71,47,47,52,52,52,18,87,78,78,64,64,70,72,53,53,53,53,24,24,24,30,56,35,87,87,87,87,87,87,19,31,33,33,87,78,84,87,87,87,45],"gold":178,"neow_bonus":"THREE_ENEMY_KILL","is_prod":false,"is_daily":false,"chose_seed":false,"campfire_upgraded":5,"win_rate":0,"timestamp":1538857350,"path_taken":["M","M","?","?","?","E","$","R","T","R","E","$","M","$","R","BOSS","M","$","M","M","M","E","M","R","T","R","E","?","?","M","R","BOSS","M","$","?","$","?","E","?","E","T","?","?","M","M","M","R","BOSS"],"build_version":"2018-10-04v2","purchased_purges":4,"victory":true,"max_hp_per_floor":[80,80,80,80,80,87,87,87,87,87,87,87,87,87,87,87,87,87,87,87,87,87,87,87,87,87,87,87,87,87,87,87,87,87,87,87,87,87,87,87,87,87,87,87,87,87,87,87,87,87],"card_choices":[{"not_picked":["Clash","Wild Strike"],"picked":"Pommel Strike","floor":1},{"not_picked":["Ghostly Armor","Perfected Strike"],"picked":"Whirlwind","floor":2},{"not_picked":["Feel No Pain","Warcry"],"picked":"Armaments","floor":3},{"not_picked":["Dual Wield","Clothesline"],"picked":"Flame Barrier","floor":6},{"not_picked":["Sword Boomerang","Perfected Strike"],"picked":"Inflame","floor":11},{"not_picked":["Clash","Dual Wield","Sword Boomerang"],"picked":"SKIP","floor":13},{"not_picked":["Dark Embrace","Immolate"],"picked":"Impervious","floor":16},{"not_picked":["Wild Strike+1","Infernal Blade"],"picked":"Battle Trance","floor":18},{"not_picked":["Armaments","Blood for Blood","Rupture+1"],"picked":"SKIP","floor":20},{"not_picked":["Pommel Strike+1","Intimidate+1"],"picked":"Shrug It Off","floor":21},{"not_picked":["Sever Soul+1","Thunderclap+1"],"picked":"Uppercut","floor":22},{"not_picked":["Thunderclap","Pommel Strike"],"picked":"True Grit","floor":23},{"not_picked":["Wild Strike+1","Clash","Berserk"],"picked":"SKIP","floor":24},{"not_picked":["Havoc","Anger"],"picked":"Spot Weakness","floor":28},{"not_picked":["Inflame","Sword Boomerang"],"picked":"Battle Trance","floor":31},{"not_picked":["Juggernaut","Offering"],"picked":"Reaper","floor":33},{"not_picked":["Flex+1","Intimidate+1"],"picked":"Body Slam+1","floor":35},{"not_picked":["Cleave","Havoc+1","Second Wind"],"picked":"SKIP","floor":40},{"not_picked":["Flex","Cleave+1"],"picked":"Heavy Blade","floor":41},{"not_picked":["Infernal Blade","Cleave"],"picked":"Disarm","floor":42},{"not_picked":["Warcry+1","Havoc+1"],"picked":"Anger","floor":45},{"not_picked":["Warcry+1","Spot Weakness+1"],"picked":"Ghostly Armor+1","floor":46},{"not_picked":["Rupture+1","Thunderclap"],"picked":"True Grit+1","floor":47},{"not_picked":["Burning Pact+1","Anger"],"picked":"Uppercut+1","floor":48}],"player_experience":119865,"relics_obtained":[{"floor":6,"key":"Strawberry"},{"floor":9,"key":"Bronze Scales"},{"floor":11,"key":"Mummified Hand"},{"floor":23,"key":"Bag of Marbles"},{"floor":26,"key":"Oddly Smooth Stone"},{"floor":28,"key":"Sundial"},{"floor":40,"key":"Smiling Mask"},{"floor":42,"key":"Toxic Egg 2"},{"floor":43,"key":"Potion Belt"}],"event_choices":[{"event_name":"FaceTrader","player_choice":"Trade","floor":4,"damage_taken":0},{"event_name":"Wheel of Change","player_choice":"Card Removal","floor":5,"damage_taken":0},{"event_name":"Forgotten Altar","player_choice":"Smashed Altar","floor":30,"damage_taken":0},{"event_name":"Upgrade Shrine","player_choice":"Upgraded","floor":37,"damage_taken":0},{"event_name":"Falling","player_choice":"Removed Attack","floor":39,"damage_taken":0},{"event_name":"MindBloom","player_choice":"Heal","floor":44,"damage_taken":0}],"is_beta":false,"boss_relics":[{"not_picked":["Astrolabe","Runic Dome"],"picked":"Cursed Key"},{"not_picked":["Black Blood","White Beast Statue"],"picked":"Coffee Dripper"}],"items_purged_floors":[7,12,29,36],"is_endless":false,"potions_floor_spawned":[2,6,11,21,23,24,31,45],"ascension_level":1}