{"gold_per_floor":[10,29,29,48,58,89,89,116,116,116,143,143,26,38,38,110,160,118,98,10,27,43,43,71,71,98,98],"floor_reached":27,"playtime":3495,"items_purged":["Strike_B"],"score":471,"play_id":"cb5fe6de-1c94-407c-8635-504f5ac9cbea","local_time":"20190108000929","is_ascension_mode":true,"campfire_choices":[{"data":"Zap","floor":7,"key":"SMITH"},{"floor":10,"key":"REST"},{"data":"Dualcast","floor":12,"key":"SMITH"},{"data":"Cold Snap","floor":15,"key":"SMITH"},{"data":"Capacitor","floor":23,"key":"SMITH"},{"floor":25,"key":"REST"}],"neow_cost":"NO_GOLD","seed_source_timestamp":0,"circlet_count":0,"master_deck":["AscendersBane","Strike_B+1","Strike_B","Strike_B","Defend_B","Defend_B","Defend_B","Defend_B","Zap+1","Dualcast+1","Glacier","Coolheaded","Cold Snap+1","Ball Lightning","Chill","Echo Form","Cold Snap","Go for the Eyes","Capacitor+1","BootSequence","Cold Snap"],"special_seed":0,"relics":["Cracked Core","Art of War","WingedGreaves","Unceasing Top","Bag of Marbles","Tiny House","The Courier","Anchor"],"potions_floor_usage":[6,6,6,8,16,16,18,21,22,24],"damage_taken":[{"damage":12.0,"enemies":"Jaw Worm","floor":1.0,"turns":4.0},{"damage":8.0,"enemies":"Cultist","floor":2.0,"turns":5.0},{"damage":0.0,"enemies":"2 Louse","floor":4.0,"turns":2.0},{"damage":28.0,"enemies":"Exordium Thugs","floor":5.0,"turns":8.0},{"damage":4,"enemies":"Lagavulin","floor":6,"turns":11},{"damage":12,"enemies":"3 Sentries","floor":8,"turns":12},{"damage":2,"enemies":"Large Slime","floor":14,"turns":5},{"damage":30,"enemies":"Hexaghost","floor":16,"turns":15},{"damage":31,"enemies":"2 Thieves","floor":18,"turns":5},{"damage":21,"enemies":"Spheric Guardian","floor":21,"turns":6},{"damage":0,"enemies":"Centurion and Healer","floor":22,"turns":10},{"damage":38,"enemies":"Book of Stabbing","floor":24,"turns":7},{"damage":32,"enemies":"Masked Bandits","floor":27,"turns":2}],"seed_played":"-2097445772457134472","potions_obtained":[{"floor":3.0,"key":"EntropicBrew"},{"floor":3.0,"key":"Ancient Potion"},{"floor":4.0,"key":"PowerPotion"},{"floor":6,"key":"GamblersBrew"},{"floor":8,"key":"EssenceOfSteel"},{"floor":16,"key":"AttackPotion"},{"floor":17,"key":"SpeedPotion"},{"floor":18,"key":"Regen Potion"},{"floor":19,"key":"Fruit Juice"},{"floor":22,"key":"Strength Potion"},{"floor":24,"key":"FearPotion"}],"is_trial":false,"path_per_floor":["M","M","?","M","M","E","R","E","T","R","T","R","$","M","R","B",null,"M","?","$","M","M","R","E","R","T","?"],"character_chosen":"DEFECT","items_purchased":["Chill","Capacitor"],"campfire_rested":2,"item_purchase_floors":[13,20],"current_hp_per_floor":[66,58,58,58,30,26,26,14,14,39,39,39,39,37,37,7,71,40,40,40,24,39,39,1,29,29,0],"gold":98,"neow_bonus":"TWENTY_PERCENT_HP_BONUS","is_prod":false,"is_daily":false,"chose_seed":false,"campfire_upgraded":4,"win_rate":0,"timestamp":1546934969,"path_taken":["M","M","?","M","?","E","R","E","T","R","?","R","$","M","R","BOSS","M","?","?","M","M","R","E","R","T","?"],"build_version":"2019-01-03v4","purchased_purges":1,"victory":false,"max_hp_per_floor":[85,85,85,85,85,85,85,85,85,85,85,85,85,85,85,85,90,90,90,90,95,95,95,95,95,95,95],"card_choices":[{"not_picked":["Go for the Eyes","Steam Power"],"picked":"Glacier","floor":1.0},{"not_picked":["Blizzard","Scrape","Hello World"],"picked":"SKIP","floor":2.0},{"not_picked":["Hello World","Leap"],"picked":"Coolheaded","floor":4.0},{"not_picked":["Stack","Barrage","Redo"],"picked":"SKIP","floor":5.0},{"not_picked":["Static Discharge","Conserve Battery"],"picked":"Cold Snap","floor":6},{"not_picked":["Doom and Gloom","Heatsinks"],"picked":"Ball Lightning","floor":8},{"not_picked":["Doom and Gloom","Turbo","Lockon"],"picked":"SKIP","floor":14},{"not_picked":["Meteor Strike","Buffer"],"picked":"Echo Form","floor":16},{"not_picked":["Rip and Tear","Beam Cell"],"picked":"Cold Snap","floor":17},{"not_picked":["Steam","Skim"],"picked":"Go for the Eyes","floor":18},{"not_picked":["Compile Driver","Steam"],"picked":"BootSequence","floor":21},{"not_picked":["Thunder Strike","Go for the Eyes"],"picked":"Cold Snap","floor":22},{"not_picked":["Gash","Turbo","Consume"],"picked":"SKIP","floor":24}],"player_experience":1098879,"relics_obtained":[{"floor":6,"key":"Art of War"},{"floor":8,"key":"WingedGreaves"},{"floor":9,"key":"Unceasing Top"},{"floor":11,"key":"Bag of Marbles"},{"floor":24,"key":"The Courier"},{"floor":26,"key":"Anchor"}],"event_choices":[{"damage_healed":0.0,"max_hp_gain":0.0,"max_hp_loss":0.0,"gold_gain":0.0,"event_name":"Lab","player_choice":"Got Potions","floor":3.0,"gold_loss":0.0,"damage_taken":0.0},{"damage_healed":0,"gold_gain":0,"player_choice":"Bought 1 Potion","damage_taken":0,"max_hp_gain":0,"max_hp_loss":0,"event_name":"The Woman in Blue","floor":19,"gold_loss":0},{"damage_healed":0,"gold_gain":0,"player_choice":"Fought Bandits","damage_taken":0,"max_hp_gain":0,"max_hp_loss":0,"event_name":"Masked Bandits","floor":27,"gold_loss":0}],"is_beta":false,"boss_relics":[{"not_picked":["Eternal Feather","White Beast Statue"],"picked":"Tiny House"}],"items_purged_floors":[13],"is_endless":false,"potions_floor_spawned":[4,6,8,16,18,22,24],"killed_by":"Masked Bandits","ascension_level":17}