{"path_per_floor":["M","$","M","M","M","E","R","M","T","R","E","$","M","M","R","B",null,"M","?","M","?","$","R","?","R","T","M","M","M"],"character_chosen":"DEFECT","items_purchased":["Coolheaded","Self Repair"],"gold_per_floor":[113,38,58,76,96,122,122,137,137,137,171,21,34,51,51,154,154,165,165,184,217,57,57,157,157,157,170,182,192,192],"floor_reached":30,"campfire_rested":3,"playtime":2808,"item_purchase_floors":[12,22],"current_hp_per_floor":[72,72,71,71,62,44,44,44,44,44,39,39,34,21,43,19,75,52,52,52,6,6,28,28,50,50,52,16,19,0],"items_purged":["Pain","Strike_B","Strike_B"],"gold":192,"score":256,"play_id":"d4c0298f-958f-4f33-8efc-819741881c28","local_time":"20180605185345","is_prod":false,"is_daily":false,"chose_seed":false,"is_ascension_mode":true,"campfire_upgraded":2,"win_rate":0,"timestamp":1528242825,"campfire_choices":[{"data":"Creative AI","floor":7,"key":"SMITH"},{"data":"Zap","floor":10,"key":"SMITH"},{"floor":15,"key":"REST"},{"floor":23,"key":"REST"},{"floor":25,"key":"REST"}],"path_taken":["M","$","M","M","M","E","R","M","T","R","E","$","M","M","R","BOSS","M","?","?","?","$","R","?","R","T","M","M","M","E"],"build_version":"2018-05-31","seed_source_timestamp":101488486047237,"purchased_purges":3,"victory":false,"master_deck":["Strike_B","Strike_B","Defend_B","Defend_B+1","Defend_B","Defend_B+1","Zap+1","Dualcast","Creative AI+1","Beam Cell","Heatsinks","Go for the Eyes+1","FTL+1","Defragment","Echo Form","Defragment","Coolheaded","Force Field","Defragment","Buffer","White Noise","Turbo+1","Self Repair"],"max_hp_per_floor":[75,75,75,75,75,75,75,75,75,75,75,75,75,75,75,75,75,75,75,75,75,75,75,75,75,75,75,75,75,75],"relics":["Cracked Core","War Paint","Whetstone","Bag of Marbles","Sozu","Red Mask","Du-Vu Doll"],"card_choices":[{"not_picked":["Buffer","Reboot"],"picked":"Creative AI","floor":0},{"not_picked":["Static Discharge","Skim"],"picked":"Beam Cell","floor":1},{"not_picked":["Stack","Turbo"],"picked":"Heatsinks","floor":3},{"not_picked":["Loop","Coolheaded"],"picked":"Go for the Eyes","floor":4},{"not_picked":["Rip and Tear","Coolheaded"],"picked":"FTL","floor":5},{"not_picked":["Barrage","Ball Lightning"],"picked":"Defragment","floor":6},{"not_picked":["Coolheaded","Ball Lightning"],"picked":"Echo Form","floor":8},{"not_picked":["Compile Driver","Hologram"],"picked":"Defragment","floor":11},{"not_picked":["Loop","Rebound"],"picked":"Force Field","floor":13},{"not_picked":["Redo","Hologram"],"picked":"Defragment","floor":14},{"not_picked":["Reboot","Echo Form"],"picked":"Buffer","floor":16},{"not_picked":["Cold Snap","Gash","Turbo"],"picked":"SKIP","floor":18},{"not_picked":["Gash","Leap"],"picked":"White Noise","floor":20},{"not_picked":["Compile Driver","Gash"],"picked":"Turbo+1","floor":21},{"not_picked":["Hologram","Compile Driver","Stack"],"picked":"SKIP","floor":27},{"not_picked":["Hologram+1","Chaos","Coolheaded"],"picked":"SKIP","floor":28},{"not_picked":["Sunder","Coolheaded+1","FTL"],"picked":"SKIP","floor":29}],"player_experience":188125,"potions_floor_usage":[16,16],"damage_taken":[{"damage":3,"enemies":"2 Louse","floor":1,"turns":3},{"damage":1,"enemies":"Cultist","floor":3,"turns":3},{"damage":0,"enemies":"Small Slimes","floor":4,"turns":3},{"damage":9,"enemies":"Blue Slaver","floor":5,"turns":3},{"damage":18,"enemies":"3 Sentries","floor":6,"turns":6},{"damage":0,"enemies":"Large Slime","floor":8,"turns":6},{"damage":5,"enemies":"Lagavulin","floor":11,"turns":7},{"damage":5,"enemies":"3 Louse","floor":13,"turns":3},{"damage":13,"enemies":"Lots of Slimes","floor":14,"turns":4},{"damage":24,"enemies":"Hexaghost","floor":16,"turns":9},{"damage":23,"enemies":"3 Byrds","floor":18,"turns":5},{"damage":0,"enemies":"Spheric Guardian","floor":20,"turns":5},{"damage":46,"enemies":"Masked Bandits","floor":21,"turns":5},{"damage":5,"enemies":"Chosen and Byrds","floor":27,"turns":6},{"damage":43,"enemies":"3 Cultists","floor":28,"turns":6},{"damage":4,"enemies":"Sentry and Sphere","floor":29,"turns":7},{"damage":20,"enemies":"Book of Stabbing","floor":30,"turns":4}],"relics_obtained":[{"floor":6,"key":"War Paint"},{"floor":9,"key":"Whetstone"},{"floor":11,"key":"Bag of Marbles"},{"floor":21,"key":"Red Mask"},{"floor":26,"key":"Du-Vu Doll"}],"event_choices":[{"event_name":"The Lab","player_choice":"Got Potions","floor":19,"damage_taken":0},{"event_name":"Masked Bandits","player_choice":"Fought over 184 gold","floor":21,"damage_taken":0},{"event_name":"Golden Shrine","player_choice":"Pray","floor":24,"damage_taken":0}],"boss_relics":[{"not_picked":["Inserter","Orrery"],"picked":"Sozu"}],"items_purged_floors":[2,12,22],"potions_floor_spawned":[1,6,8,13,18,20,21,28],"seed_played":"8754682221353823453","killed_by":"Book of Stabbing","ascension_level":1,"potions_obtained":[{"floor":1,"key":"SteroidPotion"},{"floor":6,"key":"Weak Potion"},{"floor":8,"key":"FearPotion"},{"floor":13,"key":"FocusPotion"}],"is_trial":false}