{"gold_per_floor":[117,134,147,147,63,63,91,91,117,131,147,72,222,240,240,315,315,327,23,23,42,60,60,88,103,103,103,103,120,146,161,161,235,235,254,0,11,22,32,32,42,42,42,42,88,88,106,122,122,122],"floor_reached":51,"playtime":3888,"items_purged":["Doubt"],"score":1182,"play_id":"7e4a1e3a-680e-4889-92a2-1a5500f2809c","local_time":"20180827220524","is_ascension_mode":true,"campfire_choices":[{"data":"Havoc","floor":6.0,"key":"SMITH"},{"floor":8.0,"key":"REST"},{"data":"Disarm","floor":15.0,"key":"SMITH"},{"data":"True Grit","floor":23.0,"key":"SMITH"},{"data":"Anger","floor":28.0,"key":"SMITH"},{"data":"Metallicize","floor":32.0,"key":"SMITH"},{"data":"Metallicize","floor":40,"key":"SMITH"},{"data":"Metallicize","floor":42,"key":"SMITH"},{"data":"Inflame","floor":44,"key":"SMITH"},{"data":"Normality","floor":49,"key":"PURGE"}],"neow_cost":"PERCENT_DAMAGE","seed_source_timestamp":0,"circlet_count":0,"master_deck":["Strike_R+1","Strike_R+1","Strike_R+1","Strike_R+1","Defend_R+1","Defend_R+1","Defend_R+1","Defend_R+1","Bash+1","AscendersBane","Havoc+1","Evolve+1","Power Through+1","Clothesline+1","Shrug It Off+1","Disarm+1","Armaments+1","Reaper+1","Battle Trance+1","Ghostly Armor+1","Metallicize+1","Battle Trance+1","Metallicize+1","Offering+1","Ghostly Armor+1","Pommel Strike+1","True Grit+1","Anger+1","True Grit+1","Spot Weakness+1","Shockwave+1","Iron Wave+1","Pommel Strike+1","Impervious+1","Carnage+1","Shrug It Off+1","Metallicize+1","Whirlwind+1","Sentinel+1","Sentinel+1","Inflame+1","Pommel Strike+1","Shockwave+1","Ghostly Armor+1","True Grit+1","Clothesline+1","Shrug It Off+1","Blood for Blood","Iron Wave"],"special_seed":0,"relics":["Burning Blood","Prayer Wheel","Art of War","Mercury Hourglass","Pen Nib","Coffee Dripper","Bag of Marbles","Paper Frog","Meat on the Bone","Charon\u0027s Ashes","StoneCalendar","Orrery","Red Mask","Bag of Preparation","Peace Pipe","Mark of the Bloom"],"potions_floor_usage":[45],"damage_taken":[{"damage":1.0,"enemies":"Cultist","floor":1.0,"turns":4.0},{"damage":12.0,"enemies":"Small Slimes","floor":2.0,"turns":5.0},{"damage":1.0,"enemies":"Jaw Worm","floor":3.0,"turns":5.0},{"damage":33.0,"enemies":"Lagavulin","floor":7.0,"turns":13.0},{"damage":2.0,"enemies":"2 Fungi Beasts","floor":10.0,"turns":4.0},{"damage":0.0,"enemies":"3 Louse","floor":11.0,"turns":3.0},{"damage":0.0,"enemies":"Large Slime","floor":14.0,"turns":6.0},{"damage":22.0,"enemies":"The Guardian","floor":16.0,"turns":16.0},{"damage":23.0,"enemies":"Chosen","floor":18.0,"turns":7.0},{"damage":10.0,"enemies":"Spheric Guardian","floor":21.0,"turns":6.0},{"damage":6.0,"enemies":"Centurion and Healer","floor":22.0,"turns":9.0},{"damage":12.0,"enemies":"Book of Stabbing","floor":24.0,"turns":8.0},{"damage":16.0,"enemies":"Snake Plant","floor":25.0,"turns":6.0},{"damage":28.0,"enemies":"Shelled Parasite and Fungi","floor":29.0,"turns":7.0},{"damage":23.0,"enemies":"Slavers","floor":30.0,"turns":5.0},{"damage":25.0,"enemies":"Chosen and Byrds","floor":31.0,"turns":5.0},{"damage":52.0,"enemies":"Champ","floor":33.0,"turns":10.0},{"damage":24,"enemies":"3 Shapes","floor":35,"turns":2},{"damage":24,"enemies":"3 Darklings","floor":37,"turns":4},{"damage":6,"enemies":"Maw","floor":38,"turns":8},{"damage":27,"enemies":"Sphere and 2 Shapes","floor":39,"turns":7},{"damage":9,"enemies":"4 Shapes","floor":41,"turns":3},{"damage":22,"enemies":"Mysterious Sphere","floor":45,"turns":3},{"damage":8,"enemies":"3 Darklings","floor":47,"turns":4},{"damage":12,"enemies":"Flame Bruiser 2 Orb","floor":48,"turns":3},{"damage":20,"enemies":"Awakened One","floor":50,"turns":16}],"seed_played":"3402303284549125393","potions_obtained":[{"floor":2.0,"key":"Block Potion"},{"floor":7.0,"key":"Energy Potion"},{"floor":10.0,"key":"SteroidPotion"},{"floor":14.0,"key":"Fire Potion"},{"floor":18.0,"key":"GamblersBrew"},{"floor":21.0,"key":"Dexterity Potion"},{"floor":30.0,"key":"LiquidBronze"},{"floor":35,"key":"Fire Potion"},{"floor":38,"key":"GamblersBrew"},{"floor":39,"key":"AttackPotion"}],"is_trial":false,"path_per_floor":["M","M","M","?","$","R","E","R","T","M","M","?","?","M","R","B",null,"M","$","?","M","M","R","E","M","T","?","R","M","E","M","R","B",null,"M","?","M","M","M","R","M","R","T","R","?","?","M","M","R","B"],"character_chosen":"IRONCLAD","items_purchased":["Disarm","Bag of Marbles","True Grit"],"campfire_rested":1,"item_purchase_floors":[5,19,19],"current_hp_per_floor":[55,49,54,36,36,36,9,31,31,35,53,53,53,62,62,54,70,59,59,59,55,67,67,65,55,55,55,55,53,58,53,53,33,65,47,47,53,61,52,52,49,49,49,49,45,45,37,25,25,5],"gold":122,"neow_bonus":"ONE_RARE_RELIC","is_prod":false,"is_daily":false,"chose_seed":false,"campfire_upgraded":8,"win_rate":0,"timestamp":1535432724,"path_taken":["M","M","M","?","$","R","E","R","T","M","M","?","?","M","R","BOSS","M","$","?","M","M","R","E","M","T","?","R","M","E","M","R","BOSS","M","?","?","M","M","R","M","R","T","R","?","?","?","M","R","BOSS"],"build_version":"2018-08-23v2","purchased_purges":1,"victory":true,"max_hp_per_floor":[75,75,75,75,75,75,75,75,75,75,75,75,75,75,75,75,75,75,75,75,75,75,75,75,75,75,75,75,75,75,75,75,75,75,75,75,75,75,75,75,75,75,75,75,75,75,75,75,75,75],"card_choices":[{"not_picked":["Thunderclap","Twin Strike"],"picked":"Havoc","floor":1.0},{"not_picked":["Thunderclap","Clash"],"picked":"Evolve","floor":1.0},{"not_picked":["Hemokinesis","Reckless Charge"],"picked":"Power Through","floor":2.0},{"not_picked":["Pummel","Second Wind","Clothesline"],"picked":"SKIP","floor":2.0},{"not_picked":["Pummel","Second Wind"],"picked":"Clothesline","floor":2.0},{"not_picked":["Pommel Strike","Iron Wave"],"picked":"Shrug It Off","floor":3.0},{"not_picked":["Rage","Infernal Blade","Rupture"],"picked":"SKIP","floor":3.0},{"not_picked":["Rage","Thunderclap"],"picked":"Armaments","floor":7.0},{"not_picked":["Headbutt","Bloodletting"],"picked":"Reaper","floor":10.0},{"not_picked":["Thunderclap","Body Slam"],"picked":"Battle Trance","floor":10.0},{"not_picked":["Armaments","Searing Blow"],"picked":"Ghostly Armor","floor":11.0},{"not_picked":["Searing Blow","Battle Trance"],"picked":"Metallicize","floor":11.0},{"not_picked":["Corruption","Cleave"],"picked":"Battle Trance","floor":14.0},{"not_picked":["Carnage","Body Slam"],"picked":"Metallicize","floor":14.0},{"not_picked":["Demon Form","Dark Embrace"],"picked":"Offering","floor":16.0},{"not_picked":["Heavy Blade","Sever Soul"],"picked":"Ghostly Armor","floor":18.0},{"not_picked":["Cleave","Ghostly Armor"],"picked":"Pommel Strike","floor":18.0},{"not_picked":["Wild Strike","Clash+1"],"picked":"Anger","floor":21.0},{"not_picked":["Thunderclap+1","Body Slam+1","Intimidate"],"picked":"SKIP","floor":21.0},{"not_picked":["Hemokinesis","Wild Strike"],"picked":"True Grit","floor":22.0},{"not_picked":["Corruption","Thunderclap","Brutality"],"picked":"SKIP","floor":22.0},{"not_picked":["Carnage","Thunderclap"],"picked":"Spot Weakness+1","floor":24.0},{"not_picked":["Cleave","Evolve"],"picked":"Shockwave","floor":25.0},{"not_picked":["Combust+1","Havoc","Armaments"],"picked":"SKIP","floor":25.0},{"not_picked":["Wild Strike","Corruption"],"picked":"Iron Wave","floor":29.0},{"not_picked":["Seeing Red","Perfected Strike","Brutality"],"picked":"SKIP","floor":29.0},{"not_picked":["Fire Breathing+1","Body Slam","Corruption"],"picked":"SKIP","floor":30.0},{"not_picked":["Ghostly Armor","Heavy Blade"],"picked":"Pommel Strike+1","floor":31.0},{"not_picked":["Corruption","Reckless Charge","Fire Breathing"],"picked":"SKIP","floor":31.0},{"not_picked":["Barricade","Double Tap"],"picked":"Impervious","floor":33.0},{"not_picked":["Clash","Anger"],"picked":"Carnage","floor":34.0},{"not_picked":["Sentinel","Perfected Strike"],"picked":"Shrug It Off","floor":34.0},{"not_picked":["Anger","True Grit"],"picked":"Metallicize","floor":34.0},{"not_picked":["Shrug It Off","Flex"],"picked":"Whirlwind+1","floor":34.0},{"not_picked":["Searing Blow","Rampage"],"picked":"Sentinel+1","floor":34.0},{"not_picked":["Twin Strike","Thunderclap","Evolve+1"],"picked":"SKIP","floor":35},{"not_picked":["Thunderclap","Flex","Sever Soul"],"picked":"SKIP","floor":35},{"not_picked":["Clash+1","Limit Break"],"picked":"Sentinel+1","floor":37},{"not_picked":["Heavy Blade","Whirlwind"],"picked":"Inflame","floor":37},{"not_picked":["Infernal Blade","Flex+1"],"picked":"Pommel Strike","floor":38},{"not_picked":["Cleave","Infernal Blade","Twin Strike"],"picked":"SKIP","floor":38},{"not_picked":["Entrench+1","Sword Boomerang"],"picked":"Shockwave","floor":39},{"not_picked":["Warcry","Iron Wave"],"picked":"Ghostly Armor+1","floor":39},{"not_picked":["Searing Blow","Perfected Strike"],"picked":"True Grit","floor":41},{"not_picked":["Rupture","Armaments"],"picked":"Clothesline","floor":41},{"not_picked":["Cleave","Wild Strike+1"],"picked":"Shrug It Off+1","floor":47},{"not_picked":["Havoc","Heavy Blade","Wild Strike+1"],"picked":"SKIP","floor":47},{"not_picked":["Armaments","Twin Strike"],"picked":"Blood for Blood","floor":48},{"not_picked":["Armaments","Second Wind"],"picked":"Iron Wave","floor":48}],"player_experience":802791,"relics_obtained":[{"floor":7.0,"key":"Mercury Hourglass"},{"floor":9.0,"key":"Pen Nib"},{"floor":24.0,"key":"Paper Frog"},{"floor":26.0,"key":"Meat on the Bone"},{"floor":30.0,"key":"StoneCalendar"},{"floor":43,"key":"Bag of Preparation"},{"floor":45,"key":"Peace Pipe"}],"event_choices":[{"event_name":"Scrap Ooze","player_choice":"success","floor":4.0,"damage_taken":18.0},{"event_name":"The Cleric","player_choice":"Card Removal","floor":12.0,"damage_taken":0.0},{"event_name":"Liars Game","player_choice":"agreed","floor":13.0,"damage_taken":0.0},{"event_name":"Ghosts","player_choice":"Ignored","floor":20.0,"damage_taken":0.0},{"event_name":"Accursed Blacksmith","player_choice":"Rummage","floor":27.0,"damage_taken":0.0},{"event_name":"Tomb of Lord Red Mask","player_choice":"Paid","floor":36,"damage_taken":0},{"event_name":"Mysterious Sphere","player_choice":"Fight","floor":45,"damage_taken":0},{"event_name":"MindBloom","player_choice":"Upgrade","floor":46,"damage_taken":0}],"is_beta":false,"boss_relics":[{"not_picked":["Runic Pyramid","Astrolabe"],"picked":"Coffee Dripper"},{"not_picked":["Pandora\u0027s Box","Runic Cube"],"picked":"Orrery"}],"items_purged_floors":[19],"is_endless":false,"potions_floor_spawned":[2,7,10,14,18,21,30,35,38,39,41],"ascension_level":16}