{"gold_per_floor":[14,14,29,45,63,63,75,75,125,153,32,95,95,108,108,108],"floor_reached":16,"playtime":1158,"items_purged":[],"score":184,"play_id":"cf911fa1-2998-4317-bfea-f807a09d5f4e","local_time":"20190426170954","is_ascension_mode":true,"campfire_choices":[{"data":"Cloak And Dagger","floor":6.0,"key":"SMITH"},{"data":"Cloak And Dagger","floor":8.0,"key":"SMITH"},{"floor":15.0,"key":"REST"}],"neow_cost":"NO_GOLD","seed_source_timestamp":19594770459682,"circlet_count":0,"master_deck":["AscendersBane","Defend_G","Defend_G","Defend_G","Defend_G","Defend_G","Strike_G","Strike_G","Strike_G","Strike_G+1","Strike_G","Survivor","Neutralize","Deep Breath","Forethought+1","Noxious Fumes","Choke+1","Cloak And Dagger+1","Cloak And Dagger+1","Dash","Well Laid Plans","Backstab","Blade Dance"],"special_seed":0,"relics":["Ring of the Snake","Whetstone","Letter Opener","Ancient Tea Set"],"potions_floor_usage":[],"damage_taken":[{"damage":11.0,"enemies":"Jaw Worm","floor":1.0,"turns":6.0},{"damage":1.0,"enemies":"Cultist","floor":3.0,"turns":4.0},{"damage":2.0,"enemies":"2 Louse","floor":4.0,"turns":3.0},{"damage":8.0,"enemies":"2 Fungi Beasts","floor":5.0,"turns":5.0},{"damage":1.0,"enemies":"Looter","floor":7.0,"turns":3.0},{"damage":26.0,"enemies":"Gremlin Nob","floor":10.0,"turns":4.0},{"damage":13.0,"enemies":"Lagavulin Event","floor":12.0,"turns":5.0},{"damage":0.0,"enemies":"Blue Slaver","floor":14.0,"turns":4.0},{"damage":22,"enemies":"Hexaghost","floor":16,"turns":10}],"seed_played":"1236493490399237648","potions_obtained":[{"floor":3.0,"key":"EntropicBrew"},{"floor":5.0,"key":"Ancient Potion"},{"floor":12.0,"key":"Block Potion"}],"is_trial":false,"path_per_floor":["M","?","M","M","M","R","M","R","T","E","$","?","?","M","R","B"],"character_chosen":"THE_SILENT","items_purchased":["Well Laid Plans","Backstab"],"campfire_rested":1,"item_purchase_floors":[11,11],"current_hp_per_floor":[48,48,47,45,37,37,36,36,36,10,10,3,3,3,22,0],"gold":108,"neow_bonus":"RANDOM_COLORLESS_2","is_prod":false,"is_daily":false,"chose_seed":false,"campfire_upgraded":2,"win_rate":0,"timestamp":1556316594,"path_taken":["M","?","?","M","M","R","M","R","T","E","$","?","?","M","R","BOSS"],"build_version":"2019-01-23","purchased_purges":0,"victory":false,"max_hp_per_floor":[66,66,66,66,66,66,66,66,66,66,66,66,66,66,66,66],"card_choices":[{"not_picked":["Slice","Deflect"],"picked":"Noxious Fumes","floor":1.0},{"not_picked":["Riddle With Holes","Leg Sweep"],"picked":"Choke","floor":3.0},{"not_picked":["Sucker Punch","Slice"],"picked":"Cloak And Dagger","floor":4.0},{"not_picked":["Underhanded Strike","Dagger Throw"],"picked":"Cloak And Dagger","floor":5.0},{"not_picked":["Setup","Outmaneuver","Backflip"],"picked":"SKIP","floor":7.0},{"not_picked":["Heel Hook","Riddle With Holes"],"picked":"Dash","floor":10.0},{"not_picked":["Slice","Outmaneuver"],"picked":"Blade Dance","floor":12.0},{"not_picked":["Poisoned Stab","Phantasmal Killer","Well Laid Plans"],"picked":"SKIP","floor":14.0}],"player_experience":821677,"relics_obtained":[{"floor":9.0,"key":"Whetstone"},{"floor":10.0,"key":"Letter Opener"},{"floor":12.0,"key":"Ancient Tea Set"}],"event_choices":[{"damage_healed":0.0,"max_hp_gain":0.0,"max_hp_loss":0.0,"gold_gain":0.0,"event_name":"Accursed Blacksmith","player_choice":"Forge","floor":2.0,"gold_loss":0.0,"damage_taken":0.0,"cards_upgraded":["Forethought"]},{"damage_healed":0.0,"max_hp_gain":0.0,"max_hp_loss":0.0,"gold_gain":0.0,"event_name":"Dead Adventurer","player_choice":"Searched \u00271\u0027 times","floor":12.0,"gold_loss":0.0,"damage_taken":0.0},{"damage_healed":0.0,"max_hp_gain":0.0,"max_hp_loss":0.0,"gold_gain":0.0,"event_name":"Liars Game","player_choice":"Ignored","floor":13.0,"gold_loss":0.0,"damage_taken":0.0}],"is_beta":false,"boss_relics":[],"items_purged_floors":[],"is_endless":false,"potions_floor_spawned":[3,5,7,12],"killed_by":"Hexaghost","ascension_level":16}