{"path_per_floor":["M","M","T","M","?","E","R","E","T","M","R","M","E","M","R","B",null,"M","?","$","M","?","E","R","M","T","?","T","$","E","M","R"],"character_chosen":"IRONCLAD","items_purchased":["Iron Wave","Inflame"],"gold_per_floor":[116,128,128,142,142,180,180,211,238,263,263,276,314,339,339,469,469,482,482,384,354,354,379,379,390,439,439,439,268,301,317,317],"floor_reached":33,"campfire_rested":1,"playtime":3176,"current_hp_per_floor":[80,80,94,91,68,48,48,30,30,39,67,76,82,84,84,34,94,97,97,97,97,97,60,60,65,70,70,70,70,65,78,78],"items_purged":["Strike_R","Strike_R"],"gold":317,"score":355,"play_id":"24b9ebb2-1b3b-486c-8def-05ba3a96d381","is_prod":false,"is_daily":false,"is_ascension_mode":false,"campfire_upgraded":4,"path_taken":["M","M","?","M","?","E","R","E","T","M","R","?","E","M","R","BOSS","M","?","$","M","?","E","R","M","T","?","?","$","E","M","R","BOSS"],"build_version":"2018-02-22-PROD2","purchased_purges":2,"victory":false,"master_deck":["Strike_R","Strike_R","Strike_R","Defend_R","Defend_R","Defend_R","Defend_R","Bash+1","Whirlwind","Iron Wave+1","Heavy Blade","Ghostly Armor","Reaper","Heavy Blade","Iron Wave+1","Feed+1","Iron Wave","Dropkick","Shockwave+1","Heavy Blade+1","Feed","Inflame","Dropkick"],"max_hp_per_floor":[80,80,94,94,94,94,94,94,94,94,94,94,94,94,94,94,94,97,97,97,97,97,97,97,101,101,101,101,101,108,111,111],"relics":["Burning Blood","Mango","Bloody Idol","Oddly Smooth Stone","Lantern","Orichalcum","Ice Cream","Velvet Choker","Omamori","Blood Vial","Champion Belt","Unceasing Top"],"card_choices":[{"not_picked":["True Grit","Anger"],"picked":"Whirlwind"},{"not_picked":["Armaments","Sentinel"],"picked":"Iron Wave"},{"not_picked":["Clash","Thunderclap"],"picked":"Heavy Blade"},{"not_picked":["Twin Strike","Wild Strike"],"picked":"Ghostly Armor"},{"not_picked":["Barricade","Sword Boomerang"],"picked":"Reaper"},{"not_picked":["Whirlwind","Perfected Strike"],"picked":"Heavy Blade"},{"not_picked":["Flame Barrier","Clothesline"],"picked":"Iron Wave"},{"not_picked":["Offering","Barricade"],"picked":"Feed"},{"not_picked":["Armaments","Thunderclap"],"picked":"Dropkick"},{"not_picked":["Corruption","Intimidate"],"picked":"Heavy Blade"},{"not_picked":["Fire Breathing","Searing Blow"],"picked":"Dropkick"}],"player_experience":66705,"potions_floor_usage":[8,16,16,33,33,33],"damage_taken":[{"damage":1,"enemies":"Cultist","floor":1,"turns":4},{"damage":4,"enemies":"Small Slimes","floor":2,"turns":5},{"damage":9,"enemies":"Jaw Worm","floor":4,"turns":4},{"damage":26,"enemies":"3 Sentries","floor":6,"turns":9},{"damage":24,"enemies":"Gremlin Nob","floor":8,"turns":6},{"damage":1,"enemies":"Blue Slaver","floor":10,"turns":6},{"damage":1,"enemies":"3 Louse","floor":12,"turns":4},{"damage":12,"enemies":"3 Sentries","floor":13,"turns":9},{"damage":4,"enemies":"Looter","floor":14,"turns":3},{"damage":62,"enemies":"Hexaghost","floor":16,"turns":15},{"damage":2,"enemies":"Shell Parasite","floor":18,"turns":7},{"damage":13,"enemies":"2 Thieves","floor":21,"turns":5},{"damage":54,"enemies":"Book of Stabbing","floor":23,"turns":8},{"damage":14,"enemies":"Snake Plant","floor":25,"turns":5},{"damage":25,"enemies":"Slavers","floor":30,"turns":7},{"damage":3,"enemies":"Snecko","floor":31,"turns":4},{"damage":113,"enemies":"Collector","floor":33,"turns":8}],"event_choices":[{"event_name":"Golden Idol","player_choice":"Take Damage","floor":5,"damage_taken":0},{"event_name":"Forgotten Altar","player_choice":"Gave Idol","floor":19,"damage_taken":0},{"event_name":"The Library","player_choice":"Read","floor":22,"damage_taken":0},{"event_name":"Match and Keep!","player_choice":"1 cards matched","floor":27,"damage_taken":0}],"boss_relics":[{"not_picked":["White Beast Statue","Runic Pyramid"],"picked":"Velvet Choker"}],"potions_floor_spawned":[4,8,12,13,16,25],"seed_played":"-3693246252020638293","killed_by":"Collector","ascension_level":0,"is_trial":false}