{"gold_per_floor":[113,113,127,127,138,156,182,132,177,102,102,27,56,74,74,170,170,183,202,215,290,190,224,224],"floor_reached":24,"playtime":1142,"items_purged":["Defend_B","Defend_B"],"score":259,"play_id":"0e8b292b-da80-4f45-ac50-f6a005968360","local_time":"20190423192551","is_ascension_mode":true,"campfire_choices":[{"data":"Defragment","floor":15,"key":"SMITH"}],"neow_cost":"NONE","seed_source_timestamp":1125428700551579,"circlet_count":0,"master_deck":["Strike_B+1","Strike_B+1","Strike_B+1","Defend_B+1","Defend_B","Zap","Dualcast","Loop","Coolheaded","Defragment+1","Buffer","Conserve Battery"],"relics":["FrozenCore","Whetstone","Centennial Puzzle","Anchor","Meat on the Bone","Molten Egg 2"],"potions_floor_usage":[16,23,24],"damage_taken":[{"damage":2,"enemies":"2 Louse","floor":1,"turns":2},{"damage":1,"enemies":"Cultist","floor":3,"turns":3},{"damage":7,"enemies":"Jaw Worm","floor":5,"turns":3},{"damage":5,"enemies":"Looter","floor":6,"turns":3},{"damage":31,"enemies":"3 Sentries","floor":13,"turns":9},{"damage":9,"enemies":"3 Louse","floor":14,"turns":3},{"damage":21,"enemies":"Slime Boss","floor":16,"turns":7},{"damage":3,"enemies":"Spheric Guardian","floor":18,"turns":4},{"damage":4,"enemies":"Shell Parasite","floor":19,"turns":9},{"damage":17,"enemies":"Shelled Parasite and Fungi","floor":20,"turns":11},{"damage":27,"enemies":"Book of Stabbing","floor":23,"turns":7},{"damage":30,"enemies":"Cultist and Chosen","floor":24,"turns":8}],"seed_played":"-6020194545455236918","potions_obtained":[{"floor":1,"key":"Energy Potion"},{"floor":13,"key":"AttackPotion"},{"floor":14,"key":"Explosive Potion"},{"floor":19,"key":"Weak Potion"},{"floor":20,"key":"Energy Potion"}],"is_trial":false,"path_per_floor":["M","?","M","?","M","M","T","?","T","$","?","$","E","M","R","B",null,"M","M","M","?","$","E","M"],"character_chosen":"DEFECT","items_purchased":["Defragment"],"campfire_rested":0,"item_purchase_floors":[12],"current_hp_per_floor":[73,73,72,57,50,45,45,45,45,45,70,70,39,42,42,33,75,72,68,51,44,44,29,0],"gold":224,"neow_bonus":"RANDOM_COMMON_RELIC","is_prod":false,"is_daily":false,"chose_seed":false,"campfire_upgraded":1,"win_rate":0,"timestamp":1556061951,"path_taken":["M","?","?","?","M","M","?","?","T","$","?","?","E","?","R","BOSS","M","?","?","?","$","E","M"],"build_version":"2019-01-23","purchased_purges":2,"victory":false,"max_hp_per_floor":[75,75,75,75,75,75,75,75,75,75,75,75,75,75,75,75,75,75,75,75,75,75,75,75],"card_choices":[{"not_picked":["Recycle","Compile Driver","Tempest"],"picked":"SKIP","floor":1},{"not_picked":["Conserve Battery","Stack"],"picked":"Loop","floor":3},{"not_picked":["Barrage","BootSequence"],"picked":"Coolheaded","floor":5},{"not_picked":["Hologram","Stack","Beam Cell"],"picked":"SKIP","floor":6},{"not_picked":["Ball Lightning","Rainbow","Beam Cell"],"picked":"SKIP","floor":13},{"not_picked":["Force Field","Darkness","Leap"],"picked":"SKIP","floor":14},{"not_picked":["All For One","Multi-Cast"],"picked":"Buffer","floor":16},{"not_picked":["Barrage","Cold Snap","Gash"],"picked":"SKIP","floor":18},{"not_picked":["Ball Lightning","Coolheaded","Turbo"],"picked":"SKIP","floor":19},{"not_picked":["Go for the Eyes+1","Hologram"],"picked":"Conserve Battery","floor":20},{"not_picked":["Barrage","Static Discharge","Streamline"],"picked":"SKIP","floor":23}],"player_experience":89855,"relics_obtained":[{"floor":9,"key":"Anchor"},{"floor":13,"key":"Meat on the Bone"},{"floor":23,"key":"Molten Egg 2"}],"event_choices":[{"damage_healed":0,"gold_gain":0,"player_choice":"Gave Potion","damage_taken":0,"relics_obtained":["Centennial Puzzle"],"max_hp_gain":0,"max_hp_loss":0,"event_name":"WeMeetAgain","floor":2,"gold_loss":0},{"damage_healed":0,"gold_gain":0,"player_choice":"Entered Light","damage_taken":15,"max_hp_gain":0,"max_hp_loss":0,"event_name":"Shining Light","floor":4,"gold_loss":0,"cards_upgraded":["Defend_B","Strike_B"]},{"cards_removed":["Strike_B"],"damage_healed":0,"gold_gain":0,"player_choice":"Card Removal","damage_taken":0,"max_hp_gain":0,"max_hp_loss":0,"event_name":"The Cleric","floor":8,"gold_loss":50},{"damage_healed":25,"gold_gain":0,"player_choice":"Banana","damage_taken":0,"max_hp_gain":0,"max_hp_loss":0,"event_name":"Big Fish","floor":11,"gold_loss":0},{"damage_healed":0,"gold_gain":75,"player_choice":"Touch","damage_taken":7,"max_hp_gain":0,"max_hp_loss":0,"event_name":"FaceTrader","floor":21,"gold_loss":0}],"is_beta":false,"boss_relics":[{"not_picked":["Fusion Hammer","Calling Bell"],"picked":"FrozenCore"}],"items_purged_floors":[10,22],"is_endless":false,"potions_floor_spawned":[1,13,14,19,20],"killed_by":"Cultist and Chosen","ascension_level":4}