{"gold_per_floor":[210,226,237,154,166,166,201,201,228,258,191,218,258,270,282,373,385,367,379],"floor_reached":19,"playtime":1620,"items_purged":[],"score":374,"play_id":"1ff03c05-654b-4b25-a1dc-9fef99a35243","local_time":"20190427113823","is_ascension_mode":true,"campfire_choices":[{"floor":6.0,"key":"REST"},{"floor":8.0,"key":"REST"},{"floor":15,"key":"REST"}],"neow_cost":"NONE","seed_source_timestamp":1360096211026702,"circlet_count":0,"master_deck":["AscendersBane","Strike_B","Strike_B","Strike_B","Strike_B","Defend_B","Defend_B","Defend_B","Defend_B","Zap","Dualcast","Double Energy","White Noise","Buffer","Loop","Self Repair","Redo","Steam","Redo","Sweeping Beam","Echo Form","Redo"],"special_seed":0,"relics":["FrozenCore","Juzu Bracelet","Blood Vial","MawBank","Mango","Omamori"],"potions_floor_usage":[16,19],"damage_taken":[{"damage":7.0,"enemies":"Small Slimes","floor":1.0,"turns":4.0},{"damage":2.0,"enemies":"Cultist","floor":2.0,"turns":4.0},{"damage":8.0,"enemies":"2 Louse","floor":3.0,"turns":3.0},{"damage":12.0,"enemies":"Looter","floor":5.0,"turns":3.0},{"damage":40.0,"enemies":"3 Sentries","floor":7.0,"turns":8.0},{"damage":10.0,"enemies":"Lagavulin","floor":10.0,"turns":7.0},{"damage":4.0,"enemies":"Large Slime","floor":12.0,"turns":7.0},{"damage":11.0,"enemies":"Gremlin Nob","floor":13.0,"turns":5.0},{"damage":31,"enemies":"The Guardian","floor":16,"turns":10},{"damage":18,"enemies":"2 Thieves","floor":18,"turns":5},{"damage":73,"enemies":"3 Byrds","floor":19,"turns":7}],"seed_played":"-2750428787932768874","potions_obtained":[{"floor":2.0,"key":"Strength Potion"},{"floor":3.0,"key":"PowerPotion"},{"floor":7.0,"key":"Explosive Potion"},{"floor":10.0,"key":"SkillPotion"},{"floor":12.0,"key":"Strength Potion"},{"floor":18,"key":"Energy Potion"}],"is_trial":false,"path_per_floor":["M","M","M","$","M","R","E","R","T","E","?","M","E","?","R","B",null,"M","M"],"character_chosen":"DEFECT","items_purchased":["Loop"],"campfire_rested":3,"item_purchase_floors":[4],"current_hp_per_floor":[57,55,47,47,35,56,23,44,44,43,57,62,60,60,85,61,79,70,0],"gold":379,"neow_bonus":"HUNDRED_GOLD","is_prod":false,"is_daily":false,"chose_seed":false,"campfire_upgraded":0,"win_rate":0,"timestamp":1556354303,"path_taken":["M","M","M","$","M","R","E","R","T","E","?","M","E","?","R","BOSS","M","M"],"build_version":"2019-01-23","purchased_purges":0,"victory":false,"max_hp_per_floor":[71,71,71,71,71,71,71,71,71,71,85,85,85,85,85,85,85,85,85],"card_choices":[{"not_picked":["Steam","FTL"],"picked":"Double Energy","floor":1.0},{"not_picked":["Reinforced Body","Stack"],"picked":"White Noise","floor":2.0},{"not_picked":["Compile Driver","Ball Lightning"],"picked":"Buffer","floor":3.0},{"not_picked":["Rip and Tear","Barrage"],"picked":"Self Repair","floor":5.0},{"not_picked":["Compile Driver","Go for the Eyes"],"picked":"Redo","floor":7.0},{"not_picked":["Stack","Leap"],"picked":"Steam","floor":10.0},{"not_picked":["Steam","Recycle"],"picked":"Redo","floor":12.0},{"not_picked":["Beam Cell","Coolheaded"],"picked":"Sweeping Beam","floor":13.0},{"not_picked":["Amplify","Buffer"],"picked":"Echo Form","floor":16},{"not_picked":["Barrage","Stack"],"picked":"Redo","floor":18}],"player_experience":1249037,"relics_obtained":[{"floor":7.0,"key":"Juzu Bracelet"},{"floor":9.0,"key":"Blood Vial"},{"floor":10.0,"key":"MawBank"},{"floor":13.0,"key":"Omamori"}],"event_choices":[{"damage_healed":0.0,"max_hp_gain":0.0,"max_hp_loss":0.0,"gold_gain":0.0,"event_name":"WeMeetAgain","player_choice":"Paid Gold","floor":11.0,"gold_loss":79.0,"damage_taken":0.0,"relics_obtained":["Mango"]},{"damage_healed":0,"gold_gain":0,"player_choice":"Searched \u00271\u0027 times","damage_taken":0,"max_hp_gain":0,"max_hp_loss":0,"event_name":"Dead Adventurer","floor":14,"gold_loss":0}],"is_beta":false,"boss_relics":[{"not_picked":["Philosopher\u0027s Stone","Empty Cage"],"picked":"FrozenCore"}],"items_purged_floors":[],"is_endless":false,"potions_floor_spawned":[2,3,7,10,12,18],"killed_by":"3 Byrds","ascension_level":20}