{"gold_per_floor":[118,132,37,37,49,49,75,86,113,145,158,222,222,238,238,313,313,327,92,102,102,112,131,165,165,165,165,175,175,234,234],"floor_reached":31,"playtime":1405,"items_purged":["Strike_B"],"score":546,"play_id":"fcafe4db-bb93-4c6a-a593-1e21d0816dd3","local_time":"20190222105114","is_ascension_mode":true,"campfire_choices":[{"data":"Sunder","floor":6.0,"key":"SMITH"},{"data":"Hologram","floor":13.0,"key":"SMITH"},{"data":"Turbo","floor":15.0,"key":"SMITH"},{"data":"Multi-Cast","floor":25.0,"key":"SMITH"},{"data":"Darkness","floor":27.0,"key":"SMITH"},{"data":"Hologram","floor":29.0,"key":"SMITH"}],"neow_cost":"NONE","seed_source_timestamp":0,"circlet_count":0,"master_deck":["AscendersBane","Strike_B","Strike_B","Defend_B","Defend_B","Defend_B","Defend_B","Zap","Dualcast","Electrodynamics","Sunder+1","White Noise","Bandage Up","Hologram+1","Turbo+1","Conserve Battery","Coolheaded","Loop","Barrage","Multi-Cast+1","Sweeping Beam","Darkness+1","FTL","Hologram+1","Sunder+1","BootSequence+1","Conserve Battery","Reinforced Body"],"special_seed":0,"relics":["Cracked Core","PreservedInsect","Potion Belt","Happy Flower","Oddly Smooth Stone","Sozu","Meat on the Bone","Vajra","Tiny Chest"],"potions_floor_usage":[],"damage_taken":[{"damage":2.0,"enemies":"Jaw Worm","floor":1.0,"turns":3.0},{"damage":0.0,"enemies":"2 Louse","floor":2.0,"turns":2.0},{"damage":1.0,"enemies":"Cultist","floor":5.0,"turns":3.0},{"damage":10.0,"enemies":"3 Sentries","floor":7.0,"turns":2.0},{"damage":1.0,"enemies":"Looter","floor":8.0,"turns":3.0},{"damage":0.0,"enemies":"Gremlin Nob","floor":10.0,"turns":2.0},{"damage":7.0,"enemies":"3 Louse","floor":11.0,"turns":2.0},{"damage":8.0,"enemies":"Lagavulin Event","floor":12.0,"turns":3.0},{"damage":0.0,"enemies":"Exordium Thugs","floor":14.0,"turns":3.0},{"damage":53.0,"enemies":"Hexaghost","floor":16.0,"turns":10.0},{"damage":3.0,"enemies":"Spheric Guardian","floor":18.0,"turns":3.0},{"damage":16.0,"enemies":"Shell Parasite","floor":20.0,"turns":3.0},{"damage":12.0,"enemies":"Centurion and Healer","floor":22.0,"turns":4.0},{"damage":8.0,"enemies":"3 Cultists","floor":23.0,"turns":4.0},{"damage":27.0,"enemies":"Book of Stabbing","floor":24.0,"turns":4.0},{"damage":0.0,"enemies":"Sentry and Sphere","floor":28.0,"turns":3.0},{"damage":18,"enemies":"Slavers","floor":30,"turns":3},{"damage":23,"enemies":"Centurion and Healer","floor":31,"turns":2}],"seed_played":"-2764600028549758288","potions_obtained":[{"floor":1.0,"key":"GamblersBrew"},{"floor":7.0,"key":"Explosive Potion"},{"floor":10.0,"key":"Fire Potion"},{"floor":11.0,"key":"Ancient Potion"},{"floor":16.0,"key":"AttackPotion"}],"is_trial":false,"path_per_floor":["M","M","$","?","M","R","E","M","T","E","M","?","R","M","R","B",null,"M","$","M","?","M","M","E","R","T","R","M","R","E","M"],"character_chosen":"DEFECT","items_purchased":["Bandage Up","Darkness","FTL"],"campfire_rested":0,"item_purchase_floors":[3,19,19],"current_hp_per_floor":[62,62,62,62,65,65,59,62,62,62,59,51,51,55,55,6,55,56,56,44,44,36,32,9,9,9,9,21,21,19,0],"gold":234,"neow_bonus":"TRANSFORM_CARD","is_prod":false,"is_daily":false,"chose_seed":false,"campfire_upgraded":6,"win_rate":0,"timestamp":1550829074,"path_taken":["M","M","$","?","M","R","E","M","T","E","M","?","R","M","R","BOSS","M","$","M","?","?","M","E","R","T","R","M","R","E","M"],"build_version":"2019-01-23","purchased_purges":1,"victory":false,"max_hp_per_floor":[71,71,71,71,71,71,71,71,71,71,71,71,71,71,71,71,71,71,71,71,71,71,71,71,71,71,71,71,71,71,71],"card_choices":[{"not_picked":["Reprogram","Leap"],"picked":"Sunder","floor":1.0},{"not_picked":["Gash","Cold Snap"],"picked":"White Noise","floor":2.0},{"not_picked":["Chill","Beam Cell"],"picked":"Hologram","floor":5.0},{"not_picked":["Chaos","Barrage","Amplify"],"picked":"SKIP","floor":7.0},{"not_picked":["Steam","Turbo","Chaos"],"picked":"SKIP","floor":8.0},{"not_picked":["Steam","Chaos"],"picked":"Turbo","floor":8.0},{"not_picked":["Coolheaded","Stack"],"picked":"Conserve Battery","floor":10.0},{"not_picked":["Streamline","Hologram"],"picked":"Coolheaded","floor":11.0},{"not_picked":["Stack","Rebound"],"picked":"Loop","floor":12.0},{"not_picked":["Conserve Battery","Gash"],"picked":"Barrage","floor":14.0},{"not_picked":["All For One","Electrodynamics"],"picked":"Multi-Cast","floor":16.0},{"not_picked":["Redo+1","Skim+1"],"picked":"Sweeping Beam","floor":18.0},{"not_picked":["Reprogram","Hologram","Barrage"],"picked":"SKIP","floor":20.0},{"not_picked":["Reprogram","Barrage"],"picked":"Hologram","floor":20.0},{"not_picked":["Coolheaded+1","Ball Lightning"],"picked":"BootSequence+1","floor":22.0},{"not_picked":["Consume","Turbo","Steam"],"picked":"SKIP","floor":23.0},{"not_picked":["Heatsinks","Coolheaded"],"picked":"Conserve Battery","floor":24.0},{"not_picked":["Rebound","Heatsinks"],"picked":"Reinforced Body","floor":28.0},{"not_picked":["Compile Driver","Leap","Go for the Eyes"],"picked":"SKIP","floor":30}],"player_experience":394363,"relics_obtained":[{"floor":7.0,"key":"PreservedInsect"},{"floor":9.0,"key":"Potion Belt"},{"floor":10.0,"key":"Happy Flower"},{"floor":12.0,"key":"Oddly Smooth Stone"},{"floor":24.0,"key":"Meat on the Bone"},{"floor":26.0,"key":"Vajra"},{"floor":30,"key":"Tiny Chest"}],"event_choices":[{"damage_healed":0.0,"max_hp_gain":0.0,"max_hp_loss":0.0,"gold_gain":0.0,"event_name":"The Cleric","player_choice":"Leave","floor":4.0,"gold_loss":0.0,"damage_taken":0.0},{"damage_healed":0.0,"max_hp_gain":0.0,"max_hp_loss":0.0,"gold_gain":0.0,"event_name":"Dead Adventurer","player_choice":"Searched \u00271\u0027 times","floor":12.0,"gold_loss":0.0,"damage_taken":0.0},{"damage_healed":0.0,"max_hp_gain":0.0,"max_hp_loss":0.0,"gold_gain":0.0,"event_name":"Duplicator","player_choice":"Copied","floor":21.0,"gold_loss":0.0,"damage_taken":0.0,"cards_obtained":["Sunder"]}],"is_beta":false,"boss_relics":[{"not_picked":["Cursed Key","Empty Cage"],"picked":"Sozu"}],"items_purged_floors":[19],"is_endless":false,"potions_floor_spawned":[1,7,8,10,11,16,22,24,30],"killed_by":"Centurion and Healer","ascension_level":15}