{"path_per_floor":["M","M","M","T","M","E","$","R","T","?","E","M","E","?","R","B",null,"M","M","M","?","M","E","R","E","T","R","M","R","M","E","R","B",null,"M","M","?","?","?","R","E","R","T","E","M","M","E","?","R","B"],"character_chosen":"THE_SILENT","items_purchased":["Noxious Fumes"],"gold_per_floor":[115,129,149,217,227,255,102,102,127,127,157,175,206,206,206,304,304,304,229,229,229,229,229,229,229,229,229,229,229,229,229,229,229,229,229,229,0,0,0,0,0,0,0,0,0,0,0,0,0,0],"floor_reached":51,"campfire_rested":2,"playtime":3749,"current_hp_per_floor":[63,63,63,63,63,62,62,62,69,54,40,40,35,35,35,36,67,63,60,61,61,57,50,50,14,14,37,27,50,52,57,57,52,71,74,73,73,73,73,73,54,54,54,38,35,39,27,67,67,21],"items_purged":["Strike_G"],"gold":0,"score":1027,"play_id":"b3837a78-b1d4-4637-9c4c-74459345c7bd","local_time":"20180420013005","is_prod":false,"is_daily":false,"chose_seed":false,"is_ascension_mode":true,"campfire_upgraded":7,"timestamp":1524213005,"path_taken":["M","M","M","?","M","E","$","R","T","?","E","M","E","?","R","BOSS","M","M","M","?","M","E","R","E","T","R","M","R","M","E","R","BOSS","M","M","?","?","?","R","E","R","T","E","M","?","E","?","R","BOSS"],"build_version":"2018-04-19","seed_source_timestamp":702446141848329,"purchased_purges":1,"victory":true,"master_deck":["Defend_G","Defend_G","Defend_G","Defend_G","Defend_G","Strike_G","Strike_G","Neutralize+1","Dash+1","Poisoned Stab","Leg Sweep","Escape Plan+1","Noxious Fumes+1","PiercingWail+1","Glass Knife+1","Glass Knife+1","Deflect","Malaise+1","Cloak And Dagger+1","Noxious Fumes+1","Catalyst+1","Deflect","Poisoned Stab+1","Caltrops+1","Crippling Poison+1","After Image","Backflip+1","Concentrate+1","Corpse Explosion+1","Bouncing Flask+1","Slice","Deflect"],"max_hp_per_floor":[70,70,70,70,70,70,70,70,77,77,77,77,77,77,77,77,77,77,77,77,77,77,77,77,77,77,77,77,77,77,77,77,77,77,77,77,77,77,77,77,77,77,77,77,77,77,77,67,67,67],"relics":["Ring of the Snake","Tough Bandages","Bronze Scales","Strawberry","Bag of Marbles","Bird Faced Urn","Ectoplasm","Dream Catcher","Snake Skull","Pen Nib","The Courier","Sozu","Red Mask","Tiny Chest","Singing Bowl","War Paint","Ornamental Fan"],"card_choices":[{"not_picked":["Backflip","All Out Attack"],"picked":"Dash","floor":1},{"not_picked":["Caltrops","Prepared"],"picked":"Poisoned Stab","floor":2},{"not_picked":["Dodge and Roll","Terror"],"picked":"Leg Sweep","floor":3},{"not_picked":["Masterful Stab","Blade Dance"],"picked":"Escape Plan","floor":5},{"not_picked":["Terror","Acrobatics"],"picked":"PiercingWail","floor":11},{"not_picked":["PiercingWail","Dagger Throw"],"picked":"Glass Knife","floor":13},{"not_picked":["Doppelganger","Die Die Die"],"picked":"Glass Knife","floor":16},{"not_picked":["Underhanded Strike","Skewer"],"picked":"Deflect","floor":18},{"not_picked":["Bane","Deadly Poison"],"picked":"Malaise","floor":19},{"not_picked":["Masterful Stab","Dodge and Roll"],"picked":"Cloak And Dagger","floor":20},{"not_picked":["Acrobatics","Deadly Poison"],"picked":"Noxious Fumes","floor":22},{"not_picked":["Underhanded Strike","Flechettes"],"picked":"Catalyst","floor":23},{"not_picked":["Sucker Punch","Reflex"],"picked":"Deflect","floor":27},{"not_picked":["PiercingWail","Dodge and Roll"],"picked":"Poisoned Stab","floor":28},{"not_picked":["Cloak And Dagger","Acrobatics"],"picked":"Caltrops","floor":30},{"not_picked":["Caltrops","Deflect"],"picked":"Crippling Poison","floor":31},{"not_picked":["Tactician","Wraith Form v2"],"picked":"After Image","floor":33},{"not_picked":["Dodge and Roll","Poisoned Stab"],"picked":"Backflip","floor":35},{"not_picked":["Bane","Dagger Throw"],"picked":"Concentrate","floor":41},{"not_picked":["Catalyst","Crippling Poison"],"picked":"Corpse Explosion","floor":44},{"not_picked":["PiercingWail","Cloak And Dagger"],"picked":"Bouncing Flask","floor":45},{"not_picked":["Blade Dance","Dash"],"picked":"Slice","floor":46},{"not_picked":["Underhanded Strike","Prepared"],"picked":"Deflect","floor":47}],"player_experience":320848,"potions_floor_usage":[6,11,22,23,23,25,33,50],"damage_taken":[{"damage":0,"enemies":"Cultist","floor":1,"turns":4},{"damage":0,"enemies":"Small Slimes","floor":2,"turns":3},{"damage":0,"enemies":"2 Louse","floor":3,"turns":4},{"damage":0,"enemies":"Blue Slaver","floor":5,"turns":5},{"damage":1,"enemies":"3 Sentries","floor":6,"turns":9},{"damage":14,"enemies":"Gremlin Nob","floor":11,"turns":4},{"damage":0,"enemies":"Large Slime","floor":12,"turns":5},{"damage":5,"enemies":"Lagavulin","floor":13,"turns":8},{"damage":1,"enemies":"Hexaghost","floor":16,"turns":9},{"damage":6,"enemies":"Spheric Guardian","floor":18,"turns":4},{"damage":5,"enemies":"2 Thieves","floor":19,"turns":4},{"damage":1,"enemies":"Snecko","floor":20,"turns":7},{"damage":4,"enemies":"Snake Plant","floor":22,"turns":4},{"damage":11,"enemies":"Slavers","floor":23,"turns":5},{"damage":40,"enemies":"Gremlin Leader","floor":25,"turns":6},{"damage":14,"enemies":"Centurion and Healer","floor":28,"turns":5},{"damage":2,"enemies":"Cultist and Chosen","floor":30,"turns":4},{"damage":1,"enemies":"Book of Stabbing","floor":31,"turns":4},{"damage":11,"enemies":"Champ","floor":33,"turns":8},{"damage":3,"enemies":"3 Shapes","floor":35,"turns":5},{"damage":5,"enemies":"Orb Walker","floor":36,"turns":3},{"damage":25,"enemies":"2 Orb Walkers","floor":41,"turns":4},{"damage":24,"enemies":"Giant Head","floor":44,"turns":8},{"damage":7,"enemies":"3 Darklings","floor":45,"turns":4},{"damage":4,"enemies":"4 Shapes","floor":46,"turns":4},{"damage":18,"enemies":"2 Orb Walkers","floor":47,"turns":3},{"damage":50,"enemies":"Awakened One","floor":50,"turns":13}],"event_choices":[{"event_name":"Shining Light","player_choice":"Entered Light","floor":10,"damage_taken":0},{"event_name":"Upgrade Shrine","player_choice":"Upgraded","floor":14,"damage_taken":0},{"event_name":"Bonfire Elementals","player_choice":"BASIC","floor":21,"damage_taken":0},{"event_name":"Tomb of Lord Red Mask","player_choice":"Paid","floor":37,"damage_taken":0},{"event_name":"The Lab","player_choice":"Got Potions","floor":39,"damage_taken":0},{"event_name":"The Moai Head","player_choice":"Heal","floor":48,"damage_taken":0}],"boss_relics":[{"not_picked":["Eternal Feather","Lizard Tail"],"picked":"Ectoplasm"},{"not_picked":["Snecko Eye","Astrolabe"],"picked":"Sozu"}],"potions_floor_spawned":[1,5,12,16,18,20,22,31,33,35,44,45],"seed_played":"6784805931436000140","ascension_level":6,"is_trial":false}