{"gold_per_floor":[111,128,108,118,128,128,128,160,160,160,170,170,183,203,203,203],"floor_reached":16,"playtime":676,"items_purged":[],"score":233,"play_id":"74c47f75-e7a2-43d4-8008-190ba37eb062","local_time":"20190308143609","is_ascension_mode":true,"campfire_choices":[{"data":"Metallicize","floor":6.0,"key":"SMITH"},{"floor":12.0,"key":"DIG"},{"floor":15.0,"key":"DIG"}],"neow_cost":"NONE","seed_source_timestamp":19266937832754,"circlet_count":0,"master_deck":["AscendersBane","Strike_R","Strike_R","Strike_R+1","Strike_R","Strike_R","Defend_R","Defend_R","Defend_R","Bash+1","Inflame+1","Battle Trance","Metallicize+1","Armaments","Ghostly Armor","Disarm","True Grit","Whirlwind"],"special_seed":0,"relics":["Burning Blood","Letter Opener","Shovel","Mango","Strawberry"],"potions_floor_usage":[16,16],"damage_taken":[{"damage":6.0,"enemies":"Jaw Worm","floor":1.0,"turns":4.0},{"damage":1.0,"enemies":"Cultist","floor":2.0,"turns":3.0},{"damage":1.0,"enemies":"Small Slimes","floor":4.0,"turns":4.0},{"damage":11.0,"enemies":"Looter","floor":5.0,"turns":5.0},{"damage":26.0,"enemies":"3 Sentries","floor":8.0,"turns":10.0},{"damage":3.0,"enemies":"Blue Slaver","floor":11.0,"turns":5.0},{"damage":0.0,"enemies":"Large Slime","floor":13.0,"turns":4.0},{"damage":0.0,"enemies":"Looter","floor":14.0,"turns":4.0},{"damage":66,"enemies":"Hexaghost","floor":16,"turns":16}],"seed_played":"3881872973518093712","potions_obtained":[{"floor":2.0,"key":"Energy Potion"},{"floor":3.0,"key":"PowerPotion"},{"floor":4.0,"key":"Dexterity Potion"},{"floor":11.0,"key":"Weak Potion"}],"is_trial":false,"path_per_floor":["M","M","?","M","M","R","?","E","T","?","M","R","M","M","R","B"],"character_chosen":"IRONCLAD","items_purchased":[],"campfire_rested":0,"item_purchase_floors":[],"current_hp_per_floor":[68,73,73,75,70,70,70,50,50,27,30,44,50,56,63,0],"gold":203,"neow_bonus":"UPGRADE_CARD","is_prod":false,"is_daily":false,"chose_seed":false,"campfire_upgraded":1,"win_rate":0,"timestamp":1552084569,"path_taken":["M","M","?","M","?","R","?","E","T","?","M","R","M","M","R","BOSS"],"build_version":"2019-01-23","purchased_purges":0,"victory":false,"max_hp_per_floor":[75,75,75,75,75,75,75,75,75,75,75,89,89,89,96,96],"card_choices":[{"not_picked":["Havoc","Entrench","Thunderclap"],"picked":"SKIP","floor":1.0},{"not_picked":["Body Slam","Havoc"],"picked":"Inflame","floor":2.0},{"not_picked":["Clash","Body Slam"],"picked":"Battle Trance","floor":4.0},{"not_picked":["Searing Blow","Clash"],"picked":"Metallicize","floor":5.0},{"not_picked":["Perfected Strike","Reckless Charge"],"picked":"Ghostly Armor","floor":8.0},{"not_picked":["Thunderclap","Sword Boomerang"],"picked":"Disarm","floor":11.0},{"not_picked":["Wild Strike","Clash"],"picked":"True Grit","floor":13.0},{"not_picked":["Clothesline","Exhume"],"picked":"Whirlwind","floor":14.0}],"player_experience":1249934,"relics_obtained":[{"floor":8.0,"key":"Letter Opener"},{"floor":9.0,"key":"Shovel"},{"floor":12.0,"key":"Mango"},{"floor":15.0,"key":"Strawberry"}],"event_choices":[{"damage_healed":0.0,"max_hp_gain":0.0,"max_hp_loss":0.0,"gold_gain":0.0,"event_name":"The Woman in Blue","player_choice":"Bought 1 Potion","floor":3.0,"gold_loss":0.0,"damage_taken":0.0},{"damage_healed":0.0,"max_hp_gain":0.0,"max_hp_loss":0.0,"gold_gain":0.0,"cards_transformed":["Defend_R"],"event_name":"Living Wall","player_choice":"Change","floor":7.0,"gold_loss":0.0,"damage_taken":0.0,"cards_obtained":["Armaments"]},{"damage_healed":0.0,"max_hp_gain":0.0,"max_hp_loss":0.0,"gold_gain":0.0,"event_name":"Shining Light","player_choice":"Entered Light","floor":10.0,"gold_loss":0.0,"damage_taken":23.0,"cards_upgraded":["Inflame","Strike_R"]}],"is_beta":false,"boss_relics":[],"items_purged_floors":[],"is_endless":false,"potions_floor_spawned":[2,4,11,14],"killed_by":"Hexaghost","ascension_level":20}