{"path_per_floor":["M","M","?","M","M","R","$","M","T","M","M","?","?","M","R","B",null,"M","M","?","?","$","E","R"],"character_chosen":"IRONCLAD","items_purchased":["Whetstone","Energy Potion"],"gold_per_floor":[112,132,307,318,338,338,115,135,135,148,148,148,148,158,158,258,258,277,290,290,290,138,163,163],"floor_reached":25,"campfire_rested":1,"playtime":1814,"current_hp_per_floor":[72,72,72,72,65,65,65,59,59,56,62,62,62,60,60,49,72,55,29,29,29,29,27,48],"items_purged":["Doubt","Regret"],"gold":163,"score":237,"play_id":"0f6c54ab-c959-4747-84bd-06206a1c9093","is_prod":false,"is_daily":false,"is_ascension_mode":true,"campfire_upgraded":2,"path_taken":["M","?","?","M","M","R","$","M","T","M","M","?","?","M","R","BOSS","M","M","?","?","$","E","R","M"],"build_version":"2018-02-22-PROD2","purchased_purges":2,"victory":false,"master_deck":["Strike_R+1","Strike_R+1","Defend_R","Defend_R","Bash","Armaments+1","Twin Strike","Thunderclap","Demon Form+1","Heavy Blade+1","Sword Boomerang","Dropkick","Berserk","Barricade+1","Juggernaut+1","Intimidate+1","Disarm+1","Flame Barrier","Shrug It Off","Intimidate+1"],"max_hp_per_floor":[72,72,72,72,72,72,72,72,72,72,72,72,72,72,72,72,72,72,72,72,72,72,72,72],"relics":["Burning Blood","Whetstone","Toolbox","Dream Catcher","Astrolabe","Art of War"],"card_choices":[{"not_picked":["Flex","Perfected Strike"],"picked":"Armaments"},{"not_picked":["Cleave","Battle Trance"],"picked":"Twin Strike"},{"not_picked":["Iron Wave","Body Slam"],"picked":"Thunderclap"},{"not_picked":["Twin Strike","Flex"],"picked":"Demon Form"},{"not_picked":["Sentinel","Rupture"],"picked":"Heavy Blade"},{"not_picked":["Armaments","Warcry"],"picked":"Sword Boomerang"},{"not_picked":["Heavy Blade","Flex"],"picked":"Dropkick"},{"not_picked":["Bludgeon","Juggernaut"],"picked":"Berserk"},{"not_picked":["Body Slam","Clothesline"],"picked":"Disarm"},{"not_picked":["Thunderclap","Feed"],"picked":"Shrug It Off"},{"not_picked":["Anger","Armaments"],"picked":"Intimidate"}],"player_experience":92166,"potions_floor_usage":[11,16,16,23,23],"damage_taken":[{"damage":6,"enemies":"Cultist","floor":1,"turns":3},{"damage":6,"enemies":"2 Louse","floor":2,"turns":4},{"damage":0,"enemies":"Small Slimes","floor":4,"turns":3},{"damage":13,"enemies":"3 Louse","floor":5,"turns":3},{"damage":12,"enemies":"Looter","floor":8,"turns":3},{"damage":9,"enemies":"Lots of Slimes","floor":10,"turns":4},{"damage":0,"enemies":"3 Louse","floor":11,"turns":2},{"damage":8,"enemies":"Blue Slaver","floor":14,"turns":2},{"damage":29,"enemies":"Slime Boss","floor":16,"turns":6},{"damage":23,"enemies":"2 Thieves","floor":18,"turns":4},{"damage":32,"enemies":"Shell Parasite","floor":19,"turns":5},{"damage":12,"enemies":"Book of Stabbing","floor":23,"turns":5},{"damage":50,"enemies":"3 Cultists","floor":25,"turns":5}],"event_choices":[{"event_name":"Liars Game","player_choice":"agreed","floor":3,"damage_taken":0},{"event_name":"Upgrade Shrine","player_choice":"Upgraded","floor":12,"damage_taken":0},{"event_name":"Big Fish","player_choice":"Box","floor":13,"damage_taken":0},{"event_name":"The Library","player_choice":"Read","floor":20,"damage_taken":0},{"event_name":"Vampires","player_choice":"Ignored","floor":21,"damage_taken":0}],"boss_relics":[{"not_picked":["Question Card","Runic Cube"],"picked":"Astrolabe"}],"potions_floor_spawned":[5,8,10,14,18],"seed_played":"-5159037536080378239","killed_by":"3 Cultists","ascension_level":2,"is_trial":false}