{"gold_per_floor":[112,112,128,128,53,53,53,78,104,119,149,149,149,174,174,270,270,286,306,345,345,355,355,390,390,462,462,492,492,502,35,35,112,112,127,142,142,17,37,69,69,88,112,112,143,143,70,97,109,121],"floor_reached":50,"playtime":3466,"items_purged":["Strike_R"],"score":1311,"play_id":"fb01f920-c4bc-4b71-a6e7-7b7ab2c07bc3","local_time":"20190205181429","is_ascension_mode":true,"campfire_choices":[{"data":"Shrug It Off","floor":6.0,"key":"SMITH"},{"floor":12.0,"key":"REST"},{"data":"Body Slam","floor":15.0,"key":"SMITH"},{"data":"Clothesline","floor":23.0,"key":"SMITH"},{"data":"Cleave","floor":25.0,"key":"SMITH"},{"data":"Exhume","floor":27.0,"key":"SMITH"},{"floor":32.0,"key":"DIG"},{"data":"True Grit","floor":41.0,"key":"SMITH"},{"data":"Offering","floor":44.0,"key":"SMITH"},{"data":"Entrench","floor":49.0,"key":"SMITH"}],"neow_cost":"NONE","seed_source_timestamp":370415253822452,"circlet_count":0,"master_deck":["AscendersBane","Strike_R","Strike_R","Strike_R","Strike_R","Defend_R","Defend_R","Defend_R","Defend_R","Bash+1","Offering+1","Flame Barrier+1","Shrug It Off+1","Body Slam+1","Clothesline+1","Cleave+1","Exhume+1","Body Slam+1","Offering","Panacea","Bludgeon+1","Headbutt+1","True Grit+1","Metallicize","Rupture","Entrench+1"],"special_seed":0,"relics":["Burning Blood","Centennial Puzzle","Anchor","FossilizedHelix","Bloody Idol","Busted Crown","Red Mask","Letter Opener","Molten Egg 2","Shovel","Incense Burner","Vajra","Runic Dome","Gremlin Horn","Bag of Marbles","Bag of Preparation","MawBank"],"potions_floor_usage":[50],"damage_taken":[{"damage":4.0,"enemies":"Jaw Worm","floor":1.0,"turns":4.0},{"damage":5.0,"enemies":"Cultist","floor":3.0,"turns":5.0},{"damage":26.0,"enemies":"3 Sentries","floor":8.0,"turns":13.0},{"damage":0.0,"enemies":"2 Louse","floor":10.0,"turns":2.0},{"damage":40.0,"enemies":"Lagavulin","floor":11.0,"turns":8.0},{"damage":4.0,"enemies":"Large Slime","floor":14.0,"turns":8.0},{"damage":6.0,"enemies":"Slime Boss","floor":16.0,"turns":7.0},{"damage":0.0,"enemies":"3 Byrds","floor":18.0,"turns":1.0},{"damage":0.0,"enemies":"Shell Parasite","floor":19.0,"turns":5.0},{"damage":8.0,"enemies":"Masked Bandits","floor":20.0,"turns":3.0},{"damage":30.0,"enemies":"Snake Plant","floor":22.0,"turns":5.0},{"damage":6.0,"enemies":"Slavers","floor":24.0,"turns":6.0},{"damage":15.0,"enemies":"Book of Stabbing","floor":28.0,"turns":5.0},{"damage":0.0,"enemies":"Centurion and Healer","floor":30.0,"turns":5.0},{"damage":65.0,"enemies":"Automaton","floor":33.0,"turns":11.0},{"damage":0.0,"enemies":"3 Shapes","floor":35.0,"turns":4.0},{"damage":3.0,"enemies":"Orb Walker","floor":36.0,"turns":4.0},{"damage":6.0,"enemies":"4 Shapes","floor":39.0,"turns":2.0},{"damage":12.0,"enemies":"Giant Head","floor":40.0,"turns":4.0},{"damage":6.0,"enemies":"Jaw Worm Horde","floor":42.0,"turns":3.0},{"damage":6.0,"enemies":"Reptomancer","floor":45.0,"turns":4.0},{"damage":12.0,"enemies":"Giant Head","floor":48.0,"turns":5.0},{"damage":68,"enemies":"Awakened One","floor":50,"turns":10}],"seed_played":"-2267453450878698885","potions_obtained":[{"floor":10.0,"key":"Fire Potion"},{"floor":11.0,"key":"Weak Potion"},{"floor":16.0,"key":"GamblersBrew"},{"floor":22.0,"key":"Regen Potion"},{"floor":33.0,"key":"SmokeBomb"},{"floor":48.0,"key":"FearPotion"}],"is_trial":false,"path_per_floor":["M","?","M","?","$","R","?","E","T","M","E","R","?","M","R","B",null,"M","M","?","?","M","R","E","R","T","R","E","?","M","$","R","B",null,"M","M","?","$","M","E","R","M","T","R","E","?","$","E","R","B"],"character_chosen":"IRONCLAD","items_purchased":["Incense Burner","Offering","Panacea","Strength Potion","Metallicize","Entrench"],"campfire_rested":1,"item_purchase_floors":[31,31,31,38,38,47],"current_hp_per_floor":[70,70,71,71,71,71,71,51,51,57,23,45,45,47,47,47,63,68,68,66,66,47,47,52,52,57,57,53,53,64,64,64,25,57,68,68,68,68,68,67,67,68,68,68,68,68,68,67,68,0],"gold":121,"neow_bonus":"ONE_RANDOM_RARE_CARD","is_prod":false,"is_daily":false,"chose_seed":false,"campfire_upgraded":8,"win_rate":0,"timestamp":1549386869,"path_taken":["M","?","?","?","$","R","?","E","T","M","E","R","?","M","R","BOSS","M","M","?","?","M","R","E","R","T","R","E","?","?","?","R","BOSS","M","M","?","?","M","E","R","M","T","R","E","?","?","E","R","BOSS"],"build_version":"2019-01-23","purchased_purges":1,"victory":false,"max_hp_per_floor":[75,75,75,75,75,75,75,75,75,75,75,75,68,68,68,68,68,68,68,68,68,68,68,68,68,68,68,68,68,68,68,68,68,68,68,68,68,68,68,68,68,68,68,68,68,68,68,68,68,68],"card_choices":[{"not_picked":["Havoc","Rupture"],"picked":"Flame Barrier","floor":1.0},{"not_picked":["Clothesline","Hemokinesis"],"picked":"Shrug It Off","floor":3.0},{"not_picked":["Warcry","Searing Blow"],"picked":"Body Slam","floor":8.0},{"not_picked":["Burning Pact","Thunderclap","Armaments"],"picked":"SKIP","floor":10.0},{"not_picked":["Armaments","Rampage"],"picked":"Clothesline","floor":11.0},{"not_picked":["Burning Pact","Carnage"],"picked":"Cleave","floor":14.0},{"not_picked":["Dark Embrace","Fiend Fire"],"picked":"Exhume","floor":16.0},{"not_picked":["Heavy Blade"],"picked":"SKIP","floor":18.0},{"not_picked":["Sword Boomerang"],"picked":"SKIP","floor":19.0},{"not_picked":["Pummel"],"picked":"SKIP","floor":22.0},{"not_picked":["Perfected Strike"],"picked":"SKIP","floor":24.0},{"not_picked":["Cleave+1"],"picked":"SKIP","floor":28.0},{"not_picked":["Searing Blow+1"],"picked":"SKIP","floor":30.0},{"not_picked":[],"picked":"Bludgeon+1","floor":33.0},{"not_picked":[],"picked":"Headbutt+1","floor":35.0},{"not_picked":[],"picked":"True Grit","floor":36.0},{"not_picked":["Body Slam+1"],"picked":"SKIP","floor":39.0},{"not_picked":["Body Slam+1"],"picked":"SKIP","floor":39.0},{"not_picked":["Rupture"],"picked":"SKIP","floor":40.0},{"not_picked":[],"picked":"Rupture","floor":40.0},{"not_picked":["Wild Strike+1"],"picked":"SKIP","floor":42.0},{"not_picked":["Havoc"],"picked":"SKIP","floor":45.0},{"not_picked":["Iron Wave+1"],"picked":"SKIP","floor":48.0}],"player_experience":309004,"relics_obtained":[{"floor":8.0,"key":"Centennial Puzzle"},{"floor":9.0,"key":"Anchor"},{"floor":11.0,"key":"FossilizedHelix"},{"floor":20.0,"key":"Red Mask"},{"floor":24.0,"key":"Letter Opener"},{"floor":26.0,"key":"Molten Egg 2"},{"floor":28.0,"key":"Shovel"},{"floor":32.0,"key":"Vajra"},{"floor":40.0,"key":"Gremlin Horn"},{"floor":43.0,"key":"Bag of Marbles"},{"floor":45.0,"key":"Bag of Preparation"},{"floor":48.0,"key":"MawBank"}],"event_choices":[{"damage_healed":0.0,"max_hp_gain":0.0,"max_hp_loss":0.0,"gold_gain":0.0,"event_name":"Upgrade Shrine","player_choice":"Upgraded","floor":2.0,"gold_loss":0.0,"damage_taken":0.0,"cards_upgraded":["Bash"]},{"damage_healed":0.0,"max_hp_gain":0.0,"max_hp_loss":0.0,"gold_gain":0.0,"event_name":"Living Wall","player_choice":"Grow","floor":4.0,"gold_loss":0.0,"damage_taken":0.0,"cards_upgraded":["Flame Barrier"]},{"damage_healed":0.0,"max_hp_gain":0.0,"max_hp_loss":0.0,"gold_gain":0.0,"event_name":"The Cleric","player_choice":"Leave","floor":7.0,"gold_loss":0.0,"damage_taken":0.0},{"damage_healed":0.0,"max_hp_gain":0.0,"max_hp_loss":7.0,"gold_gain":0.0,"event_name":"Golden Idol","player_choice":"Lose Max HP","floor":13.0,"gold_loss":0.0,"damage_taken":0.0,"relics_obtained":["Golden Idol"]},{"damage_healed":0.0,"max_hp_gain":0.0,"max_hp_loss":0.0,"gold_gain":0.0,"event_name":"Masked Bandits","player_choice":"Fought Bandits","floor":20.0,"gold_loss":0.0,"damage_taken":0.0},{"damage_healed":0.0,"max_hp_gain":0.0,"max_hp_loss":0.0,"gold_gain":0.0,"event_name":"Forgotten Altar","player_choice":"Gave Idol","floor":21.0,"relics_lost":["Golden Idol"],"gold_loss":0.0,"damage_taken":0.0,"relics_obtained":["Bloody Idol"]},{"damage_healed":0.0,"max_hp_gain":0.0,"max_hp_loss":0.0,"gold_gain":0.0,"event_name":"Duplicator","player_choice":"Copied","floor":29.0,"gold_loss":0.0,"damage_taken":0.0,"cards_obtained":["Body Slam"]},{"damage_healed":0.0,"max_hp_gain":0.0,"max_hp_loss":0.0,"gold_gain":0.0,"event_name":"Match and Keep!","player_choice":"0 cards matched","floor":37.0,"gold_loss":0.0,"damage_taken":0.0,"cards_obtained":[]},{"damage_healed":0.0,"max_hp_gain":0.0,"max_hp_loss":0.0,"gold_gain":0.0,"event_name":"SensoryStone","player_choice":"Memory 1","floor":46.0,"gold_loss":0.0,"damage_taken":0.0}],"is_beta":false,"boss_relics":[{"not_picked":["Ectoplasm","Pandora\u0027s Box"],"picked":"Busted Crown"},{"not_picked":["Runic Pyramid","Black Blood"],"picked":"Runic Dome"}],"items_purged_floors":[5],"is_endless":false,"potions_floor_spawned":[10,11,16,18,19,22,33,39,45,48],"killed_by":"Awakened One","ascension_level":15}