{"path_per_floor":["M","M","M","?","T","E","R","M","T","?","M","E","R","?","R","B",null,"M","?","M","?","M","R","E"],"character_chosen":"THE_SILENT","items_purchased":[],"gold_per_floor":[111,128,147,147,172,201,201,214,241,241,255,281,281,281,281,381,381,351,351,351,351,351,351,351,351],"floor_reached":25,"campfire_rested":3,"playtime":1300,"current_hp_per_floor":[63,62,62,62,62,24,45,40,40,33,33,10,31,31,31,33,61,60,44,32,32,18,39,24,0],"items_purged":[],"gold":351,"score":323,"play_id":"eabc7837-ffa2-4e3c-b5ef-4c7ff4795d6f","local_time":"20180425210810","is_prod":false,"is_daily":false,"chose_seed":false,"is_ascension_mode":true,"campfire_upgraded":1,"timestamp":1524715690,"path_taken":["M","M","M","?","?","E","R","M","T","?","M","E","R","?","R","BOSS","M","?","M","?","M","R","E","M"],"build_version":"2018-04-19","seed_source_timestamp":33930732126800,"purchased_purges":0,"victory":false,"master_deck":["Defend_G","Defend_G","Defend_G","Defend_G","Defend_G","Strike_G","Strike_G","Strike_G","Survivor","Neutralize","Dagger Spray","Dagger Throw","Sucker Punch","Accuracy","Cloak And Dagger","A Thousand Cuts+1","Blade Dance","Glass Knife","Dagger Throw","Necronomicurse","Riddle With Holes","Regret","Deflect","Dagger Spray+1"],"max_hp_per_floor":[70,70,70,70,70,70,70,70,70,70,70,70,70,70,70,70,70,70,70,70,70,70,70,70,70],"relics":["Ring of the Snake","Pen Nib","Matryoshka","Gremlin Horn","Happy Flower","Pantograph","Ectoplasm","Necronomicon","Omamori"],"card_choices":[{"not_picked":["Quick Slash","PiercingWail"],"picked":"Dagger Spray","floor":1},{"not_picked":["Night Terror","Blur"],"picked":"Dagger Throw","floor":2},{"not_picked":["Acrobatics","Poisoned Stab"],"picked":"Sucker Punch","floor":3},{"not_picked":["Cloak And Dagger","Deadly Poison"],"picked":"Accuracy","floor":6},{"not_picked":["Accuracy","Dagger Spray"],"picked":"Cloak And Dagger","floor":8},{"not_picked":["All Out Attack","Blur"],"picked":"A Thousand Cuts","floor":11},{"not_picked":["Caltrops","Poisoned Stab"],"picked":"Blade Dance","floor":12},{"not_picked":["Phantasmal Killer","Unload"],"picked":"Glass Knife","floor":16},{"not_picked":["Deadly Poison","Flechettes"],"picked":"Dagger Throw","floor":18},{"not_picked":["Expertise","Dodge and Roll"],"picked":"Riddle With Holes","floor":20},{"not_picked":["Dagger Spray","Caltrops"],"picked":"Deflect","floor":22},{"not_picked":["Quick Slash","Bane"],"picked":"Dagger Spray","floor":24}],"player_experience":383103,"potions_floor_usage":[6,12,16,16,24,24],"damage_taken":[{"damage":0,"enemies":"Jaw Worm","floor":1,"turns":4},{"damage":1,"enemies":"Cultist","floor":2,"turns":4},{"damage":0,"enemies":"Small Slimes","floor":3,"turns":3},{"damage":38,"enemies":"Lagavulin","floor":6,"turns":8},{"damage":5,"enemies":"Blue Slaver","floor":8,"turns":4},{"damage":0,"enemies":"2 Fungi Beasts","floor":11,"turns":3},{"damage":23,"enemies":"Gremlin Nob","floor":12,"turns":5},{"damage":23,"enemies":"Slime Boss","floor":16,"turns":8},{"damage":1,"enemies":"2 Thieves","floor":18,"turns":3},{"damage":12,"enemies":"Shell Parasite","floor":20,"turns":4},{"damage":14,"enemies":"Sentry and Sphere","floor":22,"turns":4},{"damage":15,"enemies":"Slavers","floor":24,"turns":3},{"damage":26,"enemies":"Snecko","floor":25,"turns":3}],"event_choices":[{"event_name":"The Lab","player_choice":"Got Potions","floor":4,"damage_taken":0},{"event_name":"Golden Wing","player_choice":"Card Removal","floor":10,"damage_taken":0},{"event_name":"Purifier","player_choice":"One Purge","floor":14,"damage_taken":0},{"event_name":"Cursed Tome","player_choice":"Obtained Book","floor":19,"damage_taken":0},{"event_name":"Golden Shrine","player_choice":"Desecrate","floor":21,"damage_taken":0}],"boss_relics":[{"not_picked":["Black Star","Lizard Tail"],"picked":"Ectoplasm"}],"potions_floor_spawned":[8,11,12,16],"seed_played":"8114116126353425931","killed_by":"Snecko","ascension_level":8,"is_trial":false}