{"gold_per_floor":[109,109,109,124,137,137,137,151,151,151,162,173,73,86,86,185,185,196,196,96,114,114,114,132,151,151,26,26],"floor_reached":28,"playtime":1224,"items_purged":["Strike_R","Strike_R","Decay"],"score":237,"play_id":"028fdab3-3dea-48e0-97dc-08dfb3b72de3","local_time":"20180826231330","is_ascension_mode":false,"campfire_choices":[{"data":"Clothesline","floor":6,"key":"SMITH"},{"data":"Bash","floor":10,"key":"SMITH"},{"data":"Combust","floor":15,"key":"SMITH"},{"data":"Berserk","floor":23,"key":"SMITH"}],"neow_cost":"PERCENT_DAMAGE","seed_source_timestamp":49745619578954,"circlet_count":0,"master_deck":["Defend_R","Defend_R","Defend_R","Defend_R","Bash+1","Thunderclap","Clothesline+1","Dropkick","Cleave","Combust+1","Heavy Blade","Berserk+1","Spot Weakness+1","Blood for Blood","Ghostly Armor","Power Through"],"relics":["Burning Blood"],"potions_floor_usage":[4,8,11,18,21,24,25,28],"damage_taken":[{"damage":0,"enemies":"2 Louse","floor":1,"turns":3},{"damage":11,"enemies":"Jaw Worm","floor":4,"turns":3},{"damage":0,"enemies":"Small Slimes","floor":5,"turns":3},{"damage":17,"enemies":"Looter","floor":8,"turns":3},{"damage":6,"enemies":"Blue Slaver","floor":11,"turns":3},{"damage":5,"enemies":"3 Louse","floor":12,"turns":3},{"damage":7,"enemies":"Looter","floor":14,"turns":2},{"damage":23,"enemies":"Slime Boss","floor":16,"turns":7},{"damage":34,"enemies":"Shell Parasite","floor":18,"turns":6},{"damage":30,"enemies":"Spheric Guardian","floor":21,"turns":5},{"damage":15,"enemies":"Shelled Parasite and Fungi","floor":24,"turns":2},{"damage":29,"enemies":"Snake Plant","floor":25,"turns":5},{"damage":12,"enemies":"Sentry and Sphere","floor":28,"turns":2}],"seed_played":"-2685807884972602064","potions_obtained":[{"floor":3,"key":"SneckoOil"},{"floor":3,"key":"Fruit Juice"},{"floor":3,"key":"BloodPotion"},{"floor":5,"key":"SpeedPotion"},{"floor":8,"key":"BloodPotion"},{"floor":12,"key":"Weak Potion"},{"floor":14,"key":"Dexterity Potion"},{"floor":18,"key":"Energy Potion"},{"floor":24,"key":"Fruit Juice"}],"is_trial":false,"path_per_floor":["M","?","?","M","M","R","?","M","T","R","M","M","$","M","R","B",null,"M","?","$","M","?","R","M","M","T","$"],"character_chosen":"IRONCLAD","items_purchased":["Heavy Blade"],"campfire_rested":0,"item_purchase_floors":[13],"current_hp_per_floor":[62,67,67,67,73,73,66,64,64,64,73,74,74,73,73,56,90,62,62,62,38,38,38,29,11,11,11,0],"gold":26,"neow_bonus":"REMOVE_TWO","is_prod":false,"is_daily":false,"chose_seed":false,"campfire_upgraded":4,"win_rate":0,"timestamp":1535343210,"path_taken":["M","?","?","M","M","R","?","M","T","R","?","M","$","M","R","BOSS","M","?","$","M","?","R","?","M","T","$","?"],"build_version":"2018-08-23v2","purchased_purges":3,"victory":false,"max_hp_per_floor":[80,85,85,90,90,90,90,90,90,90,90,90,90,90,90,90,90,90,90,90,90,90,90,90,95,95,95,95],"card_choices":[{"not_picked":["Havoc","Warcry","Body Slam"],"picked":"SKIP","floor":1},{"not_picked":["Wild Strike","Whirlwind"],"picked":"Thunderclap","floor":4},{"not_picked":["Flame Barrier","Infernal Blade"],"picked":"Clothesline","floor":5},{"not_picked":["Anger","Dark Embrace"],"picked":"Dropkick","floor":8},{"not_picked":["Entrench","Pummel"],"picked":"Cleave","floor":11},{"not_picked":["Reckless Charge","Pommel Strike"],"picked":"Combust","floor":12},{"not_picked":["Shrug It Off","Shockwave","Iron Wave"],"picked":"SKIP","floor":14},{"not_picked":["Barricade","Impervious"],"picked":"Berserk","floor":16},{"not_picked":["Clothesline","Intimidate"],"picked":"Spot Weakness+1","floor":18},{"not_picked":["Wild Strike","Warcry","Armaments+1"],"picked":"SKIP","floor":21},{"not_picked":["Evolve+1","Cleave"],"picked":"Ghostly Armor","floor":24},{"not_picked":["Power Through","Headbutt","Body Slam"],"picked":"SKIP","floor":25},{"not_picked":["Headbutt","Body Slam"],"picked":"Power Through","floor":25}],"player_experience":375250,"relics_obtained":[],"event_choices":[{"event_name":"Big Fish","player_choice":"Donut","floor":2,"damage_taken":0},{"event_name":"The Lab","player_choice":"Got Potions","floor":3,"damage_taken":0},{"event_name":"Golden Wing","player_choice":"Card Removal","floor":7,"damage_taken":0},{"event_name":"The Library","player_choice":"Read","floor":19,"damage_taken":0},{"event_name":"Wheel of Change","player_choice":"Curse","floor":22,"damage_taken":0}],"is_beta":false,"boss_relics":[{"not_picked":["Mark of Pain","Black Star","Runic Dome"]}],"items_purged_floors":[13,20,27],"is_endless":false,"potions_floor_spawned":[5,8,12,14,18,24],"killed_by":"Sentry and Sphere","ascension_level":0}