{"gold_per_floor":[14,14,14,14,31,50,50,63,63,213,223,223,223,238,238,238],"floor_reached":16,"playtime":840,"items_purged":[],"score":184,"play_id":"b576ab22-66a0-4f21-9f10-6d4eaed3a68b","local_time":"20190226212736","is_ascension_mode":true,"campfire_choices":[{"data":"Zap","floor":7,"key":"SMITH"},{"data":"Dualcast","floor":12,"key":"SMITH"},{"data":"Coolheaded","floor":15,"key":"SMITH"}],"neow_cost":"NO_GOLD","seed_source_timestamp":29729039302858,"circlet_count":0,"master_deck":["AscendersBane","Strike_B","Strike_B","Strike_B","Strike_B","Defend_B","Defend_B","Defend_B","Defend_B","Zap+1","Dualcast+1","Seek","Genetic Algorithm","Go for the Eyes","Ball Lightning","Coolheaded+1","Doubt","Cold Snap","FTL"],"relics":["Cracked Core","Blue Candle","Strawberry","Dodecahedron"],"potions_floor_usage":[8,16,16],"damage_taken":[{"damage":1,"enemies":"Cultist","floor":1,"turns":3},{"damage":0,"enemies":"2 Louse","floor":5,"turns":2},{"damage":0,"enemies":"Jaw Worm","floor":6,"turns":3},{"damage":22,"enemies":"3 Louse","floor":8,"turns":4},{"damage":3,"enemies":"Exordium Wildlife","floor":11,"turns":4},{"damage":15,"enemies":"Lots of Slimes","floor":14,"turns":4},{"damage":44,"enemies":"Hexaghost","floor":16,"turns":10}],"seed_played":"6234692994783276338","potions_obtained":[{"floor":1,"key":"SneckoOil"},{"floor":11,"key":"Regen Potion"},{"floor":14,"key":"SpeedPotion"}],"is_trial":false,"path_per_floor":["M","?","?","$","M","M","R","M","T","?","M","R","T","M","R","B"],"character_chosen":"DEFECT","items_purchased":[],"campfire_rested":0,"item_purchase_floors":[],"current_hp_per_floor":[63,68,57,57,57,57,57,35,42,42,39,39,39,24,24,0],"gold":238,"neow_bonus":"THREE_RARE_CARDS","is_prod":false,"is_daily":false,"chose_seed":false,"campfire_upgraded":3,"win_rate":0,"timestamp":1551238056,"path_taken":["M","?","?","?","M","M","R","M","T","?","?","R","?","?","R","BOSS"],"build_version":"2019-01-23","purchased_purges":0,"victory":false,"max_hp_per_floor":[71,76,76,76,76,76,76,76,83,83,83,83,83,83,83,83],"card_choices":[{"not_picked":["Amplify","Fission"],"picked":"Seek","floor":0},{"not_picked":["Beam Cell","Chill"],"picked":"Genetic Algorithm","floor":1},{"not_picked":["Leap","Rebound"],"picked":"Go for the Eyes","floor":5},{"not_picked":["Chaos","Stack"],"picked":"Ball Lightning","floor":6},{"not_picked":["Leap","Turbo"],"picked":"Coolheaded","floor":8},{"not_picked":["Rebound","Glacier"],"picked":"Cold Snap","floor":11},{"not_picked":["Rebound","Turbo"],"picked":"FTL","floor":14}],"player_experience":593929,"relics_obtained":[{"floor":9,"key":"Strawberry"},{"floor":13,"key":"Dodecahedron"}],"event_choices":[{"damage_healed":0,"gold_gain":0,"player_choice":"Donut","damage_taken":0,"max_hp_gain":5,"max_hp_loss":0,"event_name":"Big Fish","floor":2,"gold_loss":0},{"damage_healed":0,"gold_gain":0,"player_choice":"Success","damage_taken":11,"relics_obtained":["Blue Candle"],"max_hp_gain":0,"max_hp_loss":0,"event_name":"Scrap Ooze","floor":3,"gold_loss":0},{"damage_healed":0,"gold_gain":150,"player_choice":"AGREE","damage_taken":0,"max_hp_gain":0,"max_hp_loss":0,"event_name":"Liars Game","floor":10,"gold_loss":0,"cards_obtained":["Doubt"]}],"is_beta":false,"boss_relics":[],"items_purged_floors":[],"is_endless":false,"potions_floor_spawned":[1,11,14],"killed_by":"Hexaghost","ascension_level":20}