{"path_per_floor":["M","M","$","M","M","E","M","$","T","M","M","R","E","?","R","B",null,"M","$","?","M","M","E","M","R","T","?","R","$","M","?","R","B",null,"M","?","T","M","$","R","E","R","T"],"character_chosen":"THE_SILENT","items_purchased":["Deflect","Poisoned Stab","Catalyst"],"gold_per_floor":[119,137,36,47,17,43,63,38,38,56,67,67,102,102,102,197,197,197,20,20,0,0,0,0,0,0,0,0,0,0,0,0,0,0,0,0,0,0,0,0,0,0,0],"floor_reached":44,"campfire_rested":6,"playtime":3631,"current_hp_per_floor":[64,62,62,62,62,26,21,21,28,27,27,50,41,34,57,1,77,77,77,77,55,50,37,27,50,50,50,50,50,50,36,60,29,82,63,63,63,47,47,71,29,53,53],"items_purged":["Strike_G","Strike_G"],"gold":0,"score":517,"play_id":"5e568879-01d8-45a2-a70f-9e88a32c3d05","local_time":"20180313215224","is_prod":false,"is_daily":false,"is_ascension_mode":false,"campfire_upgraded":1,"timestamp":1521003144,"path_taken":["M","M","$","M","M","E","M","?","T","?","M","R","E","?","R","BOSS","M","$","?","M","M","E","M","R","T","?","R","?","?","?","R","BOSS","M","?","?","?","$","R","E","R","T","?"],"build_version":"2018-03-09","purchased_purges":2,"victory":false,"master_deck":["Defend_G","Defend_G","Defend_G","Defend_G","Survivor","Neutralize","Crippling Poison","Poisoned Stab","Deflect","Deadly Poison","Bouncing Flask","Deadly Poison","Bane","Poisoned Stab","Leg Sweep+1","Poisoned Stab","Infinite Blades","Catalyst","Noxious Fumes+1","Leg Sweep+1","Deflect","Bane+1","Writhe","Noxious Fumes","Bane","Bane+1"],"max_hp_per_floor":[70,70,70,70,70,70,70,70,77,77,77,77,77,77,77,77,77,77,77,77,77,77,77,77,77,77,77,77,77,77,82,82,82,82,82,82,82,82,82,82,82,82,82],"relics":["Ring of the Snake","Bronze Scales","Strawberry","Snake Skull","Ectoplasm","Bottled Lightning","Dead Branch","Pen Nib","White Beast Statue","Oddly Smooth Stone","Blood Vial","Prayer Wheel"],"card_choices":[{"not_picked":["Dagger Throw","Outmaneuver"],"picked":"Crippling Poison"},{"not_picked":["Underhanded Strike","Reflex"],"picked":"Poisoned Stab"},{"not_picked":["Flechettes","Blur"],"picked":"Deadly Poison"},{"not_picked":["Acrobatics","Blade Dance"],"picked":"Bouncing Flask"},{"not_picked":["Flying Knee","Outmaneuver"],"picked":"Deadly Poison"},{"not_picked":["Die Die Die","Distraction"],"picked":"Bane"},{"not_picked":["Blur","Poisoned Stab"],"picked":"Leg Sweep"},{"not_picked":["Dodge and Roll","Dash"],"picked":"Poisoned Stab"},{"not_picked":["Outmaneuver","Quick Slash"],"picked":"Infinite Blades"},{"not_picked":["Deflect","Quick Slash"],"picked":"Noxious Fumes"},{"not_picked":["Well Laid Plans","Dagger Spray"],"picked":"Leg Sweep"},{"not_picked":["Malaise","Outmaneuver"],"picked":"Deflect"},{"not_picked":["Infinite Blades","Quick Slash"],"picked":"Bane"},{"not_picked":["Dagger Spray","Poisoned Stab"],"picked":"Noxious Fumes"},{"not_picked":["Dash","Dagger Spray"],"picked":"Bane"},{"not_picked":["Dagger Throw","Flying Knee"],"picked":"Bane"}],"player_experience":98850,"potions_floor_usage":[5,10,16,16,22,33,33,44],"damage_taken":[{"damage":6,"enemies":"Cultist","floor":1,"turns":7},{"damage":2,"enemies":"Small Slimes","floor":2,"turns":6},{"damage":0,"enemies":"2 Louse","floor":4,"turns":3},{"damage":0,"enemies":"Looter","floor":5,"turns":4},{"damage":36,"enemies":"Gremlin Nob","floor":6,"turns":6},{"damage":5,"enemies":"Lots of Slimes","floor":7,"turns":5},{"damage":1,"enemies":"Gremlin Gang","floor":10,"turns":5},{"damage":0,"enemies":"Looter","floor":11,"turns":3},{"damage":9,"enemies":"Lagavulin","floor":13,"turns":5},{"damage":56,"enemies":"Slime Boss","floor":16,"turns":11},{"damage":0,"enemies":"3 Byrds","floor":18,"turns":3},{"damage":22,"enemies":"2 Thieves","floor":21,"turns":4},{"damage":11,"enemies":"Cultist and Chosen","floor":22,"turns":5},{"damage":13,"enemies":"Book of Stabbing","floor":23,"turns":4},{"damage":10,"enemies":"Slaver and Parasite","floor":24,"turns":6},{"damage":0,"enemies":"Snecko","floor":30,"turns":4},{"damage":31,"enemies":"Champ","floor":33,"turns":7},{"damage":19,"enemies":"3 Shapes","floor":35,"turns":4},{"damage":16,"enemies":"Orb Walker","floor":38,"turns":4},{"damage":42,"enemies":"2 Orb Walkers","floor":41,"turns":5},{"damage":63,"enemies":"Mysterious Sphere","floor":44,"turns":5}],"event_choices":[{"event_name":"Golden Wing","player_choice":"Card Removal","floor":14,"damage_taken":0},{"event_name":"Bonfire Elementals","player_choice":"BASIC","floor":20,"damage_taken":0},{"event_name":"The Mausoleum","player_choice":"Yes","floor":27,"damage_taken":0},{"event_name":"Forgotten Altar","player_choice":"Shed Blood","floor":31,"damage_taken":0},{"event_name":"Mysterious Sphere","player_choice":"Fight","floor":44,"damage_taken":0}],"boss_relics":[{"not_picked":["Snecko Eye","Orrery"],"picked":"Ectoplasm"},{"not_picked":["Calling Bell","Runic Dome"],"picked":"White Beast Statue"}],"potions_floor_spawned":[1,4,7,10,16,18,21,24,35,38,41],"seed_played":"466868867840501018","killed_by":"Mysterious Sphere","ascension_level":0,"is_trial":false}