{"gold_per_floor":[114,126,139,139,157,157,187,187,187,187,207,80,104,123,123,221,221,246,296,1,24,24,24,24,67,94,106,134,146,182,230,242,352,364,395,108,131,6,6,6,30,68,120,120,145,0,16,16,16,16],"floor_reached":51,"playtime":5103,"items_purged":["Strike_B","Strike_B","Strike_B"],"score":1071,"play_id":"24c718ef-d6e9-48ca-b12e-0915c94108ac","local_time":"20190121182553","is_ascension_mode":true,"campfire_choices":[{"data":"Zap","floor":6.0,"key":"SMITH"},{"data":"Dualcast","floor":10.0,"key":"SMITH"},{"floor":15.0,"key":"REST"},{"data":"Apotheosis","floor":23.0,"key":"SMITH"},{"floor":27.0,"key":"REST"},{"floor":32.0,"key":"REST"},{"floor":40,"key":"REST"},{"data":"Echo Form","floor":44,"key":"SMITH"},{"floor":49,"key":"REST"}],"neow_cost":"NONE","seed_source_timestamp":21543219098236,"circlet_count":0,"master_deck":["AscendersBane","Defend_B","Defend_B","Defend_B","Defend_B","Zap+1","Dualcast+1","Purity+1","Leap","Leap+1","Creative AI","Cold Snap","Capacitor","Sweeping Beam","Cold Snap","Coolheaded","Echo Form+1","Apotheosis+1","Compile Driver","Tempest","Force Field","Hologram","Leap","BootSequence","Electrodynamics","Consume+1","Flash of Steel","Secret Weapon","Stack"],"special_seed":0,"relics":["Cracked Core","Letter Opener","Golden Idol","FossilizedHelix","Philosopher\u0027s Stone","Du-Vu Doll","MawBank","Sozu","Turnip","Bottled Flame","Bag of Marbles","Red Mask"],"potions_floor_usage":[35,45],"damage_taken":[{"damage":1.0,"enemies":"Cultist","floor":1.0,"turns":4.0},{"damage":12.0,"enemies":"Small Slimes","floor":2.0,"turns":3.0},{"damage":2.0,"enemies":"Jaw Worm","floor":3.0,"turns":3.0},{"damage":2.0,"enemies":"Looter","floor":5.0,"turns":3.0},{"damage":8.0,"enemies":"3 Sentries","floor":7.0,"turns":8.0},{"damage":10.0,"enemies":"Gremlin Gang","floor":11.0,"turns":5.0},{"damage":0.0,"enemies":"Exordium Wildlife","floor":13.0,"turns":3.0},{"damage":0.0,"enemies":"Large Slime","floor":14.0,"turns":5.0},{"damage":5.0,"enemies":"The Guardian","floor":16.0,"turns":11.0},{"damage":15.0,"enemies":"Spheric Guardian","floor":18.0,"turns":9.0},{"damage":0.0,"enemies":"Shell Parasite","floor":21.0,"turns":9.0},{"damage":29.0,"enemies":"Book of Stabbing","floor":25.0,"turns":7.0},{"damage":0.0,"enemies":"Snecko","floor":28.0,"turns":4.0},{"damage":0.0,"enemies":"Centurion and Healer","floor":30.0,"turns":8.0},{"damage":5.0,"enemies":"Shelled Parasite and Fungi","floor":31.0,"turns":6.0},{"damage":33,"enemies":"Collector","floor":33,"turns":10},{"damage":0,"enemies":"3 Darklings","floor":35,"turns":3},{"damage":1,"enemies":"Orb Walker","floor":37,"turns":4},{"damage":0,"enemies":"4 Shapes","floor":41,"turns":2},{"damage":20,"enemies":"Nemesis","floor":42,"turns":7},{"damage":0,"enemies":"Spire Growth","floor":45,"turns":6},{"damage":1,"enemies":"Maw","floor":47,"turns":9},{"damage":45,"enemies":"Awakened One","floor":50,"turns":21}],"seed_played":"-5975586192219697372","potions_obtained":[{"floor":1.0,"key":"SkillPotion"},{"floor":7.0,"key":"LiquidBronze"},{"floor":11.0,"key":"GamblersBrew"},{"floor":13.0,"key":"EssenceOfSteel"},{"floor":28.0,"key":"FearPotion"},{"floor":31.0,"key":"Ancient Potion"},{"floor":33,"key":"Weak Potion"}],"is_trial":false,"path_per_floor":["M","M","M","?","M","R","E","?","T","R","M","$","M","M","R","B",null,"M","?","$","M","?","R","$","E","T","R","M","?","M","M","R","B",null,"M","$","M","$","?","R","M","E","T","R","M","?","M","?","R","B",null],"character_chosen":"DEFECT","items_purchased":["Block Potion","Apotheosis","Compile Driver","Turnip"],"campfire_rested":5,"item_purchase_floors":[12,20,20,36],"current_hp_per_floor":[67,55,53,38,36,36,28,28,28,28,18,18,18,18,38,33,60,45,45,45,45,45,45,45,16,16,36,36,36,36,31,51,18,56,56,56,55,55,45,65,65,45,45,45,45,45,44,44,63,18],"gold":16,"neow_bonus":"RANDOM_COLORLESS","is_prod":false,"is_daily":false,"chose_seed":false,"campfire_upgraded":4,"win_rate":0,"timestamp":1548116753,"path_taken":["M","M","?","?","M","R","E","?","T","R","M","$","M","M","R","BOSS","M","?","$","?","?","R","$","E","T","R","M","?","M","M","R","BOSS","M","$","?","$","?","R","M","E","T","R","M","?","M","?","R","BOSS"],"build_version":"2019-01-17v2","purchased_purges":3,"victory":true,"max_hp_per_floor":[75,75,75,75,75,75,75,69,69,69,69,69,69,69,69,69,69,69,69,69,69,69,69,69,69,69,69,69,69,69,69,69,69,69,69,69,69,69,69,69,69,69,69,69,69,69,69,66,66,66],"card_choices":[{"not_picked":["FTL","Sweeping Beam"],"picked":"Leap","floor":1.0},{"not_picked":["Gash","Reinforced Body"],"picked":"Leap","floor":2.0},{"not_picked":["Redo","Reinforced Body"],"picked":"Creative AI","floor":3.0},{"not_picked":["Stack","Sunder"],"picked":"Cold Snap","floor":5.0},{"not_picked":["Coolheaded","FTL"],"picked":"Capacitor","floor":7.0},{"not_picked":["Go for the Eyes","Rip and Tear"],"picked":"Sweeping Beam","floor":11.0},{"not_picked":["Sweeping Beam","Undo"],"picked":"Cold Snap","floor":13.0},{"not_picked":["Reinforced Body","Sweeping Beam"],"picked":"Coolheaded","floor":14.0},{"not_picked":["Seek","Core Surge"],"picked":"Echo Form","floor":16.0},{"not_picked":["Rip and Tear","Rebound","Turbo"],"picked":"SKIP","floor":18.0},{"not_picked":["Recycle","Gash"],"picked":"Tempest","floor":21.0},{"not_picked":["Streamline","Gash"],"picked":"Force Field","floor":25.0},{"not_picked":["Heatsinks","Turbo"],"picked":"Hologram","floor":28.0},{"not_picked":["Beam Cell","Recycle"],"picked":"Leap","floor":30.0},{"not_picked":["Conserve Battery","Glacier"],"picked":"BootSequence","floor":31.0},{"not_picked":["Echo Form","Core Surge"],"picked":"Electrodynamics","floor":33},{"not_picked":["Gash","Rebound+1"],"picked":"Consume+1","floor":35},{"not_picked":["Stack","Auto Shields+1","Sunder"],"picked":"SKIP","floor":37},{"not_picked":["Swift Strike","The Bomb"],"picked":"Flash of Steel","floor":39},{"not_picked":["Blind","Purity"],"picked":"Secret Weapon","floor":39},{"not_picked":["White Noise+1","Gash"],"picked":"Stack","floor":41},{"not_picked":["Static Discharge","Hologram","Fusion"],"picked":"SKIP","floor":42},{"not_picked":["Gash","All For One","Sunder"],"picked":"SKIP","floor":45},{"not_picked":["Loop","Steam Power","Reinforced Body"],"picked":"SKIP","floor":47}],"player_experience":483511,"relics_obtained":[{"floor":7.0,"key":"Letter Opener"},{"floor":9.0,"key":"FossilizedHelix"},{"floor":25.0,"key":"Du-Vu Doll"},{"floor":26.0,"key":"MawBank"},{"floor":42,"key":"Bottled Flame"},{"floor":43,"key":"Bag of Marbles"}],"event_choices":[{"damage_healed":0.0,"max_hp_gain":0.0,"max_hp_loss":0.0,"gold_gain":0.0,"event_name":"Shining Light","player_choice":"Entered Light","floor":4.0,"gold_loss":0.0,"damage_taken":15.0,"cards_upgraded":["Purity","Leap"]},{"damage_healed":0.0,"max_hp_gain":0.0,"max_hp_loss":6.0,"gold_gain":0.0,"event_name":"Golden Idol","player_choice":"Lose Max HP","floor":8.0,"gold_loss":0.0,"damage_taken":0.0,"relics_obtained":["Golden Idol"]},{"damage_healed":0.0,"max_hp_gain":0.0,"max_hp_loss":0.0,"gold_gain":100.0,"event_name":"The Joust","player_choice":"Bet on Murderer","floor":19.0,"gold_loss":50.0,"damage_taken":0.0},{"damage_healed":0.0,"max_hp_gain":0.0,"max_hp_loss":0.0,"gold_gain":0.0,"event_name":"Beggar","player_choice":"Ignored","floor":22.0,"gold_loss":0.0,"damage_taken":0.0},{"cards_removed":["Strike_B"],"damage_healed":0.0,"max_hp_gain":0.0,"max_hp_loss":0.0,"gold_gain":0.0,"event_name":"Bonfire Elementals","player_choice":"Offered Basic","floor":29.0,"gold_loss":0.0,"damage_taken":0.0},{"damage_healed":0,"gold_gain":0,"player_choice":"Memory 3","damage_taken":10,"max_hp_gain":0,"max_hp_loss":0,"event_name":"SensoryStone","floor":39,"gold_loss":0},{"damage_healed":0,"gold_gain":0,"player_choice":"Paid","damage_taken":0,"relics_obtained":["Red Mask"],"max_hp_gain":0,"max_hp_loss":0,"event_name":"Tomb of Lord Red Mask","floor":46,"gold_loss":145},{"damage_healed":0,"gold_gain":0,"player_choice":"Max HP","damage_taken":0,"max_hp_gain":0,"max_hp_loss":3,"event_name":"Winding Halls","floor":48,"gold_loss":0}],"is_beta":false,"boss_relics":[{"not_picked":["Inserter","Pandora\u0027s Box"],"picked":"Philosopher\u0027s Stone"},{"not_picked":["Eternal Feather","Velvet Choker"],"picked":"Sozu"}],"items_purged_floors":[12,20,38],"is_endless":false,"potions_floor_spawned":[1,7,11,13,14,28,31,33,41,45],"ascension_level":13}