{"gold_per_floor":[219,219,231,241,259,259,287,297,297,60,85,85,85,106,106,232,232,246,50,75,75,119,119,153,153,153,176,176,91,91,118,118,242,242,255,255,46,46,46,46,60,60,85,101,101,117,117,18,18,18,18,18,18,58,58],"floor_reached":55,"playtime":3566,"items_purged":["Clash"],"score":999,"play_id":"0fb54d44-e608-42b4-a859-199acede11a7","local_time":"20190126120201","is_ascension_mode":true,"campfire_choices":[{"data":"Uppercut","floor":6.0,"key":"SMITH"},{"data":"Corruption","floor":12.0,"key":"SMITH"},{"data":"Body Slam","floor":15.0,"key":"SMITH"},{"data":"Ghostly","floor":23.0,"key":"SMITH"},{"data":"Ghostly","floor":25.0,"key":"SMITH"},{"data":"Inflame","floor":28.0,"key":"SMITH"},{"data":"Rage","floor":30.0,"key":"SMITH"},{"data":"Ghostly","floor":32.0,"key":"SMITH"},{"data":"Fiend Fire","floor":40.0,"key":"SMITH"},{"data":"Mayhem","floor":45.0,"key":"SMITH"},{"data":"Ghostly","floor":47.0,"key":"SMITH"},{"floor":49.0,"key":"RECALL"},{"data":"Pommel Strike","floor":52.0,"key":"SMITH"}],"neow_cost":"NONE","seed_source_timestamp":0,"circlet_count":0,"master_deck":["Strike_R","Strike_R","Strike_R","Strike_R","Defend_R+1","Defend_R","Defend_R","Defend_R","Bash","Rage+1","Pommel Strike+1","Body Slam+1","Metallicize","Corruption+1","Impervious","Cleave","Feel No Pain","Shrug It Off","Ghostly Armor","Ghostly+1","Ghostly+1","Ghostly+1","Ghostly+1","Ghostly+1","Iron Wave+1","Inflame+1","Fiend Fire+1","Sentinel+1","Mayhem+1","Inflame","Heavy Blade","Clothesline+1"],"special_seed":0,"relics":["Burning Blood","PreservedInsect","Mummified Hand","Strange Spoon","Nunchaku","Golden Idol","Mark of Pain","Red Mask","Letter Opener","Boot","Omamori","Sozu","HandDrill","War Paint","Charon\u0027s Ashes"],"potions_floor_usage":[55],"damage_taken":[{"damage":7.0,"enemies":"Jaw Worm","floor":1.0,"turns":3.0},{"damage":1.0,"enemies":"Cultist","floor":3.0,"turns":3.0},{"damage":8.0,"enemies":"Small Slimes","floor":4.0,"turns":2.0},{"damage":3.0,"enemies":"Exordium Wildlife","floor":5.0,"turns":2.0},{"damage":12.0,"enemies":"Gremlin Nob","floor":7.0,"turns":3.0},{"damage":0.0,"enemies":"Large Slime","floor":8.0,"turns":3.0},{"damage":19.0,"enemies":"3 Sentries","floor":11.0,"turns":6.0},{"damage":3.0,"enemies":"Looter","floor":14.0,"turns":3.0},{"damage":34.0,"enemies":"The Guardian","floor":16.0,"turns":7.0},{"damage":27.0,"enemies":"Chosen","floor":18.0,"turns":6.0},{"damage":5.0,"enemies":"Shell Parasite","floor":20.0,"turns":4.0},{"damage":28.0,"enemies":"Masked Bandits","floor":22.0,"turns":8.0},{"damage":0.0,"enemies":"Book of Stabbing","floor":24.0,"turns":8.0},{"damage":1.0,"enemies":"Shelled Parasite and Fungi","floor":27.0,"turns":10.0},{"damage":17.0,"enemies":"Champ","floor":33.0,"turns":16.0},{"damage":23.0,"enemies":"3 Darklings","floor":35.0,"turns":9.0},{"damage":1.0,"enemies":"Orb Walker","floor":41.0,"turns":4.0},{"damage":0.0,"enemies":"Writhing Mass","floor":44.0,"turns":9.0},{"damage":0.0,"enemies":"Jaw Worm Horde","floor":46.0,"turns":7.0},{"damage":5.0,"enemies":"Donu and Deca","floor":50.0,"turns":13.0},{"damage":24.0,"enemies":"Shield and Spear","floor":54.0,"turns":7.0},{"damage":18,"enemies":"The Heart","floor":55,"turns":11}],"seed_played":"-8481437979407510035","potions_obtained":[{"floor":1.0,"key":"Strength Potion"},{"floor":4.0,"key":"Ancient Potion"},{"floor":5.0,"key":"Strength Potion"},{"floor":14.0,"key":"Dexterity Potion"},{"floor":18.0,"key":"Swift Potion"},{"floor":24.0,"key":"AttackPotion"}],"is_trial":false,"path_per_floor":["M","?","M","M","M","R","E","M","T","$","E","R","?","M","R","B",null,"M","$","M","?","?","R","E","R","T","M","M","R","?","R","T","R","B",null,"M","?","$","?","?","R","M","?","T","M","R","M","R","$","R","B",null,"R","$","E","B"],"character_chosen":"IRONCLAD","items_purchased":["Metallicize","Strange Spoon","Feel No Pain","Shrug It Off","HandDrill","Inflame","Heavy Blade"],"campfire_rested":0,"item_purchase_floors":[10,10,19,19,37,48,48],"current_hp_per_floor":[71,71,76,74,77,77,71,77,77,77,64,64,64,67,67,39,65,44,44,45,37,15,15,21,21,21,26,26,26,26,26,26,15,32,15,15,15,15,15,15,20,20,20,26,26,32,32,32,32,33,35,35,35,17,0],"gold":58,"neow_bonus":"HUNDRED_GOLD","is_prod":false,"is_daily":false,"chose_seed":false,"campfire_upgraded":12,"win_rate":0,"timestamp":1548500521,"path_taken":["M","?","M","M","M","R","E","M","T","?","E","R","?","M","R","BOSS","M","$","M","?","?","R","E","R","T","M","R","?","R","?","R","BOSS","M","?","$","?","?","R","M","?","T","M","R","M","R","$","R","BOSS","R","$","E","BOSS"],"build_version":"2018-12-20","purchased_purges":1,"victory":false,"max_hp_per_floor":[80,80,80,80,80,80,80,80,80,80,80,80,74,74,74,74,74,74,74,74,37,37,37,37,37,37,37,37,37,37,37,37,37,37,37,37,37,35,35,35,35,35,35,35,35,35,35,35,35,35,35,35,35,35,35],"card_choices":[{"not_picked":["Metallicize","Havoc"],"picked":"Clash","floor":1.0},{"not_picked":["Flex","Anger"],"picked":"Rage","floor":3.0},{"not_picked":["Sword Boomerang","Clash"],"picked":"Uppercut","floor":4.0},{"not_picked":["Perfected Strike","Sword Boomerang"],"picked":"Pommel Strike","floor":5.0},{"not_picked":["Reaper","Whirlwind"],"picked":"Body Slam","floor":7.0},{"not_picked":["Anger","Sentinel","Perfected Strike"],"picked":"SKIP","floor":8.0},{"not_picked":["Burning Pact","Flex"],"picked":"Corruption","floor":11.0},{"not_picked":["Wild Strike","Anger","Blood for Blood"],"picked":"SKIP","floor":14.0},{"not_picked":["Feed","Barricade"],"picked":"Impervious","floor":16.0},{"not_picked":["Clothesline","Havoc"],"picked":"Cleave","floor":18.0},{"not_picked":["Twin Strike","Sever Soul"],"picked":"Ghostly Armor","floor":20.0},{"not_picked":["Flex","Perfected Strike"],"picked":"Iron Wave+1","floor":22.0},{"not_picked":["Entrench","Cleave+1"],"picked":"Inflame","floor":24.0},{"not_picked":["Twin Strike+1","Cleave","Havoc"],"picked":"SKIP","floor":27.0},{"not_picked":["Brutality","Double Tap"],"picked":"Fiend Fire","floor":33.0},{"not_picked":["Whirlwind","Burning Pact+1"],"picked":"Sentinel+1","floor":35.0},{"not_picked":["Flex+1","Armaments","Perfected Strike+1"],"picked":"SKIP","floor":41.0},{"not_picked":["Blind","Deep Breath"],"picked":"Mayhem","floor":42.0},{"not_picked":["Body Slam+1","Cleave+1","Twin Strike"],"picked":"SKIP","floor":44.0},{"not_picked":["Rupture+1","Perfected Strike+1","Rage+1"],"picked":"SKIP","floor":46.0},{"not_picked":["Cleave+1","Feel No Pain"],"picked":"Clothesline+1","floor":54.0}],"player_experience":161990,"relics_obtained":[{"floor":7.0,"key":"PreservedInsect"},{"floor":9.0,"key":"Mummified Hand"},{"floor":11.0,"key":"Nunchaku"},{"floor":22.0,"key":"Red Mask"},{"floor":24.0,"key":"Letter Opener"},{"floor":31.0,"key":"Omamori"},{"floor":43.0,"key":"War Paint"},{"floor":54.0,"key":"Charon\u0027s Ashes"}],"event_choices":[{"cards_removed":["Strike_R"],"damage_healed":0.0,"max_hp_gain":0.0,"max_hp_loss":0.0,"gold_gain":0.0,"event_name":"Bonfire Elementals","player_choice":"Offered Basic","floor":2.0,"gold_loss":0.0,"damage_taken":0.0},{"damage_healed":0.0,"max_hp_gain":0.0,"max_hp_loss":6.0,"gold_gain":0.0,"event_name":"Golden Idol","player_choice":"Lose Max HP","floor":13.0,"gold_loss":0.0,"damage_taken":0.0,"relics_obtained":["Golden Idol"]},{"damage_healed":0.0,"max_hp_gain":0.0,"max_hp_loss":37.0,"gold_gain":0.0,"event_name":"Ghosts","player_choice":"Became a Ghost","floor":21.0,"gold_loss":0.0,"damage_taken":0.0,"cards_obtained":["Ghostly","Ghostly","Ghostly","Ghostly","Ghostly"]},{"damage_healed":0.0,"max_hp_gain":0.0,"max_hp_loss":0.0,"gold_gain":0.0,"event_name":"Masked Bandits","player_choice":"Fought Bandits","floor":22.0,"gold_loss":0.0,"damage_taken":0.0},{"damage_healed":0.0,"max_hp_gain":0.0,"max_hp_loss":0.0,"gold_gain":0.0,"event_name":"Addict","player_choice":"Obtained Relic","floor":29.0,"gold_loss":85.0,"damage_taken":0.0,"relics_obtained":["Boot"]},{"cards_removed":["Uppercut"],"damage_healed":0.0,"max_hp_gain":0.0,"max_hp_loss":0.0,"gold_gain":0.0,"event_name":"Falling","player_choice":"Removed Attack","floor":36.0,"gold_loss":0.0,"damage_taken":0.0},{"damage_healed":0.0,"max_hp_gain":0.0,"max_hp_loss":2.0,"gold_gain":0.0,"event_name":"Winding Halls","player_choice":"Max HP","floor":38.0,"gold_loss":0.0,"damage_taken":0.0},{"damage_healed":0.0,"max_hp_gain":0.0,"max_hp_loss":0.0,"gold_gain":0.0,"event_name":"Mysterious Sphere","player_choice":"Ignored","floor":39.0,"gold_loss":0.0,"damage_taken":0.0},{"damage_healed":0.0,"max_hp_gain":0.0,"max_hp_loss":0.0,"gold_gain":0.0,"event_name":"SensoryStone","player_choice":"Memory 1","floor":42.0,"gold_loss":0.0,"damage_taken":0.0}],"is_beta":false,"boss_relics":[{"not_picked":["Black Blood","Black Star"],"picked":"Mark of Pain"},{"not_picked":["Cursed Key","Empty Cage"],"picked":"Sozu"}],"items_purged_floors":[19],"is_endless":false,"potions_floor_spawned":[1,4,5,11,14,18,24,41],"killed_by":"The Heart","ascension_level":8}