{"path_per_floor":["M","?","?","$","M","E","R","T","T","?","E","M","R","M","R","B",null,"M","$","M","?","?","E","M","M","T","M","R","$","R","E","R"],"character_chosen":"IRONCLAD","items_purchased":["Carnage","Bandage Up","Carnage"],"gold_per_floor":[17,17,92,55,71,96,96,96,96,96,124,138,138,154,154,250,250,269,194,212,212,212,241,258,274,274,285,285,12,12,46,46],"floor_reached":33,"campfire_rested":3,"playtime":2809,"current_hp_per_floor":[80,80,69,69,74,61,61,61,68,51,44,50,50,56,56,42,87,87,87,78,78,78,15,11,17,17,7,34,34,61,55,82],"items_purged":["Defend_R","Strike_R"],"gold":46,"score":293,"play_id":"a75944fd-0f5c-49e9-a794-08182684d7c9","is_prod":false,"is_daily":false,"is_ascension_mode":false,"campfire_upgraded":3,"path_taken":["M","?","?","$","?","E","R","?","T","?","E","M","R","M","R","BOSS","M","$","?","?","?","E","M","M","T","?","R","$","R","E","R","BOSS"],"build_version":"2018-02-22-PROD1","purchased_purges":2,"victory":false,"master_deck":["Strike_R+1","Defend_R","Defend_R","Defend_R","Bash+1","Iron Wave+1","Intimidate","Carnage","Cleave","Cleave","Anger","Iron Wave+1","Feed","Dropkick","Iron Wave+1","Pommel Strike+1","Anger","Bandage Up","Carnage","Berserk"],"max_hp_per_floor":[80,80,80,80,80,80,80,80,87,87,87,87,87,87,87,87,87,87,87,90,90,90,90,90,90,90,90,90,90,90,93,93],"relics":["Burning Blood","Matryoshka","Oddly Smooth Stone","Paper Frog","Strawberry","Mercury Hourglass","Kunai","Mark of Pain","Anchor","Bottled Flame","Gremlin Horn"],"card_choices":[{"not_picked":["Body Slam","Shrug It Off"],"picked":"Iron Wave"},{"not_picked":["Body Slam","Pummel"],"picked":"Cleave"},{"not_picked":["Fire Breathing","Dual Wield"],"picked":"Cleave"},{"not_picked":["Twin Strike","Dark Embrace"],"picked":"Anger"},{"not_picked":["Rage","Shrug It Off"],"picked":"Iron Wave"},{"not_picked":["Offering","Berserk"],"picked":"Feed"},{"not_picked":["Sever Soul","Body Slam"],"picked":"Dropkick"},{"not_picked":["Cleave","Warcry"],"picked":"Iron Wave"},{"not_picked":["Seeing Red","Warcry"],"picked":"Pommel Strike"},{"not_picked":["Bloodletting","Pummel"],"picked":"Anger"},{"not_picked":["Anger","Headbutt"],"picked":"Berserk"}],"player_experience":63896,"potions_floor_usage":[16,23,24,25,27,33],"damage_taken":[{"damage":2,"enemies":"2 Louse","floor":1,"turns":3},{"damage":1,"enemies":"Cultist","floor":5,"turns":3},{"damage":19,"enemies":"Gremlin Nob","floor":6,"turns":4},{"damage":13,"enemies":"Lagavulin","floor":11,"turns":5},{"damage":0,"enemies":"Jaw Worm","floor":12,"turns":2},{"damage":0,"enemies":"2 Fungi Beasts","floor":14,"turns":2},{"damage":20,"enemies":"The Guardian","floor":16,"turns":12},{"damage":0,"enemies":"Chosen","floor":18,"turns":4},{"damage":18,"enemies":"2 Thieves","floor":20,"turns":4},{"damage":69,"enemies":"Gremlin Leader","floor":23,"turns":8},{"damage":10,"enemies":"Cultist and Chosen","floor":24,"turns":4},{"damage":0,"enemies":"Chosen and Byrds","floor":25,"turns":4},{"damage":22,"enemies":"Centurion and Healer","floor":27,"turns":6},{"damage":19,"enemies":"Slavers","floor":31,"turns":5},{"damage":88,"enemies":"Automaton","floor":33,"turns":8}],"event_choices":[{"event_name":"Transmorgrifier","player_choice":"Transform","floor":2,"damage_taken":0},{"event_name":"World of Goop","player_choice":"Gather Gold","floor":3,"damage_taken":0},{"event_name":"Shining Light","player_choice":"Entered Light","floor":10,"damage_taken":0},{"event_name":"Drug Dealer","player_choice":"Ignored","floor":21,"damage_taken":0},{"event_name":"Vampires","player_choice":"Ignored","floor":22,"damage_taken":0}],"boss_relics":[{"not_picked":["Lizard Tail","Velvet Choker"],"picked":"Mark of Pain"}],"potions_floor_spawned":[12,14,16,23,25,31],"seed_played":"2379273208864685842","killed_by":"Automaton","ascension_level":0,"is_trial":false}