{"gold_per_floor":[111,68,68,88,105,105,135,60,60,71,88,63,63,76,76,153,153,171,171,171,187,0,0,0,0,0,0,19,32,32,43,43,43],"floor_reached":33,"playtime":9144,"items_purged":[],"score":564,"play_id":"463a8502-a105-44a4-8b4d-e9bc6c1e044d","local_time":"20190130023921","is_ascension_mode":true,"campfire_choices":[{"data":"Deadly Poison","floor":6.0,"key":"SMITH"},{"floor":13.0,"key":"REST"},{"data":"Malaise","floor":15.0,"key":"SMITH"},{"floor":23,"key":"REST"},{"data":"Tools of the Trade","floor":25,"key":"SMITH"},{"floor":30,"key":"REST"},{"floor":32,"key":"REST"}],"neow_cost":"NONE","seed_source_timestamp":14586623857906,"circlet_count":0,"master_deck":["AscendersBane","Defend_G","Defend_G","Defend_G","Defend_G","Defend_G","Strike_G","Strike_G","Strike_G","Strike_G","Survivor","Neutralize","Malaise+1","Escape Plan","Escape Plan","Crippling Poison","Deadly Poison+1","Noxious Fumes","Noxious Fumes","Distraction","Backflip","Well Laid Plans","Cloak And Dagger","Tools of the Trade+1","Backflip","Cloak And Dagger+1","Bouncing Flask","Bouncing Flask","Deadly Poison","Noxious Fumes","PiercingWail"],"special_seed":0,"relics":["Ring of the Snake","Prayer Wheel","Blue Candle","Philosopher\u0027s Stone","Shuriken","GremlinMask"],"potions_floor_usage":[33],"damage_taken":[{"damage":3.0,"enemies":"Cultist","floor":1.0,"turns":5.0},{"damage":7.0,"enemies":"Small Slimes","floor":4.0,"turns":5.0},{"damage":4.0,"enemies":"Jaw Worm","floor":5.0,"turns":6.0},{"damage":35.0,"enemies":"Lagavulin","floor":7.0,"turns":13.0},{"damage":7.0,"enemies":"Large Slime","floor":10.0,"turns":6.0},{"damage":2.0,"enemies":"Blue Slaver","floor":11.0,"turns":5.0},{"damage":2.0,"enemies":"3 Louse","floor":14.0,"turns":3.0},{"damage":0.0,"enemies":"The Guardian","floor":16.0,"turns":11.0},{"damage":4.0,"enemies":"Spheric Guardian","floor":18.0,"turns":4.0},{"damage":26.0,"enemies":"Colosseum Slavers","floor":20.0,"turns":7.0},{"damage":16.0,"enemies":"3 Byrds","floor":21.0,"turns":6.0},{"damage":12,"enemies":"Cultist and Chosen","floor":28,"turns":7},{"damage":10,"enemies":"Centurion and Healer","floor":29,"turns":8},{"damage":10,"enemies":"Snecko","floor":31,"turns":8},{"damage":34,"enemies":"Collector","floor":33,"turns":4}],"seed_played":"756201574973204687","potions_obtained":[{"floor":7.0,"key":"GhostInAJar"},{"floor":10.0,"key":"Weak Potion"},{"floor":28,"key":"FearPotion"},{"floor":31,"key":"Strength Potion"}],"is_trial":false,"path_per_floor":["M","$","?","M","M","R","E","$","T","M","M","$","R","M","R","B",null,"M","?","?","M","?","R","$","R","T","?","M","M","R","M","R","B"],"character_chosen":"THE_SILENT","items_purchased":["Escape Plan","Noxious Fumes","Cloak And Dagger"],"campfire_rested":4,"item_purchase_floors":[2,8,12],"current_hp_per_floor":[56,56,56,49,45,45,10,10,10,3,1,1,20,18,18,18,54,50,50,24,8,8,27,27,27,27,27,15,5,24,14,33,0],"gold":43,"neow_bonus":"ONE_RANDOM_RARE_CARD","is_prod":false,"is_daily":false,"chose_seed":false,"campfire_upgraded":3,"win_rate":0,"timestamp":1548844761,"path_taken":["M","?","?","M","M","R","E","$","T","M","M","?","R","M","R","BOSS","M","?","?","M","?","R","$","R","T","?","?","M","R","M","R","BOSS"],"build_version":"2019-01-23","purchased_purges":0,"victory":false,"max_hp_per_floor":[66,66,66,66,66,66,66,66,66,66,66,66,66,66,66,66,66,66,66,66,66,66,66,66,66,66,66,66,66,66,66,66,66],"card_choices":[{"not_picked":["Prepared","Poisoned Stab"],"picked":"Escape Plan","floor":1.0},{"not_picked":["Slice","Quick Slash"],"picked":"Crippling Poison","floor":4.0},{"not_picked":["Outmaneuver","Slice"],"picked":"Deadly Poison","floor":5.0},{"not_picked":["Bane","Slice","Storm of Steel"],"picked":"SKIP","floor":7.0},{"not_picked":["Cloak And Dagger","Endless Agony"],"picked":"Noxious Fumes","floor":10.0},{"not_picked":["Sucker Punch","Outmaneuver"],"picked":"Distraction","floor":10.0},{"not_picked":["Accuracy","Dagger Throw"],"picked":"Backflip","floor":11.0},{"not_picked":["Blade Dance","Eviscerate"],"picked":"Well Laid Plans","floor":11.0},{"not_picked":["Bane","Riddle With Holes","Concentrate"],"picked":"SKIP","floor":14.0},{"not_picked":["Slice","Eviscerate","Acrobatics"],"picked":"SKIP","floor":14.0},{"not_picked":["Grand Finale","Night Terror"],"picked":"Tools of the Trade","floor":16.0},{"not_picked":["Prepared","Skewer"],"picked":"Backflip","floor":18.0},{"not_picked":["Accuracy","Acrobatics"],"picked":"Cloak And Dagger+1","floor":18.0},{"not_picked":["Prepared","Grand Finale"],"picked":"Bouncing Flask","floor":21.0},{"not_picked":["Bane+1","Acrobatics","Sucker Punch"],"picked":"SKIP","floor":21.0},{"not_picked":["Flying Knee","Underhanded Strike"],"picked":"Bouncing Flask","floor":28},{"not_picked":["Finisher","Choke+1","Quick Slash"],"picked":"SKIP","floor":28},{"not_picked":["Predator","Outmaneuver"],"picked":"Deadly Poison","floor":29},{"not_picked":["PiercingWail","Expertise","Quick Slash"],"picked":"SKIP","floor":29},{"not_picked":["Cloak And Dagger","Accuracy"],"picked":"Noxious Fumes","floor":31},{"not_picked":["Sucker Punch","Prepared"],"picked":"PiercingWail","floor":31}],"player_experience":1180554,"relics_obtained":[{"floor":7.0,"key":"Prayer Wheel"},{"floor":9.0,"key":"Blue Candle"},{"floor":26,"key":"Shuriken"}],"event_choices":[{"cards_removed":["Strike_G"],"damage_healed":0.0,"max_hp_gain":0.0,"max_hp_loss":0.0,"gold_gain":0.0,"event_name":"Living Wall","player_choice":"Forget","floor":3.0,"gold_loss":0.0,"damage_taken":0.0},{"damage_healed":0.0,"max_hp_gain":0.0,"max_hp_loss":0.0,"gold_gain":0.0,"event_name":"Vampires","player_choice":"Ignored","floor":19.0,"gold_loss":0.0,"damage_taken":0.0},{"damage_healed":0.0,"max_hp_gain":0.0,"max_hp_loss":0.0,"gold_gain":0.0,"event_name":"Colosseum","player_choice":"Fight","floor":20.0,"gold_loss":0.0,"damage_taken":0.0},{"damage_healed":0.0,"max_hp_gain":0.0,"max_hp_loss":0.0,"gold_gain":0.0,"event_name":"Colosseum","player_choice":"Fled From Nobs","floor":20.0,"gold_loss":0.0,"damage_taken":0.0},{"damage_healed":0,"gold_gain":0,"player_choice":"Paid Fearfully","damage_taken":0,"max_hp_gain":0,"max_hp_loss":0,"event_name":"Masked Bandits","floor":22,"gold_loss":187},{"damage_healed":0,"gold_gain":0,"player_choice":"Trade","damage_taken":0,"relics_obtained":["GremlinMask"],"max_hp_gain":0,"max_hp_loss":0,"event_name":"FaceTrader","floor":27,"gold_loss":0}],"is_beta":false,"boss_relics":[{"not_picked":["Eternal Feather","Tiny House"],"picked":"Philosopher\u0027s Stone"}],"items_purged_floors":[],"is_endless":false,"potions_floor_spawned":[7,10,20,28,31],"killed_by":"Collector","ascension_level":18}