{"gold_per_floor":[115,135,60,73,85,110,10,40,40,18,18,18,43,43,43,174,174,197,72,72,72,88,88,112,112,112,112,126,126,144,160,160,286,286,300,300,324,348,681,681,699,715,715,715,363,363,375,47,47,47],"floor_reached":51,"playtime":2288,"items_purged":["Strike_R","Strike_R","Strike_R","Strike_R","Strike_R"],"score":866,"play_id":"bef31f50-a68e-4744-8a70-755cb50b5209","local_time":"20190421153250","is_ascension_mode":true,"campfire_choices":[{"data":"Searing Blow","floor":12.0,"key":"SMITH"},{"data":"Searing Blow+1","floor":15.0,"key":"SMITH"},{"data":"Searing Blow+2","floor":23.0,"key":"SMITH"},{"data":"Searing Blow+3","floor":25.0,"key":"SMITH"},{"data":"Searing Blow+4","floor":27.0,"key":"SMITH"},{"data":"Searing Blow+5","floor":29.0,"key":"SMITH"},{"floor":32.0,"key":"REST"},{"data":"Armaments","floor":40.0,"key":"SMITH"},{"floor":44.0,"key":"DIG"},{"floor":46.0,"key":"DIG"},{"data":"Searing Blow+6","floor":49,"key":"SMITH"}],"neow_cost":"NONE","seed_source_timestamp":15356189352881,"circlet_count":0,"master_deck":["Defend_R","Defend_R","Defend_R","Bash","Searing Blow+7","Armaments+1"],"special_seed":0,"relics":["Burning Blood","Pear","Calipers","Shovel","Lizard Tail","Incense Burner","Sozu","FossilizedHelix","StoneCalendar","MealTicket","Bronze Scales","Happy Flower"],"potions_floor_usage":[],"damage_taken":[{"damage":0.0,"enemies":"Small Slimes","floor":1.0,"turns":3.0},{"damage":13.0,"enemies":"Jaw Worm","floor":2.0,"turns":3.0},{"damage":3.0,"enemies":"2 Louse","floor":4.0,"turns":4.0},{"damage":21.0,"enemies":"Gremlin Gang","floor":5.0,"turns":6.0},{"damage":20.0,"enemies":"Gremlin Nob","floor":6.0,"turns":4.0},{"damage":44.0,"enemies":"Lagavulin","floor":8.0,"turns":7.0},{"damage":2.0,"enemies":"Blue Slaver","floor":13.0,"turns":6.0},{"damage":12.0,"enemies":"Slime Boss","floor":16.0,"turns":10.0},{"damage":15.0,"enemies":"Chosen","floor":18.0,"turns":4.0},{"damage":26.0,"enemies":"Shell Parasite","floor":22.0,"turns":6.0},{"damage":32.0,"enemies":"Snake Plant","floor":24.0,"turns":4.0},{"damage":10.0,"enemies":"Chosen and Byrds","floor":28.0,"turns":3.0},{"damage":5.0,"enemies":"Cultist and Chosen","floor":30.0,"turns":3.0},{"damage":16.0,"enemies":"Snake Plant","floor":31.0,"turns":2.0},{"damage":39.0,"enemies":"Champ","floor":33.0,"turns":17.0},{"damage":5.0,"enemies":"Orb Walker","floor":35.0,"turns":2.0},{"damage":19.0,"enemies":"3 Darklings","floor":37.0,"turns":7.0},{"damage":20.0,"enemies":"Maw","floor":38.0,"turns":7.0},{"damage":26.0,"enemies":"Spire Growth","floor":41.0,"turns":3.0},{"damage":13.0,"enemies":"Transient","floor":42.0,"turns":5.0},{"damage":0,"enemies":"3 Darklings","floor":47,"turns":6},{"damage":53,"enemies":"Donu and Deca","floor":50,"turns":10}],"seed_played":"7276574002542929347","potions_obtained":[{"floor":2.0,"key":"Strength Potion"},{"floor":4.0,"key":"Weak Potion"},{"floor":6.0,"key":"GamblersBrew"},{"floor":8.0,"key":"FearPotion"},{"floor":13.0,"key":"SkillPotion"},{"floor":16.0,"key":"LiquidBronze"},{"floor":18.0,"key":"Dexterity Potion"},{"floor":22.0,"key":"Poison Potion"},{"floor":28.0,"key":"Swift Potion"},{"floor":31.0,"key":"Block Potion"}],"is_trial":false,"path_per_floor":["M","M","$","M","M","E","$","E","T","$","?","R","M","$","R","B",null,"M","$","?","?","M","R","M","R","T","R","M","R","M","M","R","B",null,"M","?","M","M","?","R","M","M","T","R","$","R","M","$","R","B",null],"character_chosen":"IRONCLAD","items_purchased":["Armaments","MealTicket","Happy Flower"],"campfire_rested":1,"item_purchase_floors":[10,45,48],"current_hp_per_floor":[88,81,81,84,69,65,65,27,27,27,27,27,31,31,31,25,91,82,82,82,82,62,62,36,36,36,36,32,32,33,23,50,17,91,91,91,78,64,64,64,44,37,37,37,37,37,43,58,58,11],"gold":47,"neow_bonus":"TEN_PERCENT_HP_BONUS","is_prod":false,"is_daily":false,"chose_seed":false,"campfire_upgraded":8,"win_rate":0,"timestamp":1555878770,"path_taken":["M","M","$","M","M","E","$","E","T","$","?","R","M","?","R","BOSS","M","$","?","?","M","R","?","R","T","R","M","R","?","M","R","BOSS","M","?","?","M","?","R","M","M","T","R","$","R","M","$","R","BOSS"],"build_version":"2019-01-23","purchased_purges":5,"victory":true,"max_hp_per_floor":[88,88,88,88,88,98,98,98,98,98,91,91,91,91,91,91,91,91,91,91,91,91,91,91,91,91,91,91,91,91,91,91,91,91,91,91,91,91,91,91,91,91,91,91,91,91,91,91,91,91],"card_choices":[{"not_picked":["Sword Boomerang","Warcry","Blood for Blood"],"picked":"SKIP","floor":1.0},{"not_picked":["Wild Strike","Body Slam","Sword Boomerang"],"picked":"SKIP","floor":2.0},{"not_picked":["Dark Embrace","True Grit","Flex"],"picked":"SKIP","floor":4.0},{"not_picked":["Carnage","Entrench"],"picked":"Searing Blow","floor":5.0},{"not_picked":["Inflame","Cleave","Pommel Strike"],"picked":"SKIP","floor":6.0},{"not_picked":["Pummel","Juggernaut","Sword Boomerang"],"picked":"SKIP","floor":8.0},{"not_picked":["Rampage","Metallicize","Shrug It Off"],"picked":"SKIP","floor":13.0},{"not_picked":["Sword Boomerang","True Grit+1","Dual Wield"],"picked":"SKIP","floor":18.0},{"not_picked":["Sword Boomerang","True Grit+1","Dual Wield"],"picked":"SKIP","floor":18.0},{"not_picked":["Headbutt","Cleave","True Grit"],"picked":"SKIP","floor":22.0},{"not_picked":["Body Slam","Reckless Charge","Twin Strike"],"picked":"SKIP","floor":24.0},{"not_picked":["Seeing Red","Dual Wield","Power Through+1"],"picked":"SKIP","floor":28.0},{"not_picked":["Entrench","Berserk","Hemokinesis"],"picked":"SKIP","floor":30.0},{"not_picked":["Inflame","Anger+1","Sentinel+1"],"picked":"SKIP","floor":31.0},{"not_picked":["Ghostly Armor","Dropkick+1","Headbutt+1"],"picked":"SKIP","floor":35.0},{"not_picked":["Sword Boomerang","Rupture+1","Havoc+1"],"picked":"SKIP","floor":37.0},{"not_picked":["Wild Strike+1","Power Through+1","Second Wind"],"picked":"SKIP","floor":38.0},{"not_picked":["Sentinel+1","Dual Wield","Clash"],"picked":"SKIP","floor":41.0},{"not_picked":["True Grit+1","Havoc","Bloodletting"],"picked":"SKIP","floor":42.0},{"not_picked":["Heavy Blade","Dual Wield+1","Sword Boomerang"],"picked":"SKIP","floor":47}],"player_experience":796522,"relics_obtained":[{"floor":6.0,"key":"Pear"},{"floor":8.0,"key":"Calipers"},{"floor":9.0,"key":"Shovel"},{"floor":26.0,"key":"Incense Burner"},{"floor":43.0,"key":"FossilizedHelix"},{"floor":44.0,"key":"StoneCalendar"},{"floor":46.0,"key":"Bronze Scales"}],"event_choices":[{"damage_healed":0.0,"max_hp_gain":0.0,"max_hp_loss":7.0,"gold_gain":0.0,"event_name":"Golden Idol","player_choice":"Lose Max HP","floor":11.0,"gold_loss":0.0,"damage_taken":0.0,"relics_obtained":["Golden Idol"]},{"cards_removed":["Defend_R"],"damage_healed":0.0,"max_hp_gain":0.0,"max_hp_loss":0.0,"gold_gain":0.0,"event_name":"Back to Basics","player_choice":"Elegance","floor":20.0,"gold_loss":0.0,"damage_taken":0.0},{"damage_healed":0.0,"max_hp_gain":0.0,"max_hp_loss":0.0,"gold_gain":0.0,"event_name":"The Woman in Blue","player_choice":"Bought 0 Potions","floor":21.0,"gold_loss":0.0,"damage_taken":0.0},{"damage_healed":0.0,"max_hp_gain":0.0,"max_hp_loss":0.0,"gold_gain":0.0,"event_name":"Duplicator","player_choice":"Ignored","floor":36.0,"gold_loss":0.0,"damage_taken":0.0},{"damage_healed":0.0,"max_hp_gain":0.0,"max_hp_loss":0.0,"gold_gain":333.0,"event_name":"The Moai Head","player_choice":"Gave Idol","floor":39.0,"relics_lost":["Golden Idol"],"gold_loss":0.0,"damage_taken":0.0}],"is_beta":false,"boss_relics":[{"not_picked":["Orrery","Fusion Hammer"],"picked":"Lizard Tail"},{"not_picked":["Cursed Key","Coffee Dripper"],"picked":"Sozu"}],"items_purged_floors":[3,7,19,45,48],"is_endless":false,"potions_floor_spawned":[2,4,6,8,13,16,18,22,28,31,35,47],"ascension_level":1}