{"gold_per_floor":[118,129,129,140,120,120,137,137,137,137,137,172,190,213,213,286,286,305,230,69,69,69,69,69],"floor_reached":24,"playtime":858,"items_purged":[],"score":365,"play_id":"d740b92e-7a02-422a-a580-9c3f7863eff6","local_time":"20190202045210","is_ascension_mode":true,"campfire_choices":[{"data":"Neutralize","floor":6,"key":"SMITH"},{"data":"Footwork","floor":8,"key":"SMITH"},{"data":"Crippling Poison","floor":10,"key":"SMITH"},{"floor":15,"key":"REST"},{"data":"Glass Knife","floor":23,"key":"SMITH"}],"neow_cost":"NONE","seed_source_timestamp":45584455496087,"circlet_count":0,"master_deck":["AscendersBane","Defend_G","Defend_G","Strike_G","Strike_G","Strike_G","Strike_G","Strike_G","Survivor","Neutralize+1","Footwork+1","Cloak And Dagger","Crippling Poison+1","Dodge and Roll","Footwork","Dodge and Roll","Glass Knife+1","Leg Sweep","Backstab","Infinite Blades","Pain"],"special_seed":0,"relics":["Ring of the Snake","Mercury Hourglass","Ornamental Fan","Bag of Preparation","Cursed Key","MutagenicStrength","Question Card"],"potions_floor_usage":[16],"damage_taken":[{"damage":4.0,"enemies":"Jaw Worm","floor":1.0,"turns":7.0},{"damage":5,"enemies":"Cultist","floor":2,"turns":5},{"damage":1,"enemies":"2 Louse","floor":4,"turns":3},{"damage":1,"enemies":"Blue Slaver","floor":7,"turns":5},{"damage":40,"enemies":"Gremlin Nob","floor":12,"turns":6},{"damage":0,"enemies":"3 Louse","floor":13,"turns":2},{"damage":1,"enemies":"The Guardian","floor":16,"turns":20},{"damage":0,"enemies":"Shell Parasite","floor":18,"turns":7},{"damage":0,"enemies":"2 Thieves","floor":24,"turns":1}],"seed_played":"-4845960565415816750","potions_obtained":[{"floor":4,"key":"Dexterity Potion"},{"floor":5,"key":"Dexterity Potion"},{"floor":16,"key":"Dexterity Potion"}],"is_trial":false,"path_per_floor":["M","M","?","M","?","R","M","R","T","R","?","E","M","T","R","B",null,"M","?","$","?","T","R","M"],"character_chosen":"THE_SILENT","items_purchased":["Backstab","Infinite Blades"],"campfire_rested":1,"item_purchase_floors":[20,20],"current_hp_per_floor":[61,56,49,48,48,48,47,47,47,47,47,7,7,7,28,27,61,61,61,61,61,61,61,61],"gold":69,"neow_bonus":"TEN_PERCENT_HP_BONUS","is_prod":false,"is_daily":false,"chose_seed":false,"campfire_upgraded":4,"win_rate":0,"timestamp":1549111930,"path_taken":["M","M","?","M","?","R","?","R","T","R","?","E","M","?","R","BOSS","M","?","$","?","?","R","M"],"build_version":"2019-01-23","purchased_purges":0,"victory":false,"max_hp_per_floor":[72,72,72,72,72,72,72,72,72,72,72,72,72,72,72,72,72,72,72,72,72,72,72,72],"card_choices":[{"not_picked":["Poisoned Stab","Catalyst"],"picked":"Footwork","floor":1.0},{"not_picked":["Reflex","Dagger Throw"],"picked":"Cloak And Dagger","floor":2},{"not_picked":["Sucker Punch","Outmaneuver"],"picked":"Crippling Poison","floor":4},{"not_picked":["Dagger Throw","Distraction"],"picked":"Dodge and Roll","floor":7},{"not_picked":["Dodge and Roll","Acrobatics"],"picked":"Footwork","floor":12},{"not_picked":["Calculated Gamble","Endless Agony"],"picked":"Dodge and Roll","floor":13},{"not_picked":["Wraith Form v2","Phantasmal Killer"],"picked":"Glass Knife","floor":16},{"not_picked":["Flying Knee","Blade Dance"],"picked":"Leg Sweep","floor":18}],"player_experience":1199895,"relics_obtained":[{"floor":9,"key":"Mercury Hourglass"},{"floor":12,"key":"Ornamental Fan"},{"floor":14,"key":"Bag of Preparation"},{"floor":22,"key":"Question Card"}],"event_choices":[{"cards_removed":["Defend_G"],"damage_healed":0,"gold_gain":0,"player_choice":"Card Removal","damage_taken":7,"max_hp_gain":0,"max_hp_loss":0,"event_name":"Golden Wing","floor":3,"gold_loss":0},{"damage_healed":0,"gold_gain":0,"player_choice":"Bought 1 Potion","damage_taken":0,"max_hp_gain":0,"max_hp_loss":0,"event_name":"The Woman in Blue","floor":5,"gold_loss":0},{"cards_removed":["Defend_G"],"damage_healed":0,"gold_gain":0,"player_choice":"Forget","damage_taken":0,"max_hp_gain":0,"max_hp_loss":0,"event_name":"Living Wall","floor":11,"gold_loss":0},{"cards_removed":["Defend_G"],"damage_healed":0,"gold_gain":0,"player_choice":"Gave Gold","damage_taken":0,"max_hp_gain":0,"max_hp_loss":0,"event_name":"Beggar","floor":19,"gold_loss":75},{"damage_healed":0,"gold_gain":0,"player_choice":"Inject Mutagens","damage_taken":0,"relics_obtained":["MutagenicStrength"],"max_hp_gain":0,"max_hp_loss":0,"event_name":"Drug Dealer","floor":21,"gold_loss":0}],"is_beta":false,"boss_relics":[{"not_picked":["Astrolabe","Pandora\u0027s Box"],"picked":"Cursed Key"}],"items_purged_floors":[],"is_endless":false,"potions_floor_spawned":[4,7,12,16],"killed_by":"2 Thieves","ascension_level":18}