{"path_per_floor":["M","?","M","M","?","R","?","R","T","M","M","R","E","M","R"],"character_chosen":"THE_SILENT","items_purchased":[],"gold_per_floor":[118,118,138,158,158,158,233,233,233,252,266,266,292,304,304,304],"floor_reached":16,"campfire_rested":3,"playtime":1305,"current_hp_per_floor":[63,63,60,47,47,47,36,57,57,29,13,34,5,5,26,0],"items_purged":[],"gold":304,"score":153,"play_id":"70e9bacc-fd06-464c-b2ed-f95e2ff4c4bc","local_time":"20180503204703","is_prod":false,"is_daily":false,"chose_seed":false,"is_ascension_mode":true,"campfire_upgraded":1,"timestamp":1525405623,"path_taken":["M","?","M","M","?","R","?","R","T","M","?","R","E","M","R","BOSS"],"build_version":"2018-05-03","seed_source_timestamp":423668109630969,"purchased_purges":0,"victory":false,"master_deck":["Defend_G","Defend_G","Defend_G","Defend_G","Defend_G","Strike_G","Strike_G","Strike_G","Strike_G","Strike_G","Survivor","Neutralize+1","AscendersBane","Backflip","Regret","Slice","Slice","Dagger Spray","Glass Knife"],"max_hp_per_floor":[70,70,70,70,70,70,70,70,70,70,70,70,70,70,70,70],"relics":["Ring of the Snake","Prayer Wheel","Pantograph","Kunai","Pen Nib"],"card_choices":[{"not_picked":["Quick Slash","Dodge and Roll"],"picked":"Backflip","floor":1},{"not_picked":["Outmaneuver","Dodge and Roll"],"picked":"Slice","floor":4},{"not_picked":["Well Laid Plans","Quick Slash"],"picked":"Slice","floor":9},{"not_picked":["Masterful Stab","Bane"],"picked":"Dagger Spray","floor":11},{"not_picked":["Deflect","Dagger Spray"],"picked":"Glass Knife","floor":13}],"player_experience":426976,"potions_floor_usage":[10,10,11,16],"damage_taken":[{"damage":0,"enemies":"Jaw Worm","floor":1,"turns":6},{"damage":3,"enemies":"2 Louse","floor":3,"turns":4},{"damage":13,"enemies":"Small Slimes","floor":4,"turns":7},{"damage":28,"enemies":"Gremlin Gang","floor":10,"turns":5},{"damage":16,"enemies":"Lots of Slimes","floor":11,"turns":5},{"damage":29,"enemies":"Lagavulin","floor":13,"turns":8},{"damage":0,"enemies":"2 Fungi Beasts","floor":14,"turns":3},{"damage":53,"enemies":"The Guardian","floor":16,"turns":15}],"event_choices":[{"event_name":"Big Fish","player_choice":"Box","floor":2,"damage_taken":0},{"event_name":"The Lab","player_choice":"Got Potions","floor":5,"damage_taken":0},{"event_name":"World of Goop","player_choice":"Gather Gold","floor":7,"damage_taken":0}],"boss_relics":[],"potions_floor_spawned":[3,13],"seed_played":"-6515241416691967625","killed_by":"The Guardian","ascension_level":10,"is_trial":false}