{"gold_per_floor":[110,35,49,49,49,49,68,68,149,162,62,62,62,96,96,196,196,212,5,5,23,23,23,23],"floor_reached":24,"playtime":905,"items_purged":["Strike_B","Strike_B","Defend_B"],"score":240,"play_id":"4f88297f-fd82-4cc4-9253-1b88d6074133","local_time":"20190427001339","is_ascension_mode":true,"campfire_choices":[{"data":"Zap","floor":6,"key":"SMITH"},{"floor":8,"key":"RECALL"},{"data":"Dualcast","floor":12,"key":"SMITH"},{"data":"Skim","floor":15,"key":"SMITH"},{"data":"Self Repair","floor":23,"key":"SMITH"}],"neow_cost":"NONE","seed_source_timestamp":1402150485686469,"circlet_count":0,"master_deck":["Strike_B+1","Strike_B","Defend_B","Defend_B+1","Zap+1","Dualcast+1","Skim+1","Seek","Coolheaded","Self Repair+1"],"relics":["Cracked Core","PreservedInsect","Bottled Lightning","Gambling Chip","Cursed Key"],"potions_floor_usage":[16,16],"damage_taken":[{"damage":4,"enemies":"Small Slimes","floor":1,"turns":3},{"damage":3,"enemies":"2 Louse","floor":3,"turns":3},{"damage":2,"enemies":"Jaw Worm","floor":7,"turns":2},{"damage":9,"enemies":"Red Slaver","floor":10,"turns":3},{"damage":17,"enemies":"Gremlin Nob","floor":14,"turns":3},{"damage":13,"enemies":"The Guardian","floor":16,"turns":9},{"damage":4,"enemies":"Chosen","floor":18,"turns":3},{"damage":12,"enemies":"2 Thieves","floor":21,"turns":4},{"damage":58,"enemies":"Cultist and Chosen","floor":24,"turns":5}],"seed_played":"1423402244548327572","potions_obtained":[{"floor":1,"key":"FocusPotion"},{"floor":3,"key":"SpeedPotion"},{"floor":10,"key":"Poison Potion"},{"floor":18,"key":"SpeedPotion"}],"is_trial":false,"path_per_floor":["M","$","M","?","?","R","M","R","T","M","$","R","?","E","R","B",null,"M","$","?","M","?","R","M"],"character_chosen":"DEFECT","items_purchased":["Self Repair"],"campfire_rested":0,"item_purchase_floors":[19],"current_hp_per_floor":[71,71,68,68,68,68,66,66,66,57,57,57,42,25,25,12,59,55,55,55,50,50,50,0],"gold":23,"neow_bonus":"RANDOM_COMMON_RELIC","is_prod":false,"is_daily":false,"chose_seed":false,"campfire_upgraded":4,"win_rate":0,"timestamp":1556338419,"path_taken":["M","$","M","?","?","R","M","R","T","M","$","R","?","E","R","BOSS","M","$","?","M","?","R","M"],"build_version":"2019-01-23","purchased_purges":3,"victory":false,"max_hp_per_floor":[75,75,75,75,75,75,75,75,75,75,75,75,75,75,75,75,75,75,75,75,75,75,75,75],"card_choices":[{"not_picked":["Melter","Rebound","Fusion"],"picked":"SKIP","floor":1},{"not_picked":["Conserve Battery","Barrage","Hello World"],"picked":"SKIP","floor":3},{"not_picked":["Stack","Compile Driver","Cold Snap"],"picked":"SKIP","floor":7},{"not_picked":["Turbo","Go for the Eyes","Melter"],"picked":"SKIP","floor":10},{"not_picked":["Coolheaded","Leap"],"picked":"Skim","floor":14},{"not_picked":["Thunder Strike","Biased Cognition"],"picked":"Seek","floor":16},{"not_picked":["Rebound+1","Streamline"],"picked":"Coolheaded","floor":18},{"not_picked":["Reprogram","Recycle","Sweeping Beam+1"],"picked":"SKIP","floor":21}],"player_experience":101547,"relics_obtained":[{"floor":9,"key":"Bottled Lightning"},{"floor":14,"key":"Gambling Chip"}],"event_choices":[{"cards_removed":["Defend_B"],"damage_healed":0,"gold_gain":0,"player_choice":"Forget","damage_taken":0,"max_hp_gain":0,"max_hp_loss":0,"event_name":"Living Wall","floor":4,"gold_loss":0},{"damage_healed":0,"gold_gain":0,"player_choice":"Ignored","damage_taken":0,"max_hp_gain":0,"max_hp_loss":0,"event_name":"Liars Game","floor":5,"gold_loss":0},{"damage_healed":0,"gold_gain":0,"player_choice":"Entered Light","damage_taken":15,"max_hp_gain":0,"max_hp_loss":0,"event_name":"Shining Light","floor":13,"gold_loss":0,"cards_upgraded":["Defend_B","Strike_B"]},{"damage_healed":0,"gold_gain":0,"player_choice":"Ignored","damage_taken":0,"max_hp_gain":0,"max_hp_loss":0,"event_name":"Beggar","floor":20,"gold_loss":0},{"damage_healed":0,"gold_gain":0,"player_choice":"Ignored","damage_taken":0,"max_hp_gain":0,"max_hp_loss":0,"event_name":"Vampires","floor":22,"gold_loss":0}],"is_beta":false,"boss_relics":[{"not_picked":["Black Star","Busted Crown"],"picked":"Cursed Key"}],"items_purged_floors":[2,11,19],"is_endless":false,"potions_floor_spawned":[1,3,10,18],"killed_by":"Cultist and Chosen","ascension_level":5}