{"path_per_floor":["M","?","M","?","M","E","M","R","T","M","R","M","$","M","R","B",null,"M","M","?","M","$","E","R","M","T","M","R","M","M","M","R","B",null,"M","?","?","?","M","E","M","$","T","$","M","M","E","M","R"],"character_chosen":"IRONCLAD","items_purchased":["Dramatic Entrance","Headbutt","Flash of Steel"],"gold_per_floor":[112,187,199,199,215,249,261,261,261,278,278,290,69,80,80,176,176,187,207,132,143,43,76,76,95,120,130,130,148,163,181,181,279,279,291,291,291,291,302,335,348,223,249,143,156,168,194,206,206],"floor_reached":50,"campfire_rested":3,"playtime":8990,"current_hp_per_floor":[80,69,71,71,72,33,38,38,38,33,33,33,33,39,63,15,80,65,65,65,54,54,31,31,26,26,30,30,33,33,35,74,71,80,80,80,80,80,72,72,56,56,56,56,58,36,38,44,80],"items_purged":["Strike_R","Strike_R","Defend_R"],"gold":206,"score":482,"play_id":"9139d7f8-03e5-4d1b-a029-31000e9710d2","is_prod":false,"is_daily":false,"is_ascension_mode":false,"campfire_upgraded":1,"path_taken":["M","?","?","?","M","E","?","R","T","M","R","M","$","M","R","BOSS","M","M","?","M","$","E","R","M","T","M","R","?","M","M","R","BOSS","M","?","?","?","M","E","M","$","T","$","M","M","E","M","R","BOSS"],"build_version":"2018-02-08-PROD1","purchased_purges":3,"victory":false,"master_deck":["Strike_R","Defend_R+1","Defend_R","Bash","Inflame+1","Whirlwind","Armaments+1","Uppercut","Burning Pact","Battle Trance","Shockwave","Dramatic Entrance","Headbutt","Battle Trance","Offering","Pommel Strike","Body Slam+1","Fiend Fire","Searing Blow","Shrug It Off+1","Power Through","Shrug It Off","Iron Wave+1","Barricade","Armaments+1","Warcry","Juggernaut","Shrug It Off+1","Flash of Steel","Inflame","Feel No Pain+1"],"max_hp_per_floor":[80,80,80,80,80,80,80,80,80,80,80,80,80,80,80,80,80,80,80,80,80,80,80,80,80,80,80,80,80,80,80,80,80,80,80,80,80,80,80,80,80,80,80,80,80,80,80,80,80],"relics":["Burning Blood","War Paint","Girya","Mark of Pain","Regal Pillow","Pen Nib","Sozu","Anchor","Bronze Scales","Bottled Tornado"],"card_choices":[{"not_picked":["Disarm","Dual Wield"],"picked":"Inflame"},{"not_picked":["Perfected Strike","Sword Boomerang"],"picked":"Whirlwind"},{"not_picked":["Warcry","Sword Boomerang"],"picked":"Armaments"},{"not_picked":["Twin Strike","Anger"],"picked":"Uppercut"},{"not_picked":["True Grit","Perfected Strike"],"picked":"Burning Pact"},{"not_picked":["Pummel","Rage"],"picked":"Battle Trance"},{"not_picked":["Corruption","Reckless Charge"],"picked":"Shockwave"},{"not_picked":["Thunderclap","Armaments"],"picked":"Battle Trance"},{"not_picked":["Bludgeon","Barricade"],"picked":"Offering"},{"not_picked":["Armaments","Uppercut"],"picked":"Pommel Strike"},{"not_picked":["Sword Boomerang","Reckless Charge"],"picked":"Body Slam"},{"not_picked":["Pommel Strike","Uppercut"],"picked":"Fiend Fire"},{"not_picked":["Battle Trance","Whirlwind"],"picked":"Searing Blow"},{"not_picked":["Fire Breathing","Flex"],"picked":"Shrug It Off"},{"not_picked":["Twin Strike","Perfected Strike"],"picked":"Power Through"},{"not_picked":["Hemokinesis","Headbutt"],"picked":"Shrug It Off"},{"not_picked":["Anger","Perfected Strike"],"picked":"Iron Wave"},{"not_picked":["Berserk","Reaper"],"picked":"Barricade"},{"not_picked":["Uppercut","True Grit"],"picked":"Armaments"},{"not_picked":["Perfected Strike","Clash"],"picked":"Warcry"},{"not_picked":["Perfected Strike","Sword Boomerang"],"picked":"Juggernaut"},{"not_picked":["Armaments","Sword Boomerang"],"picked":"Shrug It Off"},{"not_picked":["Flame Barrier","Rupture"],"picked":"Inflame"},{"not_picked":["Thunderclap","Perfected Strike"],"picked":"Feel No Pain"}],"player_experience":3164,"potions_floor_usage":[33,33],"damage_taken":[{"damage":5.0,"enemies":"Cultist","floor":1.0,"turns":4.0},{"damage":4.0,"enemies":"Small Slimes","floor":3.0,"turns":4.0},{"damage":5.0,"enemies":"Jaw Worm","floor":5.0,"turns":4.0},{"damage":45.0,"enemies":"Lagavulin","floor":6.0,"turns":11.0},{"damage":1.0,"enemies":"Red Slaver","floor":7.0,"turns":3.0},{"damage":11.0,"enemies":"3 Louse","floor":10.0,"turns":3.0},{"damage":6.0,"enemies":"Exordium Thugs","floor":12.0,"turns":4.0},{"damage":0.0,"enemies":"Exordium Wildlife","floor":14.0,"turns":2.0},{"damage":54.0,"enemies":"The Guardian","floor":16.0,"turns":10.0},{"damage":21.0,"enemies":"2 Thieves","floor":18.0,"turns":3.0},{"damage":6.0,"enemies":"Shell Parasite","floor":19.0,"turns":5.0},{"damage":17.0,"enemies":"Snake Plant","floor":21.0,"turns":3.0},{"damage":29.0,"enemies":"Slavers","floor":23.0,"turns":5.0},{"damage":11.0,"enemies":"Snecko","floor":25.0,"turns":4.0},{"damage":2.0,"enemies":"Cultist and Chosen","floor":27.0,"turns":5.0},{"damage":3.0,"enemies":"3 Cultists","floor":29.0,"turns":4.0},{"damage":6.0,"enemies":"Snake Plant","floor":30.0,"turns":3.0},{"damage":4,"enemies":"Sentry and Sphere","floor":31,"turns":3},{"damage":9,"enemies":"Champ","floor":33,"turns":8},{"damage":5,"enemies":"3 Darklings","floor":35,"turns":3},{"damage":14,"enemies":"3 Shapes","floor":39,"turns":1},{"damage":6,"enemies":"Giant Head","floor":40,"turns":7},{"damage":22,"enemies":"Maw","floor":41,"turns":8},{"damage":4,"enemies":"3 Darklings","floor":45,"turns":4},{"damage":28,"enemies":"4 Shapes","floor":46,"turns":4},{"damage":4,"enemies":"2 Orb Walkers","floor":47,"turns":4},{"damage":0,"enemies":"Maw","floor":48,"turns":6},{"damage":84,"enemies":"Awakened One","floor":50,"turns":12}],"event_choices":[{"event_name":"World of Goop","player_choice":"Gather Gold","floor":2.0,"damage_taken":0.0},{"event_name":"Bonfire Elementals","player_choice":"BASIC","floor":4.0,"damage_taken":0.0},{"event_name":"Beggar","player_choice":"Gave Gold","floor":20.0,"damage_taken":0.0},{"event_name":"Tomb of Lord Red Mask","player_choice":"Ignored","floor":36,"damage_taken":0},{"event_name":"The Lab","player_choice":"Got Potions","floor":38,"damage_taken":0}],"boss_relics":[{"not_picked":["Eternal Feather","Runic Dome"],"picked":"Sozu"}],"potions_floor_spawned":[1,3,5,12,16,21,23,25,27,30,40,41,47,48],"seed_played":"-3159246458394914472","killed_by":"Awakened One","ascension_level":0,"is_trial":false}