{"gold_per_floor":[118,132,143,156,156,181,181,208,208,223,47,58,89,101,101,198,198,215,230,241,261,261,261,296,296,296,311,327,327,327,19,19,123,123,142,142,142],"floor_reached":37,"playtime":2979,"items_purged":["Strike_B","Strike_B"],"score":454,"play_id":"6c101cf8-7a7b-473b-b3b7-6764e8923318","local_time":"20181007193746","is_ascension_mode":true,"campfire_choices":[{"floor":7.0,"key":"REST"},{"floor":15.0,"key":"REST"},{"floor":23.0,"key":"REST"},{"floor":25.0,"key":"REST"},{"floor":29.0,"key":"REST"},{"floor":32.0,"key":"REST"}],"neow_cost":"NONE","seed_source_timestamp":0,"circlet_count":0,"master_deck":["Strike_B","Strike_B","Defend_B","Defend_B","Defend_B","Defend_B","Zap","Dualcast+1","Defragment","Ball Lightning","Cold Snap","Go for the Eyes","Blizzard","Coolheaded","Consume","Stack","Static Discharge","Glacier","Aggregate","Glacier","Echo Form","Hello World","Leap","Sweeping Beam","Chaos","Thunder Strike","Amplify","Hologram"],"special_seed":0,"relics":["FrozenCore","Shuriken","Bottled Tornado","Bottled Flame","StoneCalendar","Nuclear Battery","Nloth\u0027s Gift","Juzu Bracelet","Vajra","Chemical X"],"potions_floor_usage":[],"damage_taken":[{"damage":2.0,"enemies":"Jaw Worm","floor":1.0,"turns":3.0},{"damage":10.0,"enemies":"Small Slimes","floor":2.0,"turns":3.0},{"damage":3.0,"enemies":"2 Louse","floor":3.0,"turns":2.0},{"damage":5.0,"enemies":"Gremlin Gang","floor":4.0,"turns":4.0},{"damage":16.0,"enemies":"Lagavulin","floor":6.0,"turns":5.0},{"damage":19.0,"enemies":"Gremlin Nob","floor":8.0,"turns":4.0},{"damage":10.0,"enemies":"Blue Slaver","floor":10.0,"turns":3.0},{"damage":1.0,"enemies":"2 Fungi Beasts","floor":12.0,"turns":4.0},{"damage":7.0,"enemies":"3 Sentries","floor":13.0,"turns":6.0},{"damage":6.0,"enemies":"Large Slime","floor":14.0,"turns":7.0},{"damage":15.0,"enemies":"Hexaghost","floor":16.0,"turns":10.0},{"damage":22.0,"enemies":"2 Thieves","floor":18.0,"turns":4.0},{"damage":9.0,"enemies":"Chosen","floor":19.0,"turns":5.0},{"damage":39.0,"enemies":"Snake Plant","floor":20.0,"turns":5.0},{"damage":3.0,"enemies":"Centurion and Healer","floor":21.0,"turns":7.0},{"damage":16.0,"enemies":"Book of Stabbing","floor":24.0,"turns":7.0},{"damage":6.0,"enemies":"Chosen and Byrds","floor":27.0,"turns":5.0},{"damage":28.0,"enemies":"3 Cultists","floor":28.0,"turns":6.0},{"damage":38.0,"enemies":"Champ","floor":33.0,"turns":11.0},{"damage":53.0,"enemies":"3 Shapes","floor":35.0,"turns":7.0},{"damage":13,"enemies":"3 Darklings","floor":37,"turns":3}],"seed_played":"4792797827139201325","potions_obtained":[{"floor":1.0,"key":"FearPotion"},{"floor":12.0,"key":"FearPotion"},{"floor":13.0,"key":"Strength Potion"},{"floor":14.0,"key":"Explosive Potion"},{"floor":16.0,"key":"GamblersBrew"},{"floor":27.0,"key":"AttackPotion"}],"is_trial":false,"path_per_floor":["M","M","M","M","?","E","R","E","T","M","$","M","E","M","R","B",null,"M","M","M","M","?","R","E","R","T","M","M","R","?","$","R","B",null,"M","?"],"character_chosen":"DEFECT","items_purchased":["Stack","Static Discharge","Chemical X"],"campfire_rested":6,"item_purchase_floors":[11,11,31],"current_hp_per_floor":[73,63,60,55,48,34,56,39,39,31,31,32,29,27,49,38,75,53,50,19,22,22,44,28,50,50,44,16,38,38,38,60,22,75,22,22,9],"gold":142,"neow_bonus":"UPGRADE_CARD","is_prod":false,"is_daily":false,"chose_seed":false,"campfire_upgraded":0,"win_rate":0,"timestamp":1538933866,"path_taken":["M","M","M","M","?","E","R","E","T","?","$","M","E","M","R","BOSS","M","M","M","M","?","R","E","R","T","M","M","R","?","$","R","BOSS","M","?","M"],"build_version":"2018-10-04v2","purchased_purges":2,"victory":false,"max_hp_per_floor":[75,75,75,75,75,75,75,75,75,75,75,75,75,75,75,75,75,75,75,75,75,75,75,75,75,75,75,75,75,75,75,75,75,75,75,75,75],"card_choices":[{"not_picked":["Redo","Barrage"],"picked":"Defragment","floor":1.0},{"not_picked":["Redo","Sweeping Beam"],"picked":"Ball Lightning","floor":2.0},{"not_picked":["White Noise","Reinforced Body"],"picked":"Cold Snap","floor":3.0},{"not_picked":["Turbo","Redo"],"picked":"Go for the Eyes","floor":4.0},{"not_picked":["Streamline","Go for the Eyes"],"picked":"Blizzard","floor":6.0},{"not_picked":["Cold Snap","Tempest"],"picked":"Coolheaded","floor":8.0},{"not_picked":["Lockon","Turbo"],"picked":"Consume","floor":10.0},{"not_picked":["Consume","Defragment"],"picked":"Glacier","floor":12.0},{"not_picked":["Fission","Compile Driver"],"picked":"Aggregate","floor":13.0},{"not_picked":["Turbo","Cold Snap"],"picked":"Glacier","floor":14.0},{"not_picked":["Rainbow","Machine Learning"],"picked":"Echo Form","floor":16.0},{"not_picked":["Compile Driver","Redo"],"picked":"Hello World","floor":18.0},{"not_picked":["Reprogram","Stack+1"],"picked":"Leap","floor":19.0},{"not_picked":["Beam Cell+1","Stack"],"picked":"Sweeping Beam","floor":20.0},{"not_picked":["FTL","Compile Driver","Go for the Eyes"],"picked":"SKIP","floor":21.0},{"not_picked":["Redo","All For One"],"picked":"Chaos","floor":24.0},{"not_picked":["Redo","Sweeping Beam"],"picked":"Thunder Strike","floor":27.0},{"not_picked":["Barrage","Rebound+1","Steam+1"],"picked":"SKIP","floor":28.0},{"not_picked":["Rainbow","Seek"],"picked":"Amplify","floor":33.0},{"not_picked":["Ball Lightning","Go for the Eyes"],"picked":"Hologram","floor":35.0}],"player_experience":125252,"relics_obtained":[{"floor":6.0,"key":"Shuriken"},{"floor":8.0,"key":"Bottled Tornado"},{"floor":9.0,"key":"Bottled Flame"},{"floor":13.0,"key":"StoneCalendar"},{"floor":24.0,"key":"Juzu Bracelet"},{"floor":26.0,"key":"Vajra"}],"event_choices":[{"event_name":"Scrap Ooze","player_choice":"success","floor":5.0,"damage_taken":7.0},{"event_name":"N\u0027loth","player_choice":"Traded a Bird Faced Urn","floor":22.0,"damage_taken":0.0},{"event_name":"Cursed Tome","player_choice":"Ignored","floor":30.0,"damage_taken":0.0},{"event_name":"Mysterious Sphere","player_choice":"Ignore","floor":36,"damage_taken":0}],"is_beta":false,"boss_relics":[{"not_picked":["Cursed Key","Lizard Tail"],"picked":"Nuclear Battery"},{"not_picked":["White Beast Statue","Eternal Feather"],"picked":"FrozenCore"}],"items_purged_floors":[11,31],"is_endless":false,"potions_floor_spawned":[1,12,13,14,16,24,27,33],"killed_by":"3 Darklings","ascension_level":2}