{"gold_per_floor":[11,22,22,42,61,71,71,102,102,112,37,48,48,60,60,162,162,178,195,212,232,232,257,257,257,557,557,575,327,426,452,452,549,549,569,569,569,581,581,606,606,634,634,192,216,228,89,104,104,104],"floor_reached":51,"playtime":10385,"items_purged":["Defend_B","Strike_B","Defend_B"],"score":1180,"play_id":"330805cb-e28e-4f6d-9d42-a80a4eed7d9a","local_time":"20180810195844","is_ascension_mode":true,"campfire_choices":[{"data":"Turbo","floor":7.0,"key":"SMITH"},{"floor":13.0,"key":"REST"},{"data":"Go for the Eyes","floor":15.0,"key":"SMITH"},{"floor":25,"key":"REST"},{"floor":27,"key":"REST"},{"data":"Sunder","floor":32,"key":"SMITH"},{"floor":41,"key":"REST"},{"floor":46,"key":"REST"},{"floor":49,"key":"REST"}],"neow_cost":"NO_GOLD","seed_source_timestamp":0,"circlet_count":0,"master_deck":["Defend_B","Defend_B","Zap","Dualcast","AscendersBane","Conserve Battery","Go for the Eyes+1","Cold Snap","Glacier","Turbo+1","Glacier","Compile Driver","Sunder+1","Rainbow","Capacitor","Ball Lightning","Ball Lightning","Cold Snap+1","Necronomicurse","Reboot","White Noise+1","Ball Lightning","Seek","Conserve Battery","Madness","Madness","Secret Technique","Cold Snap+1","Tempest","Coolheaded","Darkness+1"],"special_seed":0,"relics":["Cracked Core","Ice Cream","DataDisk","Bottled Lightning","Empty Cage","Necronomicon","Symbiotic Virus","Old Coin","Centennial Puzzle","Bronze Scales","Runic Dome","Kunai","Art of War","Question Card","Mercury Hourglass","MawBank"],"potions_floor_usage":[23,33,33,50,50],"damage_taken":[{"damage":2.0,"enemies":"2 Louse","floor":1.0,"turns":3.0},{"damage":0.0,"enemies":"Jaw Worm","floor":2.0,"turns":3.0},{"damage":0.0,"enemies":"Cultist","floor":4.0,"turns":3.0},{"damage":4.0,"enemies":"2 Fungi Beasts","floor":5.0,"turns":4.0},{"damage":6.0,"enemies":"Large Slime","floor":6.0,"turns":7.0},{"damage":33.0,"enemies":"Gremlin Nob","floor":8.0,"turns":5.0},{"damage":2.0,"enemies":"Exordium Wildlife","floor":10.0,"turns":4.0},{"damage":7.0,"enemies":"3 Louse","floor":12.0,"turns":3.0},{"damage":0.0,"enemies":"Large Slime","floor":14.0,"turns":7.0},{"damage":3.0,"enemies":"The Guardian","floor":16.0,"turns":12.0},{"damage":1.0,"enemies":"Spheric Guardian","floor":18.0,"turns":4.0},{"damage":1.0,"enemies":"Shell Parasite","floor":19.0,"turns":7.0},{"damage":4.0,"enemies":"Centurion and Healer","floor":20.0,"turns":6.0},{"damage":16.0,"enemies":"Snake Plant","floor":21.0,"turns":4.0},{"damage":0,"enemies":"Slavers","floor":23,"turns":8},{"damage":2,"enemies":"Chosen and Byrds","floor":28,"turns":6},{"damage":18,"enemies":"Gremlin Leader","floor":31,"turns":7},{"damage":34,"enemies":"Automaton","floor":33,"turns":8},{"damage":6,"enemies":"Orb Walker","floor":35,"turns":2},{"damage":8,"enemies":"3 Shapes","floor":38,"turns":2},{"damage":29,"enemies":"Nemesis","floor":40,"turns":5},{"damage":28,"enemies":"2 Orb Walkers","floor":42,"turns":4},{"damage":0,"enemies":"Transient","floor":48,"turns":5},{"damage":16,"enemies":"Awakened One","floor":50,"turns":11}],"seed_played":"2265950081005321866","potions_obtained":[{"floor":5.0,"key":"Strength Potion"},{"floor":8.0,"key":"Ancient Potion"},{"floor":12.0,"key":"SmokeBomb"},{"floor":21.0,"key":"Dexterity Potion"},{"floor":28,"key":"FocusPotion"},{"floor":31,"key":"Strength Potion"}],"is_trial":false,"path_per_floor":["M","M","?","M","M","M","R","E","T","M","$","M","R","M","R","B",null,"M","M","M","M","?","E","?","R","T","R","M","$","?","E","R","B",null,"M","?","?","M","?","E","R","E","T","$","T","R","$","M","R","B"],"character_chosen":"DEFECT","items_purchased":["Centennial Puzzle","Tempest","Mercury Hourglass","FocusPotion","Weak Potion","Coolheaded"],"campfire_rested":6,"item_purchase_floors":[29,44,44,47,47,47],"current_hp_per_floor":[66,66,66,66,62,56,56,23,23,21,21,14,36,36,36,33,65,64,63,59,43,27,27,27,49,49,71,69,69,69,51,51,17,61,62,53,53,52,52,23,45,17,17,17,17,39,39,39,61,45],"gold":104,"neow_bonus":"ONE_RARE_RELIC","is_prod":false,"is_daily":false,"chose_seed":false,"campfire_upgraded":3,"win_rate":0,"timestamp":1533956324,"path_taken":["M","M","?","M","M","M","R","E","T","M","$","?","R","M","R","BOSS","M","M","M","M","?","E","?","R","T","R","M","?","?","E","R","BOSS","M","?","?","?","?","E","R","E","T","$","?","R","$","M","R","BOSS"],"build_version":"2018-08-09","purchased_purges":3,"victory":true,"max_hp_per_floor":[75,75,75,75,75,75,75,75,75,75,75,75,75,75,75,75,75,75,75,75,75,75,75,75,75,75,75,75,75,75,75,75,75,75,75,75,75,75,75,75,75,75,75,75,75,75,75,75,75,75],"card_choices":[{"not_picked":["Sweeping Beam","Self Repair"],"picked":"Conserve Battery","floor":1.0},{"not_picked":["Chill","Reprogram"],"picked":"Go for the Eyes","floor":2.0},{"not_picked":["Aggregate","Sweeping Beam"],"picked":"Cold Snap","floor":4.0},{"not_picked":["Ball Lightning","Barrage"],"picked":"Glacier","floor":5.0},{"not_picked":["Thunder Strike","Steam"],"picked":"Turbo","floor":6.0},{"not_picked":["Genetic Algorithm","Streamline"],"picked":"Glacier","floor":8.0},{"not_picked":["Beam Cell","Redo","Streamline"],"picked":"SKIP","floor":10.0},{"not_picked":["Steam","Gash"],"picked":"Compile Driver","floor":12.0},{"not_picked":["Auto Shields","Force Field"],"picked":"Sunder","floor":14.0},{"not_picked":["Reboot","Biased Cognition"],"picked":"Rainbow","floor":16.0},{"not_picked":["Scrape","Beam Cell"],"picked":"Capacitor","floor":18.0},{"not_picked":["Rebound","Creative AI"],"picked":"Ball Lightning","floor":19.0},{"not_picked":["Consume","Redo"],"picked":"Ball Lightning","floor":20.0},{"not_picked":["Leap","Gash"],"picked":"Cold Snap+1","floor":21.0},{"not_picked":["Rebound","Go for the Eyes"],"picked":"Reboot","floor":23},{"not_picked":["Static Discharge","Streamline"],"picked":"White Noise+1","floor":28},{"not_picked":["Beam Cell","Sweeping Beam"],"picked":"Ball Lightning","floor":31},{"not_picked":["Biased Cognition","Creative AI"],"picked":"Seek","floor":33},{"not_picked":["Barrage","Steam Power"],"picked":"Conserve Battery","floor":35},{"not_picked":["Madness","Transmutation"],"picked":"Secret Technique","floor":37},{"not_picked":["Rebound","Reprogram","Go for the Eyes"],"picked":"SKIP","floor":38},{"not_picked":["Scrape","Beam Cell"],"picked":"Cold Snap+1","floor":40},{"not_picked":["Compile Driver","Ball Lightning+1","Sweeping Beam"],"picked":"SKIP","floor":42},{"not_picked":["Leap","Beam Cell","Stack+1"],"picked":"Darkness+1","floor":48}],"player_experience":729106,"relics_obtained":[{"floor":8.0,"key":"DataDisk"},{"floor":9.0,"key":"Bottled Lightning"},{"floor":22.0,"key":"Necronomicon"},{"floor":23,"key":"Symbiotic Virus"},{"floor":26,"key":"Old Coin"},{"floor":31,"key":"Bronze Scales"},{"floor":40,"key":"Kunai"},{"floor":42,"key":"Art of War"},{"floor":43,"key":"Question Card"},{"floor":45,"key":"MawBank"}],"event_choices":[{"event_name":"The Cleric","player_choice":"Leave","floor":3.0,"damage_taken":0.0},{"event_name":"Cursed Tome","player_choice":"Obtained Book","floor":22.0,"damage_taken":0.0},{"event_name":"Back to Basics","player_choice":"Elegance","floor":24,"damage_taken":0},{"event_name":"Nest","player_choice":"Stole From Cult","floor":30,"damage_taken":0},{"event_name":"Winding Halls","player_choice":"Embrace Madness","floor":36,"damage_taken":0},{"event_name":"SensoryStone","player_choice":"Memory 1","floor":37,"damage_taken":0},{"event_name":"Tomb of Lord Red Mask","player_choice":"Ignored","floor":39,"damage_taken":0}],"is_beta":false,"boss_relics":[{"not_picked":["Runic Pyramid","FrozenCore"],"picked":"Empty Cage"},{"not_picked":["Eternal Feather","Velvet Choker"],"picked":"Runic Dome"}],"items_purged_floors":[11,29,44],"is_endless":false,"potions_floor_spawned":[5,8,12,16,19,21,28,31,42,48],"ascension_level":12}