{"gold_per_floor":[362,382,270,345,358,372,386,386,386,386,406,439,456,483,483,586,586,605,592,318,318,318,351,351,368,394,408,333,17,17,45,45,150,150,163,163,99,113,113,113,138,112,112,132,142,160,175,32,32,32],"floor_reached":51,"playtime":4473,"items_purged":["Injury","Strike_B","Strike_B"],"score":1164,"play_id":"8207a550-1a26-446b-962a-6d07cc2ab611","local_time":"20180804124618","is_ascension_mode":true,"campfire_choices":[{"data":"Zap","floor":8.0,"key":"SMITH"},{"data":"Dualcast","floor":10.0,"key":"SMITH"},{"data":"Blizzard","floor":15.0,"key":"SMITH"},{"floor":24,"key":"REST"},{"floor":30,"key":"REST"},{"data":"Blizzard","floor":32,"key":"SMITH"},{"data":"Defragment","floor":40,"key":"SMITH"},{"floor":49,"key":"REST"}],"neow_cost":"CURSE","seed_source_timestamp":0,"circlet_count":0,"master_deck":["Strike_B","Defend_B","Defend_B","Defend_B","Defend_B","Zap+1","AscendersBane","Coolheaded+1","Cold Snap","Defragment+1","Glacier","Auto Shields","Cold Snap","Blizzard+1","Reboot","Loop+1","White Noise+1","Cold Snap","Finesse","Defragment","Blizzard+1","Machine Learning","Capacitor","Go for the Eyes","Leap+1","Clumsy","Cold Snap+1","Leap+1"],"special_seed":0,"relics":["Cracked Core","Oddly Smooth Stone","Bronze Scales","Regal Pillow","Sozu","Bag of Preparation","Nilry\u0027s Codex","Shuriken","Bag of Marbles","Runic Capacitor","Calipers","Cursed Key","Blood Vial","Kunai","Bottled Flame","War Paint"],"potions_floor_usage":[23],"damage_taken":[{"damage":2.0,"enemies":"2 Louse","floor":1.0,"turns":2.0},{"damage":8.0,"enemies":"Small Slimes","floor":2.0,"turns":4.0},{"damage":0.0,"enemies":"Cultist","floor":5.0,"turns":3.0},{"damage":2.0,"enemies":"Exordium Wildlife","floor":6.0,"turns":4.0},{"damage":1.0,"enemies":"Blue Slaver","floor":7.0,"turns":6.0},{"damage":6.0,"enemies":"Gremlin Gang","floor":11.0,"turns":6.0},{"damage":6.0,"enemies":"3 Sentries","floor":12.0,"turns":9.0},{"damage":0.0,"enemies":"Large Slime","floor":13.0,"turns":7.0},{"damage":1.0,"enemies":"The Guardian","floor":16.0,"turns":12.0},{"damage":3.0,"enemies":"3 Byrds","floor":18.0,"turns":3.0},{"damage":8.0,"enemies":"2 Thieves","floor":19.0,"turns":5.0},{"damage":16,"enemies":"Gremlin Leader","floor":23,"turns":9},{"damage":24,"enemies":"Snecko","floor":25,"turns":5},{"damage":11,"enemies":"Sentry and Sphere","floor":27,"turns":6},{"damage":0,"enemies":"Book of Stabbing","floor":31,"turns":6},{"damage":5,"enemies":"Champ","floor":33,"turns":11},{"damage":18,"enemies":"3 Darklings","floor":35,"turns":5},{"damage":0,"enemies":"Flame Bruiser 1 Orb","floor":38,"turns":7},{"damage":0,"enemies":"Giant Head","floor":41,"turns":8},{"damage":5,"enemies":"Sphere and 2 Shapes","floor":44,"turns":4},{"damage":0,"enemies":"Flame Bruiser 2 Orb","floor":45,"turns":6},{"damage":31,"enemies":"4 Shapes","floor":46,"turns":5},{"damage":2,"enemies":"3 Darklings","floor":47,"turns":4},{"damage":2,"enemies":"Awakened One","floor":50,"turns":15}],"seed_played":"4824481416658926402","potions_obtained":[{"floor":2.0,"key":"Ancient Potion"},{"floor":7.0,"key":"SteroidPotion"},{"floor":12.0,"key":"SpeedPotion"},{"floor":13.0,"key":"Explosive Potion"}],"is_trial":false,"path_per_floor":["M","M","$","?","M","M","M","R","T","R","M","E","M","T","R","B",null,"M","M","$","?","?","E","R","M","T","M","?","$","R","E","R","B",null,"M","?","?","M","?","R","E","$","T","M","M","M","M","$","R","B"],"character_chosen":"DEFECT","items_purchased":["Defragment","Cold Snap","Bag of Preparation","Runic Capacitor","Leap","War Paint"],"campfire_rested":3,"item_purchase_floors":[3,20,20,29,42,48],"current_hp_per_floor":[66,58,58,47,47,45,44,44,44,44,38,32,32,32,32,31,64,61,53,53,39,23,7,44,20,20,9,9,9,46,46,46,41,67,56,56,56,58,58,58,67,67,67,64,66,37,37,37,74,73],"gold":32,"neow_bonus":"TWO_FIFTY_GOLD","is_prod":false,"is_daily":false,"chose_seed":false,"campfire_upgraded":5,"win_rate":0,"timestamp":1533411978,"path_taken":["M","M","$","?","M","M","M","R","T","R","M","E","M","?","R","BOSS","M","M","$","?","?","E","R","M","T","M","?","$","R","E","R","BOSS","M","?","?","M","?","R","E","?","T","M","?","M","M","$","R","BOSS"],"build_version":"2018-08-02","purchased_purges":3,"victory":true,"max_hp_per_floor":[75,75,75,75,75,75,75,75,75,75,75,75,75,75,75,75,75,75,75,75,75,75,75,75,75,75,75,75,75,75,75,75,75,75,75,75,75,75,75,75,75,75,75,75,75,75,75,75,75,75],"card_choices":[{"not_picked":["Turbo","Gash"],"picked":"Coolheaded","floor":1.0},{"not_picked":["Leap","Conserve Battery"],"picked":"Cold Snap","floor":2.0},{"not_picked":["Doom and Gloom","Melter","Barrage"],"picked":"SKIP","floor":5.0},{"not_picked":["Darkness","Go for the Eyes"],"picked":"Glacier","floor":6.0},{"not_picked":["Barrage","Electrodynamics","Gash"],"picked":"SKIP","floor":7.0},{"not_picked":["Skim","Turbo"],"picked":"Auto Shields","floor":11.0},{"not_picked":["Glacier","Ball Lightning"],"picked":"Cold Snap","floor":12.0},{"not_picked":["Gash","Beam Cell"],"picked":"Blizzard","floor":13.0},{"not_picked":["Thunder Strike","Hyperbeam"],"picked":"Reboot","floor":16.0},{"not_picked":["Static Discharge","Gash"],"picked":"Loop+1","floor":18.0},{"not_picked":["Gash+1","Coolheaded"],"picked":"White Noise+1","floor":19.0},{"not_picked":["Sweeping Beam","Double Energy","Hologram"],"picked":"SKIP","floor":23},{"not_picked":["Fusion+1","Leap","Skim"],"picked":"SKIP","floor":25},{"not_picked":["Hologram","Beam Cell"],"picked":"Defragment","floor":27},{"not_picked":["Streamline","Rebound+1"],"picked":"Blizzard","floor":31},{"not_picked":["Amplify","Seek"],"picked":"Machine Learning","floor":33},{"not_picked":["Aggregate+1","Leap"],"picked":"Capacitor","floor":35},{"not_picked":["Rebound+1","Skim+1","Recycle+1"],"picked":"SKIP","floor":38},{"not_picked":["Sweeping Beam+1","Sunder"],"picked":"Go for the Eyes","floor":41},{"not_picked":["Hologram+1","Recycle+1","Aggregate+1"],"picked":"SKIP","floor":44},{"not_picked":["Loop+1","Double Energy+1","Self Repair"],"picked":"SKIP","floor":45},{"not_picked":["Streamline","Go for the Eyes"],"picked":"Cold Snap+1","floor":46},{"not_picked":["Tempest","Multi-Cast"],"picked":"Leap+1","floor":47}],"player_experience":706961,"relics_obtained":[{"floor":9.0,"key":"Oddly Smooth Stone"},{"floor":12.0,"key":"Bronze Scales"},{"floor":14.0,"key":"Regal Pillow"},{"floor":22,"key":"Nilry\u0027s Codex"},{"floor":23,"key":"Shuriken"},{"floor":26,"key":"Bag of Marbles"},{"floor":31,"key":"Calipers"},{"floor":41,"key":"Kunai"},{"floor":43,"key":"Bottled Flame"}],"event_choices":[{"event_name":"World of Goop","player_choice":"Gather Gold","floor":4.0,"damage_taken":0.0},{"event_name":"Knowing Skull","player_choice":"CARD ","floor":21,"damage_taken":0},{"event_name":"Cursed Tome","player_choice":"Obtained Book","floor":22,"damage_taken":0},{"event_name":"Beggar","player_choice":"Gave Gold","floor":28,"damage_taken":0},{"event_name":"Falling","player_choice":"Removed Skill","floor":36,"damage_taken":0},{"event_name":"WeMeetAgain","player_choice":"Gold","floor":37,"damage_taken":0},{"event_name":"Mysterious Sphere","player_choice":"Ignore","floor":39,"damage_taken":0}],"is_beta":false,"boss_relics":[{"not_picked":["Fusion Hammer","Coffee Dripper"],"picked":"Sozu"},{"not_picked":["FrozenCore","Philosopher\u0027s Stone"],"picked":"Cursed Key"}],"items_purged_floors":[3,20,29],"is_endless":false,"potions_floor_spawned":[2,7,12,13,18,19,25,27,35,38,46,47],"ascension_level":11}