{"gold_per_floor":[113,124,25,36,36,64,64,91,91,91,122,192,192,223,223,297,297,312,312,312,331,343,343,377,390,417,445,445,461,71,82,82,82],"floor_reached":33,"playtime":1664,"items_purged":[],"score":610,"play_id":"f9f4debb-cad3-4abc-8a66-745985903552","local_time":"20190310144236","is_ascension_mode":true,"campfire_choices":[{"data":"Whirlwind","floor":7.0,"key":"SMITH"},{"data":"Bash","floor":10.0,"key":"SMITH"},{"data":"Uppercut","floor":13.0,"key":"SMITH"},{"data":"Metallicize","floor":15.0,"key":"SMITH"},{"data":"Body Slam","floor":23.0,"key":"SMITH"},{"floor":32,"key":"REST"}],"neow_cost":"NONE","seed_source_timestamp":6111413911666,"circlet_count":0,"master_deck":["AscendersBane","Strike_R","Strike_R","Strike_R","Strike_R","Strike_R","Defend_R","Defend_R","Defend_R","Defend_R","Bash+1","Metallicize+1","Whirlwind+1","Thunderclap","Headbutt","Uppercut+1","Shrug It Off","Barricade","J.A.X.","Metallicize","Warcry","Body Slam+1","Anger","Heavy Blade","Sword Boomerang","Rupture","Disarm","Battle Trance+1"],"special_seed":0,"relics":["Burning Blood","NeowsBlessing","Kunai","Thread and Needle","Orichalcum","Mango","Boot","Happy Flower","White Beast Statue","Du-Vu Doll","Omamori","Anchor","ClockworkSouvenir"],"potions_floor_usage":[33,33],"damage_taken":[{"damage":0.0,"enemies":"Jaw Worm","floor":1.0,"turns":1.0},{"damage":0.0,"enemies":"Cultist","floor":2.0,"turns":1.0},{"damage":0.0,"enemies":"Small Slimes","floor":4.0,"turns":1.0},{"damage":33.0,"enemies":"3 Sentries","floor":6.0,"turns":6.0},{"damage":42.0,"enemies":"Lagavulin","floor":8.0,"turns":9.0},{"damage":11.0,"enemies":"Gremlin Nob","floor":11.0,"turns":4.0},{"damage":7.0,"enemies":"3 Sentries","floor":14.0,"turns":6.0},{"damage":17.0,"enemies":"Slime Boss","floor":16.0,"turns":9.0},{"damage":9.0,"enemies":"Spheric Guardian","floor":18.0,"turns":7.0},{"damage":9.0,"enemies":"Chosen","floor":21.0,"turns":4.0},{"damage":0.0,"enemies":"Centurion and Healer","floor":22.0,"turns":9.0},{"damage":22.0,"enemies":"Gremlin Leader","floor":24.0,"turns":7.0},{"damage":0.0,"enemies":"Snecko","floor":25.0,"turns":6.0},{"damage":28.0,"enemies":"Book of Stabbing","floor":27.0,"turns":5.0},{"damage":19.0,"enemies":"Shelled Parasite and Fungi","floor":29.0,"turns":4.0},{"damage":20,"enemies":"Sentry and Sphere","floor":31,"turns":9},{"damage":57,"enemies":"Collector","floor":33,"turns":6}],"seed_played":"-3576905309890632013","potions_obtained":[{"floor":4.0,"key":"PowerPotion"},{"floor":8.0,"key":"Energy Potion"},{"floor":11.0,"key":"GamblersBrew"},{"floor":16.0,"key":"PowerPotion"},{"floor":18.0,"key":"Energy Potion"},{"floor":21.0,"key":"SmokeBomb"},{"floor":22.0,"key":"Fire Potion"},{"floor":24.0,"key":"Block Potion"},{"floor":25.0,"key":"Strength Potion"},{"floor":27.0,"key":"Dexterity Potion"},{"floor":29.0,"key":"LiquidBronze"},{"floor":31,"key":"SkillPotion"}],"is_trial":false,"path_per_floor":["M","M","?","M","?","E","R","E","T","R","E","?","R","E","R","B",null,"M","?","?","M","M","R","E","M","T","E","?","M","$","M","R","B"],"character_chosen":"IRONCLAD","items_purchased":["ClockworkSouvenir","Rupture","Disarm"],"campfire_rested":1,"item_purchase_floors":[30,30,30],"current_hp_per_floor":[74,75,75,75,80,53,53,17,31,31,26,26,26,25,25,14,74,71,71,71,68,74,74,58,64,64,42,42,29,29,15,43,0],"gold":82,"neow_bonus":"THREE_ENEMY_KILL","is_prod":false,"is_daily":false,"chose_seed":false,"campfire_upgraded":5,"win_rate":0,"timestamp":1552225356,"path_taken":["M","M","?","?","?","E","R","E","T","R","E","?","R","E","R","BOSS","M","?","?","M","M","R","E","M","T","E","?","M","$","M","R","BOSS"],"build_version":"2019-01-23","purchased_purges":0,"victory":false,"max_hp_per_floor":[75,75,75,75,80,80,80,80,94,94,94,94,94,94,94,94,94,94,94,94,94,94,94,94,94,94,94,94,94,94,94,94,94],"card_choices":[{"not_picked":["Pommel Strike","Armaments"],"picked":"Metallicize","floor":1.0},{"not_picked":["Dropkick","Twin Strike"],"picked":"Whirlwind","floor":2.0},{"not_picked":["Body Slam","Sentinel"],"picked":"Thunderclap","floor":4.0},{"not_picked":["Whirlwind","Body Slam","Impervious"],"picked":"SKIP","floor":6.0},{"not_picked":["Havoc","Rupture"],"picked":"Headbutt","floor":8.0},{"not_picked":["Carnage","Barricade"],"picked":"Uppercut","floor":11.0},{"not_picked":["Bloodletting","Perfected Strike"],"picked":"Shrug It Off","floor":14.0},{"not_picked":["Dark Embrace","Double Tap"],"picked":"Barricade","floor":16.0},{"not_picked":["Cleave","Sentinel+1","Second Wind"],"picked":"SKIP","floor":18.0},{"not_picked":["Rampage","Fire Breathing"],"picked":"Warcry","floor":21.0},{"not_picked":["Fire Breathing","Burning Pact+1"],"picked":"Body Slam","floor":22.0},{"not_picked":["Anger","Intimidate","Clash"],"picked":"SKIP","floor":24.0},{"not_picked":["Intimidate","Clash"],"picked":"Anger","floor":24.0},{"not_picked":["Clothesline","Warcry","Searing Blow"],"picked":"SKIP","floor":25.0},{"not_picked":["Clash","Feel No Pain"],"picked":"Heavy Blade","floor":27.0},{"not_picked":["Headbutt","Twin Strike"],"picked":"Sword Boomerang","floor":29.0},{"not_picked":["Wild Strike","Warcry"],"picked":"Battle Trance+1","floor":31}],"player_experience":489004,"relics_obtained":[{"floor":6.0,"key":"Thread and Needle"},{"floor":8.0,"key":"Orichalcum"},{"floor":9.0,"key":"Mango"},{"floor":11.0,"key":"Boot"},{"floor":14.0,"key":"Happy Flower"},{"floor":24.0,"key":"Du-Vu Doll"},{"floor":26.0,"key":"Omamori"},{"floor":27.0,"key":"Anchor"}],"event_choices":[{"damage_healed":0.0,"max_hp_gain":0.0,"max_hp_loss":0.0,"gold_gain":0.0,"event_name":"WeMeetAgain","player_choice":"Paid Gold","floor":3.0,"gold_loss":99.0,"damage_taken":0.0,"relics_obtained":["Kunai"]},{"damage_healed":0.0,"max_hp_gain":5.0,"max_hp_loss":0.0,"gold_gain":0.0,"event_name":"Big Fish","player_choice":"Donut","floor":5.0,"gold_loss":0.0,"damage_taken":0.0},{"damage_healed":0.0,"max_hp_gain":0.0,"max_hp_loss":0.0,"gold_gain":70.0,"event_name":"Golden Wing","player_choice":"Gained Gold","floor":12.0,"gold_loss":0.0,"damage_taken":0.0},{"damage_healed":0.0,"max_hp_gain":0.0,"max_hp_loss":0.0,"gold_gain":0.0,"event_name":"Drug Dealer","player_choice":"Obtain J.A.X.","floor":19.0,"gold_loss":0.0,"damage_taken":0.0,"cards_obtained":["J.A.X."]},{"damage_healed":0.0,"max_hp_gain":0.0,"max_hp_loss":0.0,"gold_gain":0.0,"event_name":"The Library","player_choice":"Read","floor":20.0,"gold_loss":0.0,"damage_taken":0.0,"cards_obtained":["Metallicize"]},{"damage_healed":0.0,"max_hp_gain":0.0,"max_hp_loss":0.0,"gold_gain":0.0,"event_name":"Ghosts","player_choice":"Ignored","floor":28.0,"gold_loss":0.0,"damage_taken":0.0}],"is_beta":false,"boss_relics":[{"not_picked":["Mark of Pain","Pandora\u0027s Box"],"picked":"White Beast Statue"}],"items_purged_floors":[],"is_endless":false,"potions_floor_spawned":[4,8,11,16,18,21,22,24,25,27,29,31],"killed_by":"Collector","ascension_level":19}