{"path_per_floor":["M","?","?","?","T","R","M","R","T","R","E","$","?","$","R","B",null,"M","?","M","M","M","R","?","M","T","$","R","?","M","$","R","B",null,"M","M","?","M","M"],"character_chosen":"IRONCLAD","items_purchased":["Sword Boomerang","Pommel Strike","Carnage","Singing Bowl"],"gold_per_floor":[111,111,111,111,111,111,121,121,121,121,155,34,109,84,84,185,185,197,197,214,225,236,236,236,248,248,22,22,22,33,33,33,135,135,153,172,172,188,203,203],"floor_reached":40,"campfire_rested":2,"playtime":2272,"current_hp_per_floor":[80,80,80,73,73,73,79,79,79,79,74,74,63,63,63,20,80,56,40,34,25,14,38,38,44,44,44,68,68,74,74,74,64,82,63,62,62,70,50,0],"items_purged":["Reckless Charge"],"gold":203,"score":409,"play_id":"61c61efc-8e76-4e6a-8d74-56d30c4067f3","local_time":"20180421110744","is_prod":false,"is_daily":false,"chose_seed":false,"is_ascension_mode":false,"campfire_upgraded":5,"timestamp":1524326864,"path_taken":["M","?","?","?","?","R","?","R","T","R","E","$","?","$","R","BOSS","M","?","?","M","M","R","?","?","T","$","R","?","?","?","R","BOSS","M","?","?","M","M","E"],"build_version":"2018-04-19","seed_source_timestamp":61460825283153,"purchased_purges":3,"victory":false,"master_deck":["Strike_R+1","Strike_R+1","Strike_R+1","Defend_R+1","Defend_R+1","Defend_R+1","Defend_R+1","Bash+1","Clash+1","Demon Form+1","Sword Boomerang","Pommel Strike","Berserk+1","Inflame","Headbutt","Clash","Thunderclap","Heavy Blade","Carnage","Limit Break"],"max_hp_per_floor":[80,80,80,80,80,80,80,80,80,80,80,80,80,80,80,80,80,80,80,80,80,80,80,80,80,80,80,80,80,82,82,82,82,82,84,86,86,88,90,90],"relics":["Burning Blood","Gremlin Horn","Blue Candle","Question Card","Omamori","Cursed Key","Necronomicon","War Paint","Letter Opener","Singing Bowl","Sozu"],"card_choices":[{"not_picked":["Thunderclap","Warcry"],"picked":"Clash","floor":1},{"not_picked":["Fire Breathing","Flame Barrier","Pummel"],"picked":"Demon Form","floor":11},{"not_picked":["Brutality","Double Tap","Demon Form"],"picked":"Berserk","floor":16},{"not_picked":["Havoc","Clothesline","Shockwave"],"picked":"Inflame","floor":18},{"not_picked":["Reckless Charge","Flame Barrier","Havoc"],"picked":"Headbutt","floor":20},{"not_picked":["Shockwave","Sword Boomerang","Corruption"],"picked":"Clash","floor":21},{"not_picked":["Wild Strike","Warcry","Entrench"],"picked":"Thunderclap","floor":22},{"not_picked":["Fiend Fire","Sentinel","Rupture"],"picked":"Heavy Blade","floor":25},{"not_picked":["Fiend Fire","Demon Form","Dark Embrace"],"picked":"Limit Break","floor":33}],"player_experience":154127,"potions_floor_usage":[16,33,35],"damage_taken":[{"damage":6,"enemies":"Cultist","floor":1,"turns":3},{"damage":0,"enemies":"2 Louse","floor":7,"turns":2},{"damage":11,"enemies":"Gremlin Nob","floor":11,"turns":3},{"damage":49,"enemies":"Hexaghost","floor":16,"turns":7},{"damage":30,"enemies":"2 Thieves","floor":18,"turns":3},{"damage":12,"enemies":"Shell Parasite","floor":20,"turns":4},{"damage":15,"enemies":"Snake Plant","floor":21,"turns":4},{"damage":17,"enemies":"Centurion and Healer","floor":22,"turns":5},{"damage":0,"enemies":"Snecko","floor":25,"turns":3},{"damage":2,"enemies":"Chosen and Byrds","floor":30,"turns":3},{"damage":16,"enemies":"Collector","floor":33,"turns":5},{"damage":27,"enemies":"3 Darklings","floor":35,"turns":3},{"damage":9,"enemies":"3 Shapes","floor":36,"turns":2},{"damage":0,"enemies":"Sphere and 2 Shapes","floor":38,"turns":2},{"damage":28,"enemies":"Maw","floor":39,"turns":6},{"damage":50,"enemies":"2 Orb Walkers","floor":40,"turns":4}],"event_choices":[{"event_name":"Transmorgrifier","player_choice":"Transform","floor":2,"damage_taken":0},{"event_name":"Big Fish","player_choice":"Box","floor":3,"damage_taken":0},{"event_name":"Golden Wing","player_choice":"Card Removal","floor":4,"damage_taken":0},{"event_name":"World of Goop","player_choice":"Gather Gold","floor":13,"damage_taken":0},{"event_name":"Cursed Tome","player_choice":"Obtained Book","floor":19,"damage_taken":0},{"event_name":"The Mausoleum","player_choice":"Yes","floor":24,"damage_taken":0},{"event_name":"Back to Basics","player_choice":"Simplicity","floor":29,"damage_taken":0},{"event_name":"Purifier","player_choice":"One Purge","floor":37,"damage_taken":0}],"boss_relics":[{"not_picked":["Mark of Pain","Orrery"],"picked":"Cursed Key"},{"not_picked":["Pandora\u0027s Box","Astrolabe"],"picked":"Sozu"}],"potions_floor_spawned":[11,22,30,35,36,38],"seed_played":"2209363158618639263","killed_by":"2 Orb Walkers","ascension_level":0,"is_trial":false}