{"gold_per_floor":[114,189,208,208,223,253,253,243,267,267,267,267,286,286],"floor_reached":14,"playtime":479,"items_purged":[],"score":158,"play_id":"f60a705f-f046-4432-a0e5-fa81b022711c","local_time":"20181017203456","is_ascension_mode":true,"campfire_choices":[{"floor":7,"key":"REST"},{"floor":10,"key":"REST"}],"neow_cost":"NONE","seed_source_timestamp":0,"circlet_count":0,"master_deck":["Strike_B","Strike_B+1","Strike_B+1","Strike_B","Defend_B","Defend_B","Defend_B","Defend_B","Zap","Dualcast","AscendersBane","Coolheaded","Coolheaded","Genetic Algorithm","Loop","Chill","Regret","Coolheaded"],"special_seed":0,"relics":["Cracked Core","Orichalcum","Art of War","Potion Belt","Dodecahedron","Bag of Preparation"],"potions_floor_usage":[14],"damage_taken":[{"damage":0,"enemies":"2 Louse","floor":1,"turns":2},{"damage":6,"enemies":"Jaw Worm","floor":3,"turns":3},{"damage":0,"enemies":"Cultist","floor":5,"turns":3},{"damage":13,"enemies":"3 Sentries","floor":6,"turns":9},{"damage":19,"enemies":"Exordium Thugs","floor":8,"turns":5},{"damage":23,"enemies":"3 Louse","floor":13,"turns":5},{"damage":17,"enemies":"Large Slime","floor":14,"turns":6}],"seed_played":"799166453572814861","potions_obtained":[{"floor":3,"key":"SteroidPotion"},{"floor":6,"key":"Weak Potion"}],"is_trial":false,"path_per_floor":["M","?","M","?","M","E","R","M","T","R","T","?","M"],"character_chosen":"DEFECT","items_purchased":[],"campfire_rested":2,"item_purchase_floors":[],"current_hp_per_floor":[64,53,47,26,26,13,34,15,15,36,36,36,13,0],"gold":286,"neow_bonus":"RANDOM_COMMON_RELIC","is_prod":false,"is_daily":false,"chose_seed":false,"campfire_upgraded":0,"win_rate":0,"timestamp":1539833696,"path_taken":["M","?","M","?","M","E","R","?","T","R","?","?","M","M"],"build_version":"2018-10-11","purchased_purges":0,"victory":false,"max_hp_per_floor":[71,71,71,71,71,71,71,71,71,71,71,71,71,71],"card_choices":[{"not_picked":["Leap","Gash"],"picked":"Coolheaded","floor":1},{"not_picked":["Sweeping Beam","Gash"],"picked":"Coolheaded","floor":3},{"not_picked":["Barrage","Heatsinks"],"picked":"Genetic Algorithm","floor":5},{"not_picked":["Auto Shields","Scrape"],"picked":"Loop","floor":6},{"not_picked":["Cold Snap","Compile Driver"],"picked":"Chill","floor":8},{"not_picked":["Steam","Reprogram"],"picked":"Coolheaded","floor":13}],"player_experience":953522,"relics_obtained":[{"floor":6,"key":"Art of War"},{"floor":9,"key":"Potion Belt"},{"floor":11,"key":"Dodecahedron"}],"event_choices":[{"event_name":"World of Goop","player_choice":"Gather Gold","floor":2,"damage_taken":0},{"event_name":"Shining Light","player_choice":"Entered Light","floor":4,"damage_taken":0},{"event_name":"Big Fish","player_choice":"Box","floor":12,"damage_taken":0}],"is_beta":false,"boss_relics":[],"items_purged_floors":[],"is_endless":false,"potions_floor_spawned":[3,6],"killed_by":"Large Slime","ascension_level":15}