{"gold_per_floor":[109,122,4,4,4,4,23,23,23,33,52,64,64,83,83,182,182,195,195,195,121,132,132,132,132,158,175,190,207,226,141,141,243,243,257,277,277],"floor_reached":37,"playtime":4100,"items_purged":[],"score":415,"play_id":"629f60ea-6d0d-4000-962b-9a31c6718707","local_time":"20180629122015","is_ascension_mode":false,"campfire_choices":[{"data":"Genetic Algorithm","floor":6,"key":"SMITH"},{"floor":13,"key":"REST"},{"data":"Machine Learning","floor":15,"key":"SMITH"},{"data":"Loop","floor":23,"key":"SMITH"},{"data":"Stack","floor":25,"key":"SMITH"},{"floor":32,"key":"REST"}],"neow_cost":"","seed_source_timestamp":752397387719531,"circlet_count":0,"master_deck":["Defend_B","Defend_B+1","Defend_B","Defend_B","Zap","Dualcast+1","Sweeping Beam","Doom and Gloom","Genetic Algorithm+1","Conserve Battery","Blizzard","Coolheaded","Loop+1","Machine Learning+1","Stack+1","Creative AI","Auto Shields+1","Bite","Bite","Bite","Bite","Bite","Auto Shields","Leap","Leap","Fusion","Redo","Stack","All For One","Ball Lightning+1","Redo+1"],"relics":["Cracked Core","Pantograph","Torii","Philosopher\u0027s Stone","Thread and Needle","War Paint","Incense Burner","Nuclear Battery"],"potions_floor_usage":[16,16,29,29,29,33],"damage_taken":[{"damage":7,"enemies":"Small Slimes","floor":1,"turns":3},{"damage":0,"enemies":"Jaw Worm","floor":2,"turns":4},{"damage":8,"enemies":"Cultist","floor":7,"turns":4},{"damage":11,"enemies":"Exordium Wildlife","floor":10,"turns":4},{"damage":14,"enemies":"Large Slime","floor":11,"turns":7},{"damage":3,"enemies":"Exordium Thugs","floor":12,"turns":5},{"damage":1,"enemies":"Looter","floor":14,"turns":4},{"damage":13,"enemies":"Slime Boss","floor":16,"turns":6},{"damage":22,"enemies":"Spheric Guardian","floor":18,"turns":6},{"damage":11,"enemies":"Shell Parasite","floor":22,"turns":9},{"damage":54,"enemies":"Cultist and Chosen","floor":27,"turns":10},{"damage":0,"enemies":"Snecko","floor":28,"turns":10},{"damage":12,"enemies":"Chosen and Byrds","floor":29,"turns":9},{"damage":27,"enemies":"Snake Plant","floor":30,"turns":6},{"damage":17,"enemies":"Automaton","floor":33,"turns":12},{"damage":11,"enemies":"3 Shapes","floor":35,"turns":6},{"damage":0,"enemies":"Orb Walker","floor":36,"turns":5},{"damage":56,"enemies":"Maw","floor":37,"turns":10}],"seed_played":"-2817076828942527297","potions_obtained":[{"floor":1,"key":"Poison Potion"},{"floor":8,"key":"Swift Potion"},{"floor":8,"key":"Dexterity Potion"},{"floor":12,"key":"LiquidBronze"},{"floor":14,"key":"Regen Potion"},{"floor":27,"key":"Swift Potion"},{"floor":28,"key":"EssenceOfSteel"},{"floor":30,"key":"Ancient Potion"}],"is_trial":false,"path_per_floor":["M","M","$","?","T","R","M","?","T","M","M","M","R","M","R","B",null,"M","?","?","$","M","R","$","R","T","M","M","M","M","?","R","B",null,"M","M"],"character_chosen":"DEFECT","items_purchased":["Genetic Algorithm","Conserve Battery","Auto Shields"],"campfire_rested":2,"item_purchase_floors":[3,3,21],"current_hp_per_floor":[68,68,68,68,68,68,60,60,60,49,35,32,54,53,53,71,75,53,53,52,52,52,52,52,52,52,8,16,16,1,1,16,44,52,45,51,0],"gold":277,"neow_bonus":"","is_prod":false,"is_daily":false,"chose_seed":false,"campfire_upgraded":4,"win_rate":0.0,"timestamp":1530267615,"path_taken":["M","M","$","?","?","R","M","?","T","M","M","?","R","M","R","BOSS","M","?","?","$","M","R","$","R","T","M","M","M","M","?","R","BOSS","M","M","M"],"build_version":"2018-06-28","purchased_purges":0,"victory":false,"max_hp_per_floor":[75,75,75,75,75,75,75,75,75,75,75,75,75,75,75,75,75,75,75,52,52,52,52,52,52,52,52,52,52,52,52,52,52,52,52,52,52],"card_choices":[{"not_picked":["Reprogram","Go for the Eyes"],"picked":"Sweeping Beam","floor":1},{"not_picked":["Defragment","Genetic Algorithm"],"picked":"Doom and Gloom","floor":2},{"not_picked":["Steam","Reprogram"],"picked":"Blizzard","floor":7},{"not_picked":["Leap","Melter"],"picked":"Coolheaded","floor":10},{"not_picked":["Compile Driver","Coolheaded"],"picked":"Loop","floor":11},{"not_picked":["Ball Lightning","Steam"],"picked":"Machine Learning","floor":12},{"not_picked":["Chaos","Heatsinks"],"picked":"Stack","floor":14},{"not_picked":["Reboot","Amplify"],"picked":"Creative AI","floor":16},{"not_picked":["Cold Snap","Beam Cell+1"],"picked":"Auto Shields+1","floor":18},{"not_picked":["Sweeping Beam","Stack"],"picked":"Leap","floor":22},{"not_picked":["Beam Cell","Cold Snap"],"picked":"Leap","floor":27},{"not_picked":["Gash+1","Machine Learning"],"picked":"Fusion","floor":28},{"not_picked":["Barrage+1","Leap+1"],"picked":"Redo","floor":29},{"not_picked":["Coolheaded","Heatsinks"],"picked":"Stack","floor":30},{"not_picked":["Rainbow","Multi-Cast"],"picked":"All For One","floor":33},{"not_picked":["Rip and Tear","Coolheaded+1"],"picked":"Ball Lightning+1","floor":35},{"not_picked":["Go for the Eyes+1","Gash"],"picked":"Redo+1","floor":36}],"player_experience":6140,"relics_obtained":[{"floor":5,"key":"Pantograph"},{"floor":9,"key":"Torii"},{"floor":26,"key":"War Paint"}],"event_choices":[{"event_name":"The Cleric","player_choice":"Leave","floor":4,"damage_taken":0},{"event_name":"The Lab","player_choice":"Got Potions","floor":8,"damage_taken":0},{"event_name":"The Mausoleum","player_choice":"Yes","floor":19,"damage_taken":0},{"event_name":"Vampires","player_choice":"Became a vampire","floor":20,"damage_taken":0},{"event_name":"Addict","player_choice":"Obtained Relic","floor":31,"damage_taken":0}],"boss_relics":[{"not_picked":["Eternal Feather","Busted Crown"],"picked":"Philosopher\u0027s Stone"},{"not_picked":["Inserter","Calling Bell"],"picked":"Nuclear Battery"}],"items_purged_floors":[],"is_endless":false,"potions_floor_spawned":[1,10,12,14,27,28,30],"killed_by":"Maw","ascension_level":0}