{"gold_per_floor":[113,131,146,162,54,54,71,71,94,27,47,58,58,58,58,163,163,179,193,23,23,41,41,71,71],"floor_reached":25,"playtime":1160,"items_purged":["Strike_G"],"score":215,"play_id":"a93f28e6-c72c-43bc-998e-ea803ad4f2ad","local_time":"20190415231153","is_ascension_mode":false,"campfire_choices":[{"data":"Corpse Explosion","floor":6,"key":"SMITH"},{"data":"Noxious Fumes","floor":8,"key":"SMITH"},{"data":"Dash","floor":13,"key":"SMITH"},{"data":"Glass Knife","floor":15,"key":"SMITH"},{"floor":23,"key":"REST"}],"neow_cost":"NONE","seed_source_timestamp":447771614440705,"circlet_count":0,"master_deck":["Defend_G","Defend_G","Defend_G","Defend_G","Strike_G","Strike_G","Survivor","Neutralize","Dash+1","Slice","Prepared","Corpse Explosion+1","Predator","Noxious Fumes+1","Flying Knee","Bane","Poisoned Stab","PiercingWail","Blade Dance","Glass Knife+1","Envenom","Predator","Bane","Bane","Flying Knee","Corpse Explosion","Crippling Poison","Underhanded Strike","Unload","Blade Dance","Terror","Choke","Backstab+1","Tools of the Trade"],"relics":["Ring of the Snake","NeowsBlessing","Smiling Mask","Orrery","Vajra"],"potions_floor_usage":[22,25],"damage_taken":[{"damage":0,"enemies":"Cultist","floor":1,"turns":1},{"damage":0,"enemies":"2 Louse","floor":2,"turns":1},{"damage":0,"enemies":"Jaw Worm","floor":3,"turns":1},{"damage":5,"enemies":"Large Slime","floor":4,"turns":8},{"damage":6,"enemies":"Blue Slaver","floor":7,"turns":3},{"damage":9,"enemies":"3 Louse","floor":11,"turns":2},{"damage":10,"enemies":"Looter","floor":12,"turns":2},{"damage":3,"enemies":"Slime Boss","floor":16,"turns":5},{"damage":27,"enemies":"2 Thieves","floor":18,"turns":5},{"damage":10,"enemies":"Chosen","floor":19,"turns":4},{"damage":0,"enemies":"3 Cultists","floor":22,"turns":3},{"damage":53,"enemies":"Book of Stabbing","floor":24,"turns":5},{"damage":14,"enemies":"Centurion and Healer","floor":25,"turns":2}],"seed_played":"3289685946302949405","potions_obtained":[{"floor":1,"key":"LiquidBronze"},{"floor":4,"key":"SpeedPotion"},{"floor":7,"key":"Fire Potion"}],"is_trial":false,"path_per_floor":["M","M","M","M","$","R","M","R","T","$","M","M","R","?","R","B",null,"M","M","$","?","M","R","E","M"],"character_chosen":"THE_SILENT","items_purchased":["Predator","Noxious Fumes","Bane","Poisoned Stab","Unload","Blade Dance"],"campfire_rested":1,"item_purchase_floors":[5,5,10,10,20,20],"current_hp_per_floor":[70,70,70,65,65,65,59,59,59,59,50,40,40,40,40,37,70,43,33,33,33,33,54,1,0],"gold":71,"neow_bonus":"THREE_ENEMY_KILL","is_prod":false,"is_daily":false,"chose_seed":false,"campfire_upgraded":4,"win_rate":0.0,"timestamp":1555384313,"path_taken":["M","M","M","M","$","R","M","R","T","?","M","?","R","?","R","BOSS","M","M","$","?","M","R","E","M"],"build_version":"2019-01-23","purchased_purges":1,"victory":false,"max_hp_per_floor":[70,70,70,70,70,70,70,70,70,70,70,70,70,70,70,70,70,70,70,70,70,70,70,70,70],"card_choices":[{"not_picked":["Deadly Poison","Blur"],"picked":"Dash","floor":1},{"not_picked":["Deadly Poison","Deflect"],"picked":"Slice","floor":2},{"not_picked":["Sucker Punch","Footwork"],"picked":"Prepared","floor":3},{"not_picked":["Blade Dance","Underhanded Strike"],"picked":"Corpse Explosion","floor":4},{"not_picked":["Poisoned Stab","Deflect"],"picked":"Flying Knee","floor":7},{"not_picked":["Deflect","Dodge and Roll"],"picked":"PiercingWail","floor":11},{"not_picked":["Slice","Quick Slash"],"picked":"Blade Dance","floor":12},{"not_picked":["Malaise","Corpse Explosion"],"picked":"Envenom","floor":16},{"not_picked":["Escape Plan","Distraction"],"picked":"Predator","floor":17},{"not_picked":["Slice","Blade Dance"],"picked":"Bane","floor":17},{"not_picked":["Deflect","Distraction"],"picked":"Bane","floor":17},{"not_picked":["Prepared","Dodge and Roll"],"picked":"Flying Knee","floor":17},{"not_picked":["Acrobatics","Slice"],"picked":"Corpse Explosion","floor":17},{"not_picked":["Sucker Punch+1","Slice"],"picked":"Crippling Poison","floor":18},{"not_picked":["Prepared","Blur"],"picked":"Underhanded Strike","floor":19},{"not_picked":["Infinite Blades+1","Predator"],"picked":"Backstab+1","floor":22},{"not_picked":["Masterful Stab","Outmaneuver"],"picked":"Tools of the Trade","floor":24}],"player_experience":28881,"relics_obtained":[{"floor":9,"key":"Smiling Mask"},{"floor":24,"key":"Vajra"}],"event_choices":[{"damage_healed":0,"gold_gain":0,"cards_transformed":["Defend_G"],"player_choice":"Change","damage_taken":0,"max_hp_gain":0,"max_hp_loss":0,"event_name":"Living Wall","floor":14,"gold_loss":0,"cards_obtained":["Glass Knife"]},{"damage_healed":0,"gold_gain":0,"cards_transformed":["Strike_G","Strike_G"],"player_choice":"Became Test Subject","damage_taken":0,"max_hp_gain":0,"max_hp_loss":0,"event_name":"Drug Dealer","floor":21,"gold_loss":0,"cards_obtained":["Terror","Choke"]}],"is_beta":false,"boss_relics":[{"not_picked":["White Beast Statue","Black Star"],"picked":"Orrery"}],"items_purged_floors":[20],"is_endless":false,"potions_floor_spawned":[1,4,7,19],"killed_by":"Centurion and Healer","ascension_level":0}