{"gold_per_floor":[109,124,29,104,121,121,134,134,157,171,136,32,32,48,48,145,145,155,155,167,178,178,178,212,212,264,363,389,405,405,2,2,106,106,125,141,141,153,166,166,166,166,166,166,180,194,194],"floor_reached":47,"playtime":3689,"items_purged":[],"score":487,"play_id":"afe5857c-553b-4969-b9c6-af19f492e942","local_time":"20190117161500","is_ascension_mode":false,"campfire_choices":[{"data":"Neutralize","floor":6.0,"key":"SMITH"},{"data":"Survivor","floor":8.0,"key":"SMITH"},{"data":"Footwork","floor":15.0,"key":"SMITH"},{"data":"Sucker Punch","floor":23,"key":"SMITH"},{"data":"Malaise","floor":25,"key":"SMITH"},{"data":"Footwork","floor":30,"key":"SMITH"},{"floor":32,"key":"REST"},{"data":"Bouncing Flask","floor":40,"key":"SMITH"},{"data":"Panache","floor":44,"key":"SMITH"}],"neow_cost":"NONE","seed_source_timestamp":1027743113463285,"circlet_count":0,"master_deck":["Defend_G","Defend_G","Defend_G","Defend_G","Strike_G","Strike_G","Strike_G","Strike_G","Survivor+1","Neutralize+1","Die Die Die","Blade Dance","Underhanded Strike","Footwork+1","Quick Slash","Dagger Spray","Footwork+1","Deflect","Sucker Punch+1","All Out Attack","Predator","Malaise+1","Backflip+1","Iron Wave","PiercingWail","Shame","Prepared","Deflect","Caltrops","Panache+1","Acrobatics","Burst","Bouncing Flask+1","Slice+1","Deflect+1","Writhe","A Thousand Cuts","Backstab"],"special_seed":0,"relics":["Ring of the Snake","Snake Skull","Sozu","Strawberry","Regal Pillow","Blood Vial","Bag of Preparation","Boot","Lizard Tail","Pantograph","Shovel"],"potions_floor_usage":[33],"damage_taken":[{"damage":0.0,"enemies":"Cultist","floor":1.0,"turns":4.0},{"damage":0.0,"enemies":"Small Slimes","floor":2.0,"turns":2.0},{"damage":0.0,"enemies":"Jaw Worm","floor":5.0,"turns":3.0},{"damage":0.0,"enemies":"Large Slime","floor":7.0,"turns":6.0},{"damage":4.0,"enemies":"Exordium Wildlife","floor":10.0,"turns":3.0},{"damage":7.0,"enemies":"Exordium Thugs","floor":14.0,"turns":4.0},{"damage":19.0,"enemies":"Slime Boss","floor":16.0,"turns":8.0},{"damage":2.0,"enemies":"Spheric Guardian","floor":18.0,"turns":3.0},{"damage":0.0,"enemies":"Shell Parasite","floor":20.0,"turns":5.0},{"damage":17.0,"enemies":"Snake Plant","floor":21.0,"turns":8.0},{"damage":29,"enemies":"Book of Stabbing","floor":24,"turns":10},{"damage":1,"enemies":"Snecko","floor":29,"turns":7},{"damage":56,"enemies":"Collector","floor":33,"turns":12},{"damage":42,"enemies":"3 Shapes","floor":35,"turns":7},{"damage":21,"enemies":"3 Darklings","floor":36,"turns":5},{"damage":0,"enemies":"Maw","floor":38,"turns":9},{"damage":31,"enemies":"Sphere and 2 Shapes","floor":39,"turns":7},{"damage":56,"enemies":"Transient","floor":45,"turns":5},{"damage":17,"enemies":"3 Darklings","floor":46,"turns":6},{"damage":23,"enemies":"Maw","floor":47,"turns":7}],"seed_played":"5810324598740818324","potions_obtained":[{"floor":5.0,"key":"Poison Potion"},{"floor":14.0,"key":"Explosive Potion"},{"floor":16.0,"key":"LiquidBronze"}],"is_trial":false,"path_per_floor":["M","M","$","?","M","R","M","R","T","M","?","$","?","M","R","B",null,"M","?","M","M","?","R","E","R","T","?","T","M","R","$","R","B",null,"M","M","?","M","M","R","?","T","T","R","M","M","M"],"character_chosen":"THE_SILENT","items_purchased":["Footwork","Quick Slash","Sucker Punch","All Out Attack","Caltrops","Boot","Panache","Acrobatics"],"campfire_rested":1,"item_purchase_floors":[3,3,12,12,31,31,31,31],"current_hp_per_floor":[70,70,70,59,59,59,59,59,59,55,70,70,63,56,56,37,70,68,68,68,51,58,58,29,29,29,29,29,30,30,30,68,14,77,35,16,67,67,36,36,53,53,53,53,33,18,0],"gold":194,"neow_bonus":"ONE_RANDOM_RARE_CARD","is_prod":false,"is_daily":false,"chose_seed":false,"campfire_upgraded":8,"win_rate":0.0,"timestamp":1547738100,"path_taken":["M","M","$","?","M","R","M","R","T","M","?","?","?","M","R","BOSS","M","?","?","?","?","R","E","R","T","?","?","?","R","$","R","BOSS","M","M","?","M","M","R","?","?","T","R","?","M","M"],"build_version":"2018-12-20","purchased_purges":0,"victory":false,"max_hp_per_floor":[70,70,70,70,70,70,70,70,70,70,70,70,70,70,70,70,70,70,70,70,70,77,77,77,77,77,77,77,77,77,77,77,77,77,77,77,67,67,67,67,67,67,67,67,67,67,67],"card_choices":[{"not_picked":["Dagger Throw","Infinite Blades"],"picked":"Blade Dance","floor":1.0},{"not_picked":["Deadly Poison","Deflect"],"picked":"Underhanded Strike","floor":2.0},{"not_picked":["Choke","Dodge and Roll"],"picked":"Dagger Spray","floor":5.0},{"not_picked":["Reflex","Tactician"],"picked":"Footwork","floor":7.0},{"not_picked":["Backflip","Dagger Throw"],"picked":"Deflect","floor":10.0},{"not_picked":["Infinite Blades","Deflect"],"picked":"Predator","floor":14.0},{"not_picked":["Venomology","Night Terror"],"picked":"Malaise","floor":16.0},{"not_picked":["Dagger Throw","Deflect"],"picked":"Backflip+1","floor":18.0},{"not_picked":["Blade Dance","Deadly Poison"],"picked":"PiercingWail","floor":20.0},{"not_picked":["Deadly Poison","Quick Slash","Malaise"],"picked":"SKIP","floor":21.0},{"not_picked":["Quick Slash","Outmaneuver"],"picked":"Prepared","floor":24},{"not_picked":["Tactician","Outmaneuver"],"picked":"Deflect","floor":29},{"not_picked":["Wraith Form v2","Malaise"],"picked":"Burst","floor":33},{"not_picked":["Choke","Flying Knee"],"picked":"Bouncing Flask","floor":35},{"not_picked":["Prepared","Underhanded Strike+1"],"picked":"Slice+1","floor":36},{"not_picked":["Dodge and Roll","Acrobatics+1"],"picked":"Deflect+1","floor":38},{"not_picked":["Acrobatics","Underhanded Strike","Dash"],"picked":"SKIP","floor":39},{"not_picked":["Slice","Distraction+1"],"picked":"A Thousand Cuts","floor":45},{"not_picked":["Dagger Throw","Underhanded Strike"],"picked":"Backstab","floor":46}],"player_experience":48858,"relics_obtained":[{"floor":9.0,"key":"Snake Skull"},{"floor":24,"key":"Regal Pillow"},{"floor":26,"key":"Blood Vial"},{"floor":28,"key":"Bag of Preparation"},{"floor":42,"key":"Pantograph"},{"floor":43,"key":"Shovel"}],"event_choices":[{"damage_healed":0.0,"max_hp_gain":0.0,"max_hp_loss":0.0,"gold_gain":75.0,"event_name":"World of Goop","player_choice":"Gather Gold","floor":4.0,"gold_loss":0.0,"damage_taken":11.0},{"damage_healed":17.0,"max_hp_gain":0.0,"max_hp_loss":0.0,"gold_gain":0.0,"event_name":"The Cleric","player_choice":"Healed","floor":11.0,"gold_loss":35.0,"damage_taken":0.0},{"cards_removed":["Strike_G"],"damage_healed":0.0,"max_hp_gain":0.0,"max_hp_loss":0.0,"gold_gain":0.0,"event_name":"Golden Wing","player_choice":"Card Removal","floor":13.0,"gold_loss":0.0,"damage_taken":7.0},{"cards_removed":["Defend_G"],"damage_healed":0.0,"max_hp_gain":0.0,"max_hp_loss":0.0,"gold_gain":0.0,"event_name":"NoteForYourself","player_choice":"Took Card","floor":19.0,"gold_loss":0.0,"damage_taken":0.0,"cards_obtained":["Iron Wave"]},{"damage_healed":0,"gold_gain":0,"player_choice":"Stole Relic","damage_taken":0,"relics_obtained":["Strawberry"],"max_hp_gain":0,"max_hp_loss":0,"event_name":"Addict","floor":22,"gold_loss":0,"cards_obtained":["Shame"]},{"damage_healed":0,"gold_gain":99,"player_choice":"Stole From Cult","damage_taken":0,"max_hp_gain":0,"max_hp_loss":0,"event_name":"Nest","floor":27,"gold_loss":0},{"damage_healed":67,"gold_gain":0,"player_choice":"Heal","damage_taken":0,"max_hp_gain":0,"max_hp_loss":10,"event_name":"The Moai Head","floor":37,"gold_loss":0},{"damage_healed":17,"gold_gain":0,"player_choice":"Writhe","damage_taken":0,"max_hp_gain":0,"max_hp_loss":0,"event_name":"Winding Halls","floor":41,"gold_loss":0,"cards_obtained":["Writhe"]}],"is_beta":false,"boss_relics":[{"not_picked":["Orrery","Busted Crown"],"picked":"Sozu"},{"not_picked":["Cursed Key","Fusion Hammer"],"picked":"Lizard Tail"}],"items_purged_floors":[],"is_endless":false,"potions_floor_spawned":[5,14,16,20,24,33,35,36,39,45],"killed_by":"Maw","ascension_level":0}