{"path_per_floor":["M","?","M","$","M","E","?","R","T","E","R","M","?","M","R","B",null,"M","?","?","M","M","R","E","M","T"],"character_chosen":"IRONCLAD","items_purchased":["Rupture"],"gold_per_floor":[112,112,126,17,27,57,27,27,27,60,60,77,77,88,88,191,191,207,207,122,108,121,121,156,170,170],"floor_reached":27,"campfire_rested":1,"playtime":4524,"current_hp_per_floor":[72,58,60,60,59,41,41,41,41,18,18,19,19,25,46,33,72,68,68,68,63,56,56,20,13,13],"items_purged":["Strike_R"],"gold":170,"score":243,"play_id":"bccf278d-7e48-4147-a666-1966bc98c4e2","is_prod":false,"is_daily":false,"is_ascension_mode":false,"campfire_upgraded":3,"path_taken":["M","?","M","?","?","E","?","R","T","E","R","M","?","M","R","BOSS","M","?","?","M","M","R","E","M","T","M"],"build_version":"2018-02-15-PROD1","purchased_purges":1,"victory":false,"master_deck":["Strike_R","Strike_R","Defend_R","Defend_R","Defend_R+1","Defend_R","Bash","Bloodletting+1","Dark Embrace","Warcry","Metallicize+1","Rupture","Metallicize+1","Limit Break+1","Shrug It Off","Feed","Feed","Metallicize+1","Infernal Blade+1","Shockwave","Juggernaut+1"],"max_hp_per_floor":[72,72,72,72,72,72,72,72,72,72,72,72,72,72,72,72,72,75,75,75,75,78,78,81,87,87],"relics":["Burning Blood","Frozen Egg 2","Pantograph","Mercury Hourglass","Question Card","Ornamental Fan","Gambling Chip","Unceasing Top"],"card_choices":[{"not_picked":["Sword Boomerang","Thunderclap"],"picked":"Warcry"},{"not_picked":["Heavy Blade","Sword Boomerang"],"picked":"Metallicize"},{"not_picked":["Flex","Rage"],"picked":"Metallicize"},{"not_picked":["Heavy Blade","Cleave"],"picked":"Limit Break"},{"not_picked":["Anger","Warcry"],"picked":"Shrug It Off"},{"not_picked":["Shrug It Off","Headbutt"],"picked":"Feed"},{"not_picked":["Double Tap","Impervious"],"picked":"Feed"},{"not_picked":["Dropkick","Flex","Thunderclap"],"picked":"Infernal Blade"},{"not_picked":["Pommel Strike","Battle Trance","Uppercut"],"picked":"Shockwave"},{"not_picked":["Cleave","Reckless Charge","Rage"],"picked":"Juggernaut"}],"player_experience":46740,"potions_floor_usage":[16,16,24,24,27,27,27],"damage_taken":[{"damage":1,"enemies":"Cultist","floor":1,"turns":3},{"damage":4,"enemies":"Jaw Worm","floor":3,"turns":5},{"damage":7,"enemies":"2 Louse","floor":5,"turns":4},{"damage":24,"enemies":"3 Sentries","floor":6,"turns":16},{"damage":29,"enemies":"Lagavulin","floor":10,"turns":8},{"damage":5,"enemies":"Red Slaver","floor":12,"turns":6},{"damage":0,"enemies":"3 Louse","floor":14,"turns":3},{"damage":44,"enemies":"Slime Boss","floor":16,"turns":15},{"damage":13,"enemies":"Shell Parasite","floor":18,"turns":9},{"damage":11,"enemies":"2 Thieves","floor":21,"turns":4},{"damage":16,"enemies":"Snecko","floor":22,"turns":7},{"damage":45,"enemies":"Slavers","floor":24,"turns":8},{"damage":19,"enemies":"3 Cultists","floor":25,"turns":7},{"damage":19,"enemies":"Cultist and Chosen","floor":27,"turns":4}],"event_choices":[{"event_name":"Shining Light","player_choice":"Entered Light","floor":2,"damage_taken":0},{"event_name":"The Woman in Blue","player_choice":"Bought 2 Potions","floor":7,"damage_taken":0},{"event_name":"Accursed Blacksmith","player_choice":"Forge","floor":13,"damage_taken":0},{"event_name":"The Library","player_choice":"Read","floor":19,"damage_taken":0},{"event_name":"Addict","player_choice":"Obtained Relic","floor":20,"damage_taken":0}],"boss_relics":[{"not_picked":["Black Star","Lizard Tail"],"picked":"Question Card"}],"potions_floor_spawned":[3,12,14,16,21,24,25],"seed_played":"6003520321571594295","killed_by":"Cultist and Chosen","ascension_level":0,"is_trial":false}