{"gold_per_floor":[11,30,50,66,341,375,375,375,426,456,32,47,79,79,79,156,156,172,20,20,38,38,65,65,65,65,65,83,99,99,99,99,175,175,194,205,205,216,216,216,568,581,581,581,581],"floor_reached":45,"playtime":3769,"items_purged":["Regret","Strike_G"],"score":906,"play_id":"4154537a-3b07-43cf-8c32-8522b52c27aa","local_time":"20180828143444","is_ascension_mode":true,"campfire_choices":[{"data":"Neutralize","floor":7.0,"key":"SMITH"},{"floor":15.0,"key":"REST"},{"data":"Malaise","floor":24.0,"key":"SMITH"},{"data":"Terror","floor":27.0,"key":"SMITH"},{"data":"Footwork","floor":30.0,"key":"SMITH"},{"data":"Poisoned Stab","floor":32.0,"key":"SMITH"},{"data":"Survivor","floor":40.0,"key":"SMITH"},{"data":"After Image","floor":44,"key":"SMITH"}],"neow_cost":"NO_GOLD","seed_source_timestamp":0,"circlet_count":0,"master_deck":["Defend_G","Defend_G","Defend_G","Strike_G","Strike_G","Strike_G","Strike_G","Survivor+1","Neutralize+1","AscendersBane","Infinite Blades","Blur","Poisoned Stab+1","Blur","Terror+1","Backflip","Cloak And Dagger","Footwork+1","Well Laid Plans","Cloak And Dagger","Malaise+1","Poisoned Stab+1","Well Laid Plans+1","Caltrops+1","Deadly Poison","Deadly Poison","Deflect","Writhe","After Image+1","Deadly Poison","Sucker Punch+1","Mind Blast+1","Writhe","Poisoned Stab+1"],"special_seed":0,"relics":["Ring of the Snake","Molten Egg 2","Potion Belt","Bag of Preparation","Strawberry","Gambling Chip","Coffee Dripper","Blood Vial","Oddly Smooth Stone","Ornamental Fan","Happy Flower","Velvet Choker","Old Coin","Turnip"],"potions_floor_usage":[45],"damage_taken":[{"damage":0.0,"enemies":"2 Louse","floor":1.0,"turns":4.0},{"damage":0.0,"enemies":"Cultist","floor":2.0,"turns":4.0},{"damage":0.0,"enemies":"Small Slimes","floor":3.0,"turns":4.0},{"damage":3.0,"enemies":"Blue Slaver","floor":4.0,"turns":5.0},{"damage":33.0,"enemies":"3 Sentries","floor":6.0,"turns":10.0},{"damage":36.0,"enemies":"Lagavulin","floor":10.0,"turns":8.0},{"damage":8.0,"enemies":"Exordium Wildlife","floor":12.0,"turns":8.0},{"damage":0.0,"enemies":"3 Sentries","floor":13.0,"turns":11.0},{"damage":13.0,"enemies":"The Guardian","floor":16.0,"turns":15.0},{"damage":3.0,"enemies":"Chosen","floor":18.0,"turns":9.0},{"damage":9.0,"enemies":"Shell Parasite","floor":21.0,"turns":6.0},{"damage":8.0,"enemies":"Book of Stabbing","floor":23.0,"turns":6.0},{"damage":5.0,"enemies":"Shelled Parasite and Fungi","floor":28.0,"turns":6.0},{"damage":1.0,"enemies":"Centurion and Healer","floor":29.0,"turns":7.0},{"damage":7.0,"enemies":"Automaton","floor":33.0,"turns":13.0},{"damage":2.0,"enemies":"Orb Walker","floor":35.0,"turns":5.0},{"damage":35.0,"enemies":"3 Darklings","floor":36.0,"turns":7.0},{"damage":3.0,"enemies":"Transient","floor":38.0,"turns":6.0},{"damage":20.0,"enemies":"Mysterious Sphere","floor":41.0,"turns":7.0},{"damage":11,"enemies":"Maw","floor":42,"turns":10},{"damage":46,"enemies":"Flame Bruiser 2 Orb","floor":45,"turns":7}],"seed_played":"2935936980916197305","potions_obtained":[{"floor":3.0,"key":"PowerPotion"},{"floor":6.0,"key":"FairyPotion"},{"floor":13.0,"key":"EssenceOfSteel"},{"floor":16.0,"key":"Strength Potion"},{"floor":21.0,"key":"AttackPotion"},{"floor":23.0,"key":"FearPotion"},{"floor":33.0,"key":"AttackPotion"},{"floor":35.0,"key":"LiquidBronze"},{"floor":38.0,"key":"Block Potion"}],"is_trial":false,"path_per_floor":["M","M","M","M","?","E","R","?","T","E","$","M","E","?","R","B",null,"M","$","?","M","?","E","R","?","T","R","M","M","R","?","R","B",null,"M","M","?","M","?","R","?","M","T","R"],"character_chosen":"THE_SILENT","items_purchased":["Strawberry","Cloak And Dagger","Footwork","Block Potion","Poisoned Stab+1"],"campfire_rested":1,"item_purchase_floors":[11,11,11,11,19],"current_hp_per_floor":[59,59,59,56,56,23,23,39,39,3,10,2,2,2,23,10,55,52,52,52,43,43,37,37,37,37,37,34,35,35,35,35,30,60,60,27,27,26,40,40,22,13,13,13,0],"gold":581,"neow_bonus":"THREE_RARE_CARDS","is_prod":false,"is_daily":false,"chose_seed":false,"campfire_upgraded":7,"win_rate":0,"timestamp":1535492084,"path_taken":["M","M","M","M","?","E","R","?","T","E","$","M","E","?","R","BOSS","M","$","?","M","?","E","R","?","T","R","M","?","R","?","R","BOSS","M","M","?","M","?","R","?","M","T","R","?"],"build_version":"2018-08-23v2","purchased_purges":2,"victory":false,"max_hp_per_floor":[66,66,66,66,66,66,66,66,66,66,73,73,73,70,70,70,70,70,70,70,70,70,70,70,70,70,70,70,70,70,70,70,70,70,70,70,70,70,70,70,70,70,70,70,70],"card_choices":[{"not_picked":["Burst","Phantasmal Killer"],"picked":"Adrenaline","floor":0.0},{"not_picked":["Deflect","Caltrops"],"picked":"Infinite Blades","floor":1.0},{"not_picked":["Flying Knee","Flechettes"],"picked":"Blur","floor":2.0},{"not_picked":["Quick Slash","Concentrate"],"picked":"Poisoned Stab","floor":3.0},{"not_picked":["Heel Hook","Outmaneuver"],"picked":"Blur","floor":4.0},{"not_picked":["Acrobatics","Choke"],"picked":"Terror","floor":6.0},{"not_picked":["Quick Slash+1","Well Laid Plans"],"picked":"Backflip","floor":10.0},{"not_picked":["Flying Knee+1","Tactician"],"picked":"Well Laid Plans","floor":12.0},{"not_picked":["Escape Plan","Blade Dance"],"picked":"Cloak And Dagger","floor":13.0},{"not_picked":["Wraith Form v2","Storm of Steel"],"picked":"Malaise","floor":16.0},{"not_picked":["Well Laid Plans","Prepared","Acrobatics"],"picked":"SKIP","floor":18.0},{"not_picked":["Accuracy","Choke+1"],"picked":"Deadly Poison","floor":21.0},{"not_picked":["Outmaneuver","Slice+1","Bane+1"],"picked":"SKIP","floor":23.0},{"not_picked":["Prepared","Heel Hook+1"],"picked":"Deadly Poison","floor":28.0},{"not_picked":["Bullet Time","Terror"],"picked":"Deflect","floor":29.0},{"not_picked":["Grand Finale+1","Burst"],"picked":"After Image","floor":33.0},{"not_picked":["Blade Dance","Eviscerate+1"],"picked":"Deadly Poison","floor":35.0},{"not_picked":["Finisher+1","Outmaneuver"],"picked":"Sucker Punch+1","floor":36.0},{"not_picked":["Trip","Bandage Up"],"picked":"Mind Blast+1","floor":37.0},{"not_picked":["Noxious Fumes+1","PiercingWail","Prepared"],"picked":"SKIP","floor":38.0},{"not_picked":["PiercingWail","Flying Knee+1"],"picked":"Poisoned Stab+1","floor":42}],"player_experience":812444,"relics_obtained":[{"floor":6.0,"key":"Molten Egg 2"},{"floor":9.0,"key":"Potion Belt"},{"floor":10.0,"key":"Bag of Preparation"},{"floor":13.0,"key":"Gambling Chip"},{"floor":23.0,"key":"Oddly Smooth Stone"},{"floor":26.0,"key":"Ornamental Fan"},{"floor":41.0,"key":"Old Coin"},{"floor":43,"key":"Turnip"}],"event_choices":[{"event_name":"Golden Shrine","player_choice":"Desecrate","floor":5.0,"damage_taken":0.0},{"event_name":"Mushrooms","player_choice":"Healed and dodged fight","floor":8.0,"damage_taken":0.0},{"event_name":"Living Wall","player_choice":"Forget","floor":14.0,"damage_taken":0.0},{"event_name":"Drug Dealer","player_choice":"Became Test Subject","floor":20.0,"damage_taken":0.0},{"event_name":"Accursed Blacksmith","player_choice":"Rummage","floor":22.0,"damage_taken":0.0},{"event_name":"Purifier","player_choice":"One Purge","floor":25.0,"damage_taken":0.0},{"event_name":"The Mausoleum","player_choice":"Yes","floor":31.0,"damage_taken":0.0},{"event_name":"SensoryStone","player_choice":"Memory 1","floor":37.0,"damage_taken":0.0},{"event_name":"Winding Halls","player_choice":"Writhe","floor":39.0,"damage_taken":0.0},{"event_name":"Mysterious Sphere","player_choice":"Fight","floor":41.0,"damage_taken":0.0}],"is_beta":false,"boss_relics":[{"not_picked":["Orrery","HoveringKite"],"picked":"Coffee Dripper"},{"not_picked":["Lizard Tail","Astrolabe"],"picked":"Velvet Choker"}],"items_purged_floors":[11,19],"is_endless":false,"potions_floor_spawned":[3,6,13,16,21,23,33,35,38],"killed_by":"Flame Bruiser 2 Orb","ascension_level":17}