{"gold_per_floor":[110,35,35,35,54,85,85,125,148,148,164,64,84,103,103,232,232,250,269,68,82,106,140,140,165,188,208,222,72,72,91,91,91],"floor_reached":33,"playtime":1701,"items_purged":["Strike_G","Defend_G","Defend_G","Strike_G"],"score":295,"play_id":"9ab4468d-6399-4075-abf9-6c9bbfef1526","local_time":"20190418183544","is_ascension_mode":true,"campfire_choices":[{"data":"Finisher","floor":10,"key":"SMITH"},{"floor":15,"key":"REST"},{"floor":24,"key":"REST"},{"floor":30,"key":"REST"},{"data":"Phantasmal Killer","floor":32,"key":"SMITH"}],"neow_cost":"NONE","seed_source_timestamp":689862534607969,"circlet_count":0,"master_deck":["Defend_G+1","Defend_G+1","Strike_G","Strike_G","Strike_G","Survivor","Neutralize","Slice","Finisher+1","Flying Knee","Blade Dance","Endless Agony","Phantasmal Killer+1","Cloak And Dagger","Backflip"],"relics":["Ring of the Snake","Golden Idol","War Paint","Potion Belt","Bag of Marbles","WristBlade","Kunai"],"potions_floor_usage":[16,16,16,23,23,23,23,33,33,33],"damage_taken":[{"damage":5,"enemies":"2 Louse","floor":1,"turns":2},{"damage":12,"enemies":"Jaw Worm","floor":5,"turns":6},{"damage":17,"enemies":"3 Sentries","floor":6,"turns":8},{"damage":10,"enemies":"Gremlin Nob","floor":8,"turns":4},{"damage":0,"enemies":"Cultist","floor":11,"turns":1},{"damage":4,"enemies":"Exordium Thugs","floor":13,"turns":2},{"damage":1,"enemies":"Red Slaver","floor":14,"turns":2},{"damage":34,"enemies":"Slime Boss","floor":16,"turns":12},{"damage":12,"enemies":"Shell Parasite","floor":18,"turns":3},{"damage":3,"enemies":"2 Thieves","floor":19,"turns":3},{"damage":20,"enemies":"Snake Plant","floor":21,"turns":3},{"damage":13,"enemies":"Shelled Parasite and Fungi","floor":22,"turns":3},{"damage":21,"enemies":"Book of Stabbing","floor":23,"turns":5},{"damage":0,"enemies":"Centurion and Healer","floor":25,"turns":1},{"damage":5,"enemies":"Chosen and Byrds","floor":27,"turns":3},{"damage":2,"enemies":"Snake Plant","floor":28,"turns":2},{"damage":14,"enemies":"Cultist and Chosen","floor":31,"turns":4},{"damage":28,"enemies":"Automaton","floor":33,"turns":6}],"seed_played":"-963246441603837899","potions_obtained":[{"floor":7,"key":"LiquidBronze"},{"floor":7,"key":"FearPotion"},{"floor":7,"key":"Weak Potion"},{"floor":8,"key":"Weak Potion"},{"floor":11,"key":"SteroidPotion"},{"floor":14,"key":"EssenceOfSteel"},{"floor":21,"key":"SkillPotion"},{"floor":22,"key":"AttackPotion"},{"floor":23,"key":"Poison Potion"},{"floor":27,"key":"Poison Potion"},{"floor":28,"key":"Energy Potion"}],"is_trial":false,"path_per_floor":["M","$","?","?","M","E","?","E","T","R","M","$","M","M","R","B",null,"M","M","$","M","M","E","R","M","T","M","M","$","R","M","R","B"],"character_chosen":"THE_SILENT","items_purchased":["Endless Agony"],"campfire_rested":3,"item_purchase_floors":[20],"current_hp_per_floor":[65,65,48,70,58,41,41,31,31,31,31,31,27,26,47,13,70,58,55,55,35,22,1,22,22,22,17,15,15,36,22,22,0],"gold":91,"neow_bonus":"REMOVE_CARD","is_prod":false,"is_daily":false,"chose_seed":false,"campfire_upgraded":2,"win_rate":0,"timestamp":1555626944,"path_taken":["M","$","?","?","M","E","?","E","T","R","?","?","M","?","R","BOSS","M","?","?","M","?","E","R","M","T","M","M","$","R","M","R","BOSS"],"build_version":"2019-01-23","purchased_purges":4,"victory":false,"max_hp_per_floor":[70,70,70,70,70,70,70,70,70,70,70,70,70,70,70,70,70,70,70,70,70,70,70,70,70,70,70,70,70,70,70,70,70],"card_choices":[{"not_picked":["Prepared","Expertise"],"picked":"Slice","floor":1},{"not_picked":["Deadly Poison","Backflip"],"picked":"Finisher","floor":5},{"not_picked":["Distraction","Sucker Punch","Deadly Poison"],"picked":"SKIP","floor":6},{"not_picked":["Distraction","Sucker Punch","Deadly Poison"],"picked":"SKIP","floor":6},{"not_picked":["Bane","Dodge and Roll","Underhanded Strike"],"picked":"SKIP","floor":8},{"not_picked":["Bane","Dodge and Roll","Underhanded Strike"],"picked":"SKIP","floor":8},{"not_picked":["Bane","Dodge and Roll","Underhanded Strike"],"picked":"SKIP","floor":8},{"not_picked":["PiercingWail","Slice"],"picked":"Flying Knee","floor":11},{"not_picked":["Wraith Form v2","Outmaneuver","Slice"],"picked":"SKIP","floor":13},{"not_picked":["Riddle With Holes","Leg Sweep"],"picked":"Blade Dance","floor":14},{"not_picked":["Caltrops","Dodge and Roll+1","Heel Hook"],"picked":"SKIP","floor":18},{"not_picked":["Flying Knee","Caltrops","Underhanded Strike+1"],"picked":"SKIP","floor":19},{"not_picked":["Blur","Flechettes","Outmaneuver"],"picked":"SKIP","floor":21},{"not_picked":["Prepared","PiercingWail+1"],"picked":"Phantasmal Killer","floor":22},{"not_picked":["Poisoned Stab","PiercingWail"],"picked":"Cloak And Dagger","floor":23},{"not_picked":["Poisoned Stab+1","Prepared"],"picked":"Backflip","floor":25},{"not_picked":["Deflect","Underhanded Strike+1","Tactician"],"picked":"SKIP","floor":27},{"not_picked":["Acrobatics","Quick Slash","Sucker Punch+1"],"picked":"SKIP","floor":28},{"not_picked":["Dagger Throw","Riddle With Holes","Sucker Punch"],"picked":"SKIP","floor":31}],"player_experience":55550,"relics_obtained":[{"floor":6,"key":"War Paint"},{"floor":8,"key":"Potion Belt"},{"floor":9,"key":"Bag of Marbles"},{"floor":23,"key":"Kunai"}],"event_choices":[{"damage_healed":0,"gold_gain":0,"player_choice":"Take Damage","damage_taken":17,"relics_obtained":["Golden Idol"],"max_hp_gain":0,"max_hp_loss":0,"event_name":"Golden Idol","floor":3,"gold_loss":0},{"damage_healed":23,"gold_gain":0,"player_choice":"Banana","damage_taken":0,"max_hp_gain":0,"max_hp_loss":0,"event_name":"Big Fish","floor":4,"gold_loss":0},{"damage_healed":0,"gold_gain":0,"player_choice":"Got Potions","damage_taken":0,"max_hp_gain":0,"max_hp_loss":0,"event_name":"Lab","floor":7,"gold_loss":0}],"is_beta":false,"boss_relics":[{"not_picked":["Busted Crown","Sozu"],"picked":"WristBlade"}],"items_purged_floors":[2,12,20,29],"is_endless":false,"potions_floor_spawned":[8,11,14,21,22,23,27,28],"killed_by":"Automaton","ascension_level":1}