{"path_per_floor":["M","M","M","$","M","R","?","M","T","M","E","$","R","M","R","B",null,"M","M","$"],"character_chosen":"IRONCLAD","items_purchased":["Iron Wave","Pantograph","Pommel Strike"],"gold_per_floor":[112,122,138,63,75,75,250,263,337,347,381,16,16,26,26,127,127,140,156,6,6],"floor_reached":21,"campfire_rested":0,"playtime":1812,"item_purchase_floors":[12,12,20],"current_hp_per_floor":[69,70,67,67,67,67,67,50,50,39,27,27,27,28,28,15,67,57,45,45,0],"items_purged":["Decay","Doubt","Strike_R"],"gold":6,"score":293,"play_id":"3314e303-3754-44f6-a484-1f24d57f9a4b","local_time":"20180525225640","is_prod":false,"is_daily":false,"chose_seed":false,"is_ascension_mode":true,"campfire_upgraded":3,"win_rate":0,"timestamp":1527314200,"campfire_choices":[{"data":"Bash","floor":6,"key":"SMITH"},{"data":"Feed","floor":13,"key":"SMITH"},{"data":"Clothesline","floor":15,"key":"SMITH"}],"path_taken":["M","M","M","$","M","R","?","M","T","M","E","$","R","M","R","BOSS","M","M","$","?"],"build_version":"2018-05-24","seed_source_timestamp":685630234377049,"purchased_purges":3,"victory":false,"master_deck":["Strike_R","Strike_R","Strike_R","Strike_R","Defend_R","Defend_R","Defend_R","Defend_R","Bash+1","AscendersBane","Iron Wave","Rage","Rage","Clash","Clothesline+1","Feed+1","Iron Wave","Reaper","Cleave","Disarm+1","Pommel Strike"],"max_hp_per_floor":[80,80,80,80,80,80,80,80,80,80,80,80,80,84,84,84,84,88,92,92,92],"relics":["Burning Blood","Bird Faced Urn","Dodecahedron","Calipers","Pantograph","Velvet Choker"],"card_choices":[{"not_picked":["Anger","Sword Boomerang"],"picked":"Iron Wave","floor":1},{"not_picked":["Clash","Second Wind"],"picked":"Rage","floor":2},{"not_picked":["Twin Strike","Body Slam"],"picked":"Rage","floor":3},{"not_picked":["Body Slam","Perfected Strike"],"picked":"Clash","floor":5},{"not_picked":["Iron Wave","Armaments"],"picked":"Clothesline","floor":8},{"not_picked":["Spot Weakness","Armaments","Havoc"],"picked":"SKIP","floor":10},{"not_picked":["Flex","Sword Boomerang"],"picked":"Feed","floor":11},{"not_picked":["Cleave","Havoc","Hemokinesis"],"picked":"SKIP","floor":14},{"not_picked":["Limit Break","Fiend Fire"],"picked":"Reaper","floor":16},{"not_picked":["Heavy Blade","Shrug It Off"],"picked":"Cleave","floor":18},{"not_picked":["Pummel","Flex"],"picked":"Disarm+1","floor":19}],"player_experience":506674,"potions_floor_usage":[16,16,18,21],"damage_taken":[{"damage":9,"enemies":"Small Slimes","floor":1,"turns":4},{"damage":5,"enemies":"2 Louse","floor":2,"turns":4},{"damage":9,"enemies":"Jaw Worm","floor":3,"turns":4},{"damage":6,"enemies":"Blue Slaver","floor":5,"turns":5},{"damage":23,"enemies":"Large Slime","floor":8,"turns":8},{"damage":17,"enemies":"2 Fungi Beasts","floor":10,"turns":5},{"damage":18,"enemies":"3 Sentries","floor":11,"turns":11},{"damage":9,"enemies":"3 Louse","floor":14,"turns":4},{"damage":44,"enemies":"Slime Boss","floor":16,"turns":20},{"damage":26,"enemies":"3 Byrds","floor":18,"turns":7},{"damage":22,"enemies":"Spheric Guardian","floor":19,"turns":6},{"damage":53,"enemies":"Masked Bandits","floor":21,"turns":3}],"relics_obtained":[{"floor":9,"key":"Dodecahedron"},{"floor":11,"key":"Calipers"}],"event_choices":[{"event_name":"Liars Game","player_choice":"agreed","floor":7,"damage_taken":0},{"event_name":"Masked Bandits","player_choice":"Fought over 6 gold","floor":21,"damage_taken":0}],"boss_relics":[{"not_picked":["Black Star","Runic Cube"],"picked":"Velvet Choker"}],"items_purged_floors":[4,12,20],"potions_floor_spawned":[10,14,16,18],"seed_played":"-4814099222287074831","killed_by":"Masked Bandits","ascension_level":12,"potions_obtained":[{"floor":10,"key":"Dexterity Potion"},{"floor":14,"key":"Energy Potion"},{"floor":16,"key":"Fire Potion"},{"floor":18,"key":"AttackPotion"}],"is_trial":false}