{"path_per_floor":["M","M","M","?","M","E","M","M","T","M","R","?","M","?","R","B",null,"M","?","?","?","M","E","R","E","T","R","M","M","M","?","R","B",null,"M","?","?","$","?","E","?","M","T","M","M","R","M","?","R","B"],"character_chosen":"THE_SILENT","items_purchased":["Bag of Marbles","Blind"],"gold_per_floor":[112,124,138,138,148,175,190,205,259,271,271,271,289,289,289,391,391,391,391,341,266,266,266,266,266,266,266,266,266,266,266,266,266,266,266,266,266,27,27,27,0,0,0,0,0,0,0,0,0,0],"floor_reached":51,"campfire_rested":4,"playtime":5867,"current_hp_per_floor":[70,70,70,70,70,58,58,49,49,39,60,60,60,65,65,31,75,75,75,75,75,75,65,65,19,19,41,38,38,38,38,60,37,75,68,59,59,59,59,57,57,57,57,57,57,57,57,57,75,66],"items_purged":[],"gold":0,"score":571,"play_id":"a1391be5-a2f2-400e-ac78-ac35eaa27208","is_prod":false,"is_daily":false,"is_ascension_mode":false,"campfire_upgraded":3,"path_taken":["M","M","M","?","?","E","M","M","T","M","R","?","?","?","R","BOSS","M","?","?","?","?","E","R","E","T","R","M","M","M","?","R","BOSS","M","?","?","$","?","E","?","M","T","M","M","R","M","?","R","BOSS"],"build_version":"2018-02-15-PROD1","purchased_purges":1,"victory":true,"master_deck":["Defend_G+1","Defend_G+1","Defend_G+1","Defend_G+1","Defend_G+1","Strike_G+1","Strike_G+1","Strike_G+1","Survivor","Neutralize","Backstab","Footwork","Endless Agony+1","Well Laid Plans","Night Terror+1","Well Laid Plans","Backstab+1","Distraction","Terror","Calculated Gamble","Adrenaline","Blur+1","Prepared","Caltrops+1","Escape Plan+1","Backflip","Acrobatics","Skewer","Flechettes","Die Die Die","Madness+1","Blind","Slice","Backflip+1","Acrobatics+1","Escape Plan+1"],"max_hp_per_floor":[70,70,70,70,70,70,70,70,70,70,70,70,70,75,75,75,75,75,75,75,75,75,75,75,75,75,75,75,75,75,75,75,75,75,75,75,75,75,75,75,75,75,75,75,75,75,75,75,75,75],"relics":["Ring of the Snake","Bag of Preparation","Mercury Hourglass","Anchor","Ectoplasm","Toolbox","Juzu Bracelet","Orichalcum","Philosopher\u0027s Stone","Bag of Marbles","Thread and Needle","Toxic Egg 2","Red Mask","Tiny Chest"],"card_choices":[{"not_picked":["Underhanded Strike","Eviscerate"],"picked":"Backstab"},{"not_picked":["Deadly Poison","Slice"],"picked":"Footwork"},{"not_picked":["Bane","Skewer"],"picked":"Endless Agony"},{"not_picked":["Deflect","Dagger Throw"],"picked":"Well Laid Plans"},{"not_picked":["Deadly Poison","Riddle With Holes"],"picked":"Night Terror"},{"not_picked":["Predator","Reflex"],"picked":"Well Laid Plans"},{"not_picked":["Sucker Punch","Bane"],"picked":"Backstab"},{"not_picked":["Poisoned Stab","Finisher"],"picked":"Distraction"},{"not_picked":["Underhanded Strike","Reflex"],"picked":"Calculated Gamble"},{"not_picked":["Bullet Time","Wraith Form"],"picked":"Adrenaline"},{"not_picked":["Acrobatics","Reflex"],"picked":"Blur"},{"not_picked":["Deflect","Outmaneuver"],"picked":"Caltrops"},{"not_picked":["Skewer","Dagger Throw"],"picked":"Escape Plan"},{"not_picked":["Dodge and Roll","Bouncing Flask"],"picked":"Backflip"},{"not_picked":["Terror","Bouncing Flask"],"picked":"Acrobatics"},{"not_picked":["Underhanded Strike","Calculated Gamble"],"picked":"Skewer"},{"not_picked":["Underhanded Strike","Riddle With Holes"],"picked":"Flechettes"},{"not_picked":["Venomology","Tactician"],"picked":"Die Die Die"},{"not_picked":["Blade Dance","Dagger Throw"],"picked":"Slice"},{"not_picked":["Poisoned Stab","Unload"],"picked":"Backflip"},{"not_picked":["Quick Slash","Eviscerate"],"picked":"Acrobatics"},{"not_picked":["Blur","Skewer"],"picked":"Escape Plan"}],"player_experience":78098,"potions_floor_usage":[5,5,16,25,33,33,33,35,39,44,50],"damage_taken":[{"damage":0,"enemies":"Small Slimes","floor":1,"turns":4},{"damage":0,"enemies":"Cultist","floor":2,"turns":4},{"damage":0,"enemies":"Jaw Worm","floor":3,"turns":4},{"damage":0,"enemies":"Exordium Thugs","floor":5,"turns":6},{"damage":12,"enemies":"3 Sentries","floor":6,"turns":9},{"damage":0,"enemies":"3 Louse","floor":7,"turns":2},{"damage":9,"enemies":"2 Fungi Beasts","floor":8,"turns":4},{"damage":10,"enemies":"Large Slime","floor":10,"turns":4},{"damage":0,"enemies":"Exordium Thugs","floor":13,"turns":3},{"damage":34,"enemies":"The Guardian","floor":16,"turns":12},{"damage":0,"enemies":"3 Byrds","floor":18,"turns":4},{"damage":0,"enemies":"Chosen","floor":22,"turns":3},{"damage":10,"enemies":"Book of Stabbing","floor":23,"turns":4},{"damage":58,"enemies":"Gremlin Leader","floor":25,"turns":11},{"damage":3,"enemies":"3 Cultists","floor":28,"turns":5},{"damage":0,"enemies":"Snake Plant","floor":29,"turns":3},{"damage":0,"enemies":"Snecko","floor":30,"turns":2},{"damage":42,"enemies":"Automaton","floor":33,"turns":14},{"damage":7,"enemies":"3 Darklings","floor":35,"turns":6},{"damage":0,"enemies":"Mysterious Sphere","floor":39,"turns":5},{"damage":2,"enemies":"2 Orb Walkers","floor":40,"turns":5},{"damage":0,"enemies":"Orb Walker","floor":42,"turns":1},{"damage":0,"enemies":"Maw","floor":44,"turns":5},{"damage":0,"enemies":"3 Darklings","floor":45,"turns":2},{"damage":0,"enemies":"4 Shapes","floor":47,"turns":2},{"damage":9,"enemies":"Time Eater","floor":50,"turns":14}],"event_choices":[{"event_name":"Upgrade Shrine","player_choice":"Upgraded","floor":4,"damage_taken":0},{"event_name":"Transmorgrifier","player_choice":"Transform","floor":12,"damage_taken":0},{"event_name":"Big Fish","player_choice":"Donut","floor":14,"damage_taken":0},{"event_name":"The Library","player_choice":"Read","floor":19,"damage_taken":0},{"event_name":"The Joust","player_choice":"Bet on Murderer","floor":20,"damage_taken":0},{"event_name":"Beggar","player_choice":"Gave Gold","floor":21,"damage_taken":0},{"event_name":"Back to Basics","player_choice":"Simplicity","floor":31,"damage_taken":0},{"event_name":"Winding Halls","player_choice":"Embrace Madness","floor":36,"damage_taken":0},{"event_name":"Mysterious Sphere","player_choice":"Fight","floor":39,"damage_taken":0},{"event_name":"Tomb of Lord Red Mask","player_choice":"Paid","floor":41,"damage_taken":0},{"event_name":"Purifier","player_choice":"Skipped","floor":48,"damage_taken":0}],"boss_relics":[{"not_picked":["Runic Pyramid","Orrery"],"picked":"Ectoplasm"},{"not_picked":["Runic Dome","Snecko Eye"],"picked":"Philosopher\u0027s Stone"}],"potions_floor_spawned":[2,3,7,10,22,23,29,33,35,39,44,47],"seed_played":"6137938186482145926","ascension_level":0,"is_trial":false}