{"gold_per_floor":[118,131,131,145,17,17,49,61,61,211,211,224,250,175,175,249,249,238,253,253,30,30],"floor_reached":22,"playtime":1599,"items_purged":["Pain"],"score":365,"play_id":"8e340511-a701-48e3-a136-bd6945e78a26","local_time":"20181020220558","is_ascension_mode":true,"campfire_choices":[{"data":"Neutralize","floor":6,"key":"SMITH"},{"data":"Calculated Gamble","floor":11,"key":"SMITH"},{"data":"Envenom","floor":15,"key":"SMITH"}],"neow_cost":"NONE","seed_source_timestamp":82333842855554,"circlet_count":0,"master_deck":["Defend_G","Defend_G","Defend_G","Defend_G","Defend_G","Strike_G","Strike_G","Strike_G","Strike_G","Strike_G","Survivor","Neutralize+1","AscendersBane","Backflip","Leg Sweep","Calculated Gamble+1","Cloak And Dagger","Deflect","Poisoned Stab","Envenom+1","Tools of the Trade","Venomology","Dodge and Roll","Bane","Infinite Blades","Underhanded Strike","Predator","Backflip+1","Underhanded Strike","Well Laid Plans"],"relics":["Ring of the Snake","Blood Vial","WarpedTongs","Gambling Chip","Ice Cream","Mango","Orrery","Strawberry"],"potions_floor_usage":[7,13,13,22,22],"damage_taken":[{"damage":1,"enemies":"Small Slimes","floor":1,"turns":5},{"damage":1,"enemies":"Cultist","floor":2,"turns":4},{"damage":6,"enemies":"Jaw Worm","floor":4,"turns":6},{"damage":18,"enemies":"3 Sentries","floor":7,"turns":8},{"damage":6,"enemies":"Large Slime","floor":8,"turns":9},{"damage":0,"enemies":"2 Fungi Beasts","floor":12,"turns":3},{"damage":28,"enemies":"Gremlin Nob","floor":13,"turns":5},{"damage":5,"enemies":"Hexaghost","floor":16,"turns":13},{"damage":25,"enemies":"2 Thieves","floor":18,"turns":4},{"damage":18,"enemies":"Spheric Guardian","floor":19,"turns":10},{"damage":60,"enemies":"3 Cultists","floor":22,"turns":9}],"seed_played":"598447100225598067","potions_obtained":[{"floor":2,"key":"Explosive Potion"},{"floor":8,"key":"Ancient Potion"},{"floor":12,"key":"GamblersBrew"},{"floor":16,"key":"Dexterity Potion"},{"floor":19,"key":"EssenceOfSteel"}],"is_trial":false,"path_per_floor":["M","M","?","M","$","R","E","M","T","?","R","M","E","?","R","B",null,"M","M","?","$"],"character_chosen":"THE_SILENT","items_purchased":["Cloak And Dagger","Strawberry","Well Laid Plans"],"campfire_rested":0,"item_purchase_floors":[5,21,21],"current_hp_per_floor":[60,61,61,57,57,57,41,37,37,37,37,39,27,27,27,24,66,43,27,43,50,0],"gold":30,"neow_bonus":"RANDOM_COMMON_RELIC","is_prod":false,"is_daily":false,"chose_seed":false,"campfire_upgraded":3,"win_rate":0,"timestamp":1540098358,"path_taken":["M","M","?","M","$","R","E","M","T","?","R","M","E","?","R","BOSS","M","M","?","$","M"],"build_version":"2018-10-18","purchased_purges":1,"victory":false,"max_hp_per_floor":[66,66,66,66,66,66,66,66,66,66,66,66,80,80,80,80,80,80,80,80,87,87],"card_choices":[{"not_picked":["Underhanded Strike","Quick Slash"],"picked":"Backflip","floor":1},{"not_picked":["Quick Slash","Bane"],"picked":"Leg Sweep","floor":2},{"not_picked":["Distraction","Sucker Punch"],"picked":"Calculated Gamble","floor":4},{"not_picked":["Blade Dance","Flying Knee"],"picked":"Deflect","floor":7},{"not_picked":["Dagger Throw","Outmaneuver"],"picked":"Poisoned Stab","floor":8},{"not_picked":["Crippling Poison","Dodge and Roll"],"picked":"Envenom","floor":12},{"not_picked":["Concentrate","Reflex"],"picked":"Tools of the Trade","floor":13},{"not_picked":["Unload","Night Terror"],"picked":"Venomology","floor":16},{"not_picked":["Dagger Spray","Deflect"],"picked":"Dodge and Roll","floor":17},{"not_picked":["Caltrops","Blade Dance"],"picked":"Bane","floor":17},{"not_picked":["Cloak And Dagger","Calculated Gamble"],"picked":"Infinite Blades","floor":17},{"not_picked":["Prepared","Wraith Form v2"],"picked":"Underhanded Strike","floor":17},{"not_picked":["Endless Agony","Blade Dance"],"picked":"Predator","floor":17},{"not_picked":["Finisher","Deadly Poison"],"picked":"Backflip+1","floor":18},{"not_picked":["Backflip","Blade Dance"],"picked":"Underhanded Strike","floor":19}],"player_experience":969343,"relics_obtained":[{"floor":7,"key":"Gambling Chip"},{"floor":9,"key":"Ice Cream"},{"floor":13,"key":"Mango"}],"event_choices":[{"damage_healed":0,"gold_gain":0,"player_choice":"Rummage","damage_taken":0,"relics_obtained":["WarpedTongs"],"max_hp_gain":0,"max_hp_loss":0,"event_name":"Accursed Blacksmith","floor":3,"gold_loss":0,"cards_obtained":["Pain"]},{"damage_healed":0,"gold_gain":150,"player_choice":"AGREE","damage_taken":0,"max_hp_gain":0,"max_hp_loss":0,"event_name":"Liars Game","floor":10,"gold_loss":0,"cards_obtained":["Doubt"]},{"cards_removed":["Doubt"],"damage_healed":0,"gold_gain":0,"player_choice":"Card Removal","damage_taken":0,"max_hp_gain":0,"max_hp_loss":0,"event_name":"The Cleric","floor":14,"gold_loss":75},{"damage_healed":16,"gold_gain":0,"player_choice":"Heal","damage_taken":0,"max_hp_gain":0,"max_hp_loss":0,"event_name":"The Library","floor":20,"gold_loss":0}],"is_beta":false,"boss_relics":[{"not_picked":["Pandora\u0027s Box","Calling Bell"],"picked":"Orrery"}],"items_purged_floors":[5],"is_endless":false,"potions_floor_spawned":[2,8,12,16,19],"killed_by":"3 Cultists","ascension_level":15}