{"gold_per_floor":[118,118,130,142,196,196,209,221,221,256,256,256,289,305,305,305],"floor_reached":16,"playtime":628,"items_purged":[],"score":207,"play_id":"cd1b55c9-4568-4d31-9204-d0038578e9e6","local_time":"20180828193356","is_ascension_mode":true,"campfire_choices":[{"data":"Zap","floor":6.0,"key":"SMITH"},{"floor":12,"key":"REST"},{"floor":15,"key":"REST"}],"neow_cost":"","seed_source_timestamp":0,"circlet_count":0,"master_deck":["Strike_B","Strike_B+1","Strike_B+1","Defend_B","Defend_B","Defend_B","Defend_B","Zap+1","Dualcast+1","AscendersBane","Sunder+1","Sunder","Auto Shields","Coolheaded","Leap+1","Glacier","Cold Snap"],"special_seed":0,"relics":["Cracked Core","Whetstone","The Courier","War Paint","Anchor"],"potions_floor_usage":[10,10],"damage_taken":[{"damage":9.0,"enemies":"Jaw Worm","floor":1.0,"turns":4.0},{"damage":0.0,"enemies":"Cultist","floor":3.0,"turns":3.0},{"damage":3.0,"enemies":"Small Slimes","floor":4.0,"turns":3.0},{"damage":3.0,"enemies":"Blue Slaver","floor":7.0,"turns":4.0},{"damage":12.0,"enemies":"Lots of Slimes","floor":8.0,"turns":3.0},{"damage":14,"enemies":"Lagavulin","floor":10,"turns":4},{"damage":9,"enemies":"3 Sentries","floor":13,"turns":6},{"damage":3,"enemies":"Exordium Thugs","floor":14,"turns":4},{"damage":54,"enemies":"Slime Boss","floor":16,"turns":9}],"seed_played":"2943149695414036084","potions_obtained":[{"floor":1.0,"key":"AttackPotion"},{"floor":3.0,"key":"SteroidPotion"},{"floor":8.0,"key":"FearPotion"}],"is_trial":false,"path_per_floor":["M","?","M","M","T","R","M","M","T","E","?","R","E","M","R"],"character_chosen":"DEFECT","items_purchased":[],"campfire_rested":2,"item_purchase_floors":[],"current_hp_per_floor":[55,48,48,45,45,45,42,30,30,16,16,37,28,25,46,0],"gold":305,"neow_bonus":"","is_prod":false,"is_daily":false,"chose_seed":false,"campfire_upgraded":1,"win_rate":0,"timestamp":1535510036,"path_taken":["M","?","M","M","?","R","M","M","T","E","?","R","E","M","R","BOSS"],"build_version":"2018-08-23v2","purchased_purges":0,"victory":false,"max_hp_per_floor":[71,71,71,71,71,71,71,71,71,71,71,71,71,71,71,71],"card_choices":[{"not_picked":["Scrape","Steam Power"],"picked":"Sunder","floor":1.0},{"not_picked":["Compile Driver","Go for the Eyes"],"picked":"Sunder","floor":3.0},{"not_picked":["Steam","Beam Cell","Darkness"],"picked":"SKIP","floor":4.0},{"not_picked":["Undo","Rebound"],"picked":"Auto Shields","floor":7.0},{"not_picked":["Streamline","Barrage"],"picked":"Coolheaded","floor":8.0},{"not_picked":["Rebound","Static Discharge"],"picked":"Leap","floor":10},{"not_picked":["Seek","Rebound"],"picked":"Glacier","floor":13},{"not_picked":["Conserve Battery","Genetic Algorithm"],"picked":"Cold Snap","floor":14}],"player_experience":816213,"relics_obtained":[{"floor":5.0,"key":"Whetstone"},{"floor":9.0,"key":"The Courier"},{"floor":10,"key":"War Paint"},{"floor":13,"key":"Anchor"}],"event_choices":[{"event_name":"Golden Wing","player_choice":"Card Removal","floor":2.0,"damage_taken":0.0},{"event_name":"Upgrade Shrine","player_choice":"Upgraded","floor":11,"damage_taken":0}],"is_beta":false,"boss_relics":[],"items_purged_floors":[],"is_endless":false,"potions_floor_spawned":[1,3,8],"killed_by":"Slime Boss","ascension_level":17}