{"path_per_floor":["M","M","?","M","M","R","?","?","T","M","E","R","$","T","R","B",null,"M","M","?","?","M","R"],"character_chosen":"THE_SILENT","items_purchased":["Backstab","Well Laid Plans"],"gold_per_floor":[213,231,231,247,262,262,262,437,514,530,556,556,364,391,391,490,490,503,513,513,513,523,523],"floor_reached":24,"campfire_rested":2,"playtime":2485,"current_hp_per_floor":[66,66,66,61,61,61,61,61,61,56,47,47,47,47,68,36,70,70,56,56,43,19,41],"items_purged":["Regret"],"gold":523,"score":196,"play_id":"d7aa5b39-9815-47f3-8e1f-933b87b7b714","is_prod":false,"is_daily":false,"is_ascension_mode":false,"campfire_upgraded":2,"path_taken":["M","M","?","?","M","R","?","?","T","M","E","R","$","?","R","BOSS","M","M","?","?","M","R","E"],"build_version":"2018-02-15-PROD1","purchased_purges":1,"victory":false,"master_deck":["Defend_G","Defend_G","Defend_G","Defend_G","Defend_G","Strike_G","Strike_G","Strike_G","Strike_G","Strike_G","Survivor+1","Neutralize+1","Dodge and Roll","Acrobatics","Bouncing Flask","Dagger Throw","Dash","Escape Plan","Backstab","Well Laid Plans","Tactician","Dagger Throw","Acrobatics","Calculated Gamble","Underhanded Strike","Flying Knee","Outmaneuver+1","Corpse Explosion","Swift Strike","Prepared+1","Prepared"],"max_hp_per_floor":[70,70,70,70,70,70,70,70,70,70,70,70,70,70,70,70,70,70,70,70,75,75,75],"relics":["Ring of the Snake","Omamori","Tiny Chest","Shuriken","Dream Catcher","Orrery"],"card_choices":[{"not_picked":["Deflect","Flechettes"],"picked":"Dodge and Roll"},{"not_picked":["Well Laid Plans","Masterful Stab"],"picked":"Acrobatics"},{"not_picked":["Flechettes","Acrobatics"],"picked":"Bouncing Flask"},{"not_picked":["Bane","Dagger Spray"],"picked":"Dagger Throw"},{"not_picked":["Choke","Slice"],"picked":"Dash"},{"not_picked":["Expertise","Leg Sweep"],"picked":"Escape Plan"},{"not_picked":["Bullet Time","After Image"],"picked":"Tactician"},{"not_picked":["Deflect","Quick Slash"],"picked":"Dagger Throw"},{"not_picked":["Riddle With Holes","Predator"],"picked":"Acrobatics"},{"not_picked":["Footwork","Bane"],"picked":"Calculated Gamble"},{"not_picked":["Malaise","Sucker Punch"],"picked":"Underhanded Strike"},{"not_picked":["Deflect","Leg Sweep"],"picked":"Flying Knee"},{"not_picked":["Endless Agony","Deflect"],"picked":"Outmaneuver"},{"not_picked":["Predator","Finisher"],"picked":"Prepared"},{"not_picked":["Tactician","Deflect"],"picked":"Prepared"}],"player_experience":75613,"potions_floor_usage":[11,11,18],"damage_taken":[{"damage":4,"enemies":"Cultist","floor":1,"turns":5},{"damage":0,"enemies":"2 Louse","floor":2,"turns":4},{"damage":5,"enemies":"Small Slimes","floor":4,"turns":4},{"damage":0,"enemies":"Blue Slaver","floor":5,"turns":6},{"damage":5,"enemies":"Large Slime","floor":10,"turns":7},{"damage":9,"enemies":"3 Sentries","floor":11,"turns":9},{"damage":32,"enemies":"Hexaghost","floor":16,"turns":13},{"damage":0,"enemies":"Chosen","floor":18,"turns":4},{"damage":14,"enemies":"3 Byrds","floor":19,"turns":6},{"damage":24,"enemies":"Snake Plant","floor":22,"turns":5},{"damage":49,"enemies":"Gremlin Leader","floor":24,"turns":6}],"event_choices":[{"event_name":"Big Fish","player_choice":"Box","floor":3,"damage_taken":0},{"event_name":"Wheel of Change","player_choice":"Curse","floor":7,"damage_taken":0},{"event_name":"Liars Game","player_choice":"agreed","floor":8,"damage_taken":0},{"event_name":"Match and Keep!","player_choice":"2 cards matched","floor":20,"damage_taken":0},{"event_name":"Forgotten Altar","player_choice":"Shed Blood","floor":21,"damage_taken":0}],"boss_relics":[{"not_picked":["Black Star","Cursed Key"],"picked":"Orrery"}],"potions_floor_spawned":[2,4,5,10,22],"seed_played":"-3929776080631407297","killed_by":"Gremlin Leader","ascension_level":0,"is_trial":false}