{"gold_per_floor":[110,110,124,124,139,174,174,184,237,11,25,25,44,77,77,173,173,192,12,45,45,57,91,91,91,91,91,121,141,55,74,74,169,169,183,183,1182,1196,1196,1221,797,822,848,867,881,4,4,22,22,22],"floor_reached":51,"playtime":4272,"items_purged":["Defend_G","Defend_G","Strike_G+1","Strike_G+1"],"score":828,"play_id":"5d168c26-7943-4c48-9c00-f64cf9a4b3bd","local_time":"20180626191511","is_ascension_mode":true,"campfire_choices":[{"data":"After Image","floor":7,"key":"SMITH"},{"data":"Neutralize","floor":12,"key":"SMITH"},{"floor":15,"key":"REST"},{"data":"Infinite Blades","floor":25,"key":"SMITH"},{"floor":32,"key":"REST"},{"floor":49,"key":"REST"}],"neow_cost":"NONE","seed_source_timestamp":5800265677331,"circlet_count":0,"master_deck":["Defend_G+1","Defend_G+1","Defend_G+1","Strike_G+1","Strike_G+1","Strike_G+1","Survivor","Neutralize+1","Well Laid Plans","Acrobatics","Infinite Blades+1","After Image+1","Choke","Flash of Steel","Backflip","Heel Hook","Envenom","Infinite Blades+1","Finisher","Quick Slash","Predator","Calculated Gamble","Leg Sweep+1","Die Die Die","Malaise+1","Backflip","Die Die Die","Dagger Throw+1","Expertise+1","Escape Plan","Underhanded Strike","Trip","Choke+1"],"relics":["Cursed Key","Blue Candle","Bag of Marbles","Blood Vial","Philosopher\u0027s Stone","Red Mask","Pen Nib","Bronze Scales","Sundial","Letter Opener","Anchor","Black Star","Omamori","Orichalcum","Torii","Regal Pillow","Ancient Tea Set","Potion Belt","The Specimen","Toy Ornithopter"],"potions_floor_usage":[6,13,14,14,20,23,35,44,50,50,50,50,50],"damage_taken":[{"damage":0,"enemies":"Small Slimes","floor":1,"turns":3},{"damage":2,"enemies":"2 Louse","floor":3,"turns":4},{"damage":0,"enemies":"Jaw Worm","floor":5,"turns":4},{"damage":43,"enemies":"Gremlin Nob","floor":6,"turns":5},{"damage":1,"enemies":"Red Slaver","floor":8,"turns":4},{"damage":1,"enemies":"Blue Slaver","floor":11,"turns":3},{"damage":2,"enemies":"3 Louse","floor":13,"turns":3},{"damage":1,"enemies":"3 Sentries","floor":14,"turns":6},{"damage":25,"enemies":"Slime Boss","floor":16,"turns":10},{"damage":8,"enemies":"Shell Parasite","floor":18,"turns":5},{"damage":1,"floor":20,"turns":5},{"damage":2,"enemies":"Chosen","floor":22,"turns":4},{"damage":19,"enemies":"Gremlin Leader","floor":23,"turns":5},{"damage":10,"enemies":"Book of Stabbing","floor":28,"turns":3},{"damage":2,"enemies":"Sentry and Sphere","floor":29,"turns":3},{"damage":24,"enemies":"Snake Plant","floor":31,"turns":4},{"damage":7,"enemies":"Champ","floor":33,"turns":8},{"damage":1,"enemies":"Orb Walker","floor":35,"turns":3},{"damage":23,"enemies":"3 Darklings","floor":38,"turns":4},{"damage":5,"enemies":"Giant Head","floor":40,"turns":5},{"damage":8,"enemies":"Nemesis","floor":42,"turns":7},{"damage":1,"enemies":"4 Shapes","floor":44,"turns":6},{"damage":1,"enemies":"Maw","floor":45,"turns":7},{"damage":1,"enemies":"3 Darklings","floor":48,"turns":4},{"damage":34,"enemies":"Donu and Deca","floor":50,"turns":7}],"seed_played":"-3927840951191925002","potions_obtained":[{"floor":1,"key":"Swift Potion"},{"floor":6,"key":"Fire Potion"},{"floor":8,"key":"SkillPotion"},{"floor":13,"key":"Dexterity Potion"},{"floor":18,"key":"GhostInAJar"},{"floor":22,"key":"Swift Potion"},{"floor":33,"key":"SkillPotion"},{"floor":42,"key":"SkillPotion"},{"floor":44,"key":"LiquidBronze"},{"floor":45,"key":"Block Potion"}],"is_trial":false,"path_per_floor":["M","?","M","?","M","E","R","M","T","$","M","R","M","E","R","B",null,"M","$","?","?","M","E","T","R","T","?","E","M","$","M","R","B",null,"M","?","?","M","?","E","$","E","T","M","M","$","?","M","R","B"],"character_chosen":"THE_SILENT","items_purchased":["Flash of Steel","Backflip","Finisher","Malaise","Backflip","Torii","AttackPotion","Explosive Potion","Explosive Potion","The Specimen","Toy Ornithopter","Trip"],"campfire_rested":3,"item_purchase_floors":[10,10,19,30,30,41,46,46,46,46,46,46],"current_hp_per_floor":[70,70,68,73,73,30,30,29,29,29,28,28,26,25,47,24,75,67,67,68,68,68,51,51,51,51,51,43,43,43,21,43,38,75,74,74,74,52,52,49,49,43,43,44,45,45,45,46,75,45],"gold":22,"neow_bonus":"BOSS_RELIC","is_prod":false,"is_daily":false,"chose_seed":false,"campfire_upgraded":3,"win_rate":0,"timestamp":1530058511,"path_taken":["M","?","?","?","M","E","R","M","T","$","M","R","M","E","R","BOSS","M","$","?","?","?","E","?","R","T","?","E","?","$","M","R","BOSS","M","?","?","M","?","E","$","E","T","?","M","$","?","M","R","BOSS"],"build_version":"2018-06-21v2","purchased_purges":4,"victory":true,"max_hp_per_floor":[70,70,70,75,75,75,75,75,75,75,75,75,75,75,75,75,75,75,75,75,75,75,75,75,75,75,75,75,75,75,75,75,75,75,75,75,75,75,75,75,75,75,75,75,75,75,75,75,75,75],"card_choices":[{"not_picked":["Accuracy","PiercingWail"],"picked":"Well Laid Plans","floor":1},{"not_picked":["Accuracy","Prepared"],"picked":"Acrobatics","floor":3},{"not_picked":["Prepared","Outmaneuver"],"picked":"Infinite Blades","floor":5},{"not_picked":["Corpse Explosion","Dagger Throw"],"picked":"After Image","floor":6},{"not_picked":["Outmaneuver","Masterful Stab"],"picked":"Choke","floor":8},{"not_picked":["Dagger Throw","Outmaneuver"],"picked":"Heel Hook","floor":11},{"not_picked":["Flying Knee","Well Laid Plans","Prepared"],"picked":"SKIP","floor":13},{"not_picked":["Bane","Outmaneuver","Corpse Explosion"],"picked":"SKIP","floor":14},{"not_picked":["Bullet Time","Wraith Form v2"],"picked":"Envenom","floor":16},{"not_picked":["Flechettes","Underhanded Strike+1"],"picked":"Infinite Blades+1","floor":18},{"not_picked":["Backstab+1","Sucker Punch"],"picked":"Quick Slash","floor":20},{"not_picked":["Flying Knee","Outmaneuver"],"picked":"Predator","floor":22},{"not_picked":["Quick Slash","Deflect+1"],"picked":"Calculated Gamble","floor":23},{"not_picked":["Predator","Accuracy"],"picked":"Leg Sweep+1","floor":28},{"not_picked":["Flying Knee","Slice"],"picked":"Die Die Die","floor":29},{"not_picked":["Noxious Fumes","Crippling Poison","Prepared"],"picked":"SKIP","floor":31},{"not_picked":["Venomology","Bullet Time"],"picked":"Die Die Die","floor":33},{"not_picked":["Skewer","All Out Attack","Catalyst+1"],"picked":"SKIP","floor":35},{"not_picked":["Skewer","All Out Attack","Catalyst+1"],"picked":"SKIP","floor":35},{"not_picked":["Accuracy","Outmaneuver"],"picked":"Dagger Throw+1","floor":38},{"not_picked":["Choke","Flying Knee+1"],"picked":"Expertise+1","floor":40},{"not_picked":["Noxious Fumes","Cloak And Dagger"],"picked":"Escape Plan","floor":42},{"not_picked":["Cloak And Dagger","Flying Knee","Prepared+1"],"picked":"SKIP","floor":44},{"not_picked":["Outmaneuver+1","Venomology"],"picked":"Underhanded Strike","floor":45},{"not_picked":["Finisher+1","Prepared+1"],"picked":"Choke+1","floor":48}],"player_experience":251981,"relics_obtained":[{"floor":6,"key":"Blue Candle"},{"floor":9,"key":"Bag of Marbles"},{"floor":14,"key":"Blood Vial"},{"floor":20,"key":"Red Mask"},{"floor":23,"key":"Bronze Scales"},{"floor":24,"key":"Sundial"},{"floor":26,"key":"Letter Opener"},{"floor":28,"key":"Anchor"},{"floor":40,"key":"Omamori"},{"floor":40,"key":"Orichalcum"},{"floor":42,"key":"Regal Pillow"},{"floor":42,"key":"Ancient Tea Set"},{"floor":43,"key":"Potion Belt"}],"event_choices":[{"event_name":"Liars Game","player_choice":"disagreed","floor":2,"damage_taken":0},{"event_name":"Big Fish","player_choice":"Donut","floor":4,"damage_taken":0},{"event_name":"Masked Bandits","player_choice":"Fought over 12 gold","floor":20,"damage_taken":0},{"event_name":"The Mausoleum","player_choice":"Yes","floor":21,"damage_taken":0},{"event_name":"Back to Basics","player_choice":"Simplicity","floor":27,"damage_taken":0},{"event_name":"Upgrade Shrine","player_choice":"Upgraded","floor":36,"damage_taken":0},{"event_name":"MindBloom","player_choice":"Gold","floor":37,"damage_taken":0},{"event_name":"Fountain of Cleansing","player_choice":"Removed Curse","floor":39,"damage_taken":0},{"event_name":"Mysterious Sphere","player_choice":"Ignore","floor":47,"damage_taken":0}],"boss_relics":[{"not_picked":["Orrery","Empty Cage"],"picked":"Philosopher\u0027s Stone"},{"not_picked":["Calling Bell","Lizard Tail"],"picked":"Black Star"}],"items_purged_floors":[10,19,41,46],"is_endless":false,"potions_floor_spawned":[1,6,8,13,18,22,33,42,44,45],"ascension_level":2}