{"path_per_floor":["M","$","M","?","?","R","$","R","T","E","?","$","?","M","R","B",null,"M","?","?","M","?","R","E","R","T","E","M","M","$","T","R","B",null,"M","M","?","M","$","?","M","M","T","R","M","?","M","M","R"],"character_chosen":"IRONCLAD","items_purchased":["Shrug It Off","Finesse","War Paint","Bottled Tornado","Seeing Red"],"gold_per_floor":[112,15,30,30,105,105,5,5,5,40,40,40,5,23,23,119,119,136,136,136,156,156,156,484,484,560,594,611,623,255,282,282,387,387,397,414,514,532,208,208,222,240,240,240,251,211,221,232,232],"floor_reached":50,"campfire_rested":1,"playtime":3391,"current_hp_per_floor":[79,79,79,63,52,52,52,52,52,44,19,19,39,39,39,17,80,55,55,55,56,40,40,46,46,46,54,45,39,39,39,39,56,56,34,32,32,38,38,31,55,34,34,34,30,30,35,38,54],"items_purged":["Defend_R","Strike_R","Defend_R"],"gold":232,"score":581,"play_id":"6a81ddb8-6a9b-47d8-b644-8d92ec25d79f","local_time":"20180309182820","is_prod":false,"is_daily":false,"is_ascension_mode":true,"campfire_upgraded":7,"timestamp":1520641700,"path_taken":["M","$","?","?","?","R","$","R","T","E","?","$","?","?","R","BOSS","M","?","?","M","?","R","E","R","T","E","M","M","$","?","R","BOSS","M","M","?","M","$","?","M","M","T","R","?","?","M","M","R","BOSS"],"build_version":"2018-03-09","purchased_purges":5,"victory":false,"master_deck":["Defend_R","Defend_R+1","Bash+1","Shrug It Off+1","Dropkick+1","Bloodletting+1","Cleave","Offering+1","Dropkick","Bite+1","Bite+1","Bite+1","Bite","Bite","Rampage+1","Rage","Anger+1","Finesse","Intimidate+1","Barricade+1","Seeing Red","Madness","Madness","Seeing Red+1","Clash+1"],"max_hp_per_floor":[80,80,80,80,80,80,80,80,80,80,80,80,80,80,80,80,80,80,80,56,56,56,56,56,56,56,56,56,56,56,56,56,56,56,56,56,56,56,56,56,56,56,56,56,56,56,56,56,56],"relics":["White Beast Statue","Unceasing Top","Bag of Marbles","Prayer Wheel","Philosopher\u0027s Stone","Enchiridion","Old Coin","Meat on the Bone","Darkstone Periapt","War Paint","Oddly Smooth Stone","Runic Dome","Bottled Tornado","Girya"],"card_choices":[{"not_picked":["Sword Boomerang","Iron Wave"],"picked":"Dropkick"},{"not_picked":["Clothesline","Searing Blow"],"picked":"Bloodletting"},{"not_picked":["Spot Weakness","Second Wind"],"picked":"Cleave"},{"not_picked":["Impervious","Fiend Fire"],"picked":"Offering"},{"not_picked":["Combust","Headbutt"],"picked":"Dropkick"},{"not_picked":["Sword Boomerang","Armaments"],"picked":"Rampage"},{"not_picked":["Corruption","Power Through"],"picked":"Rage"},{"not_picked":["Bloodletting","Reckless Charge"],"picked":"Anger"},{"not_picked":["Feel No Pain","True Grit"],"picked":"Intimidate"},{"not_picked":["Bludgeon","Reaper"],"picked":"Barricade"},{"not_picked":["Perfected Strike","Heavy Blade"],"picked":"Seeing Red"},{"not_picked":["Thunderclap","True Grit"],"picked":"Clash"}],"player_experience":126116,"potions_floor_usage":[10,16,16,16,21,24,27,28,33,33,33,36,38,42,45,45,45,47,48,50,50,50],"damage_taken":[{"damage":1,"enemies":"Cultist","floor":1,"turns":4},{"damage":0,"enemies":"Small Slimes","floor":3,"turns":3},{"damage":8,"enemies":"3 Sentries","floor":10,"turns":8},{"damage":0,"enemies":"2 Louse","floor":14,"turns":2},{"damage":22,"enemies":"Slime Boss","floor":16,"turns":5},{"damage":25,"enemies":"Spheric Guardian","floor":18,"turns":4},{"damage":7,"enemies":"Chosen","floor":21,"turns":2},{"damage":25,"enemies":"Gremlin Leader","floor":24,"turns":4},{"damage":9,"enemies":"Slavers","floor":27,"turns":3},{"damage":13,"enemies":"Snecko","floor":28,"turns":4},{"damage":20,"enemies":"Cultist and Chosen","floor":29,"turns":4},{"damage":10,"enemies":"Collector","floor":33,"turns":8},{"damage":40,"enemies":"3 Shapes","floor":35,"turns":4},{"damage":13,"enemies":"Orb Walker","floor":36,"turns":3},{"damage":25,"enemies":"3 Darklings","floor":38,"turns":4},{"damage":10,"enemies":"Maw","floor":41,"turns":6},{"damage":43,"enemies":"Sphere and 2 Shapes","floor":42,"turns":5},{"damage":27,"enemies":"4 Shapes","floor":45,"turns":4},{"damage":11,"enemies":"3 Darklings","floor":47,"turns":2},{"damage":10,"enemies":"Sphere and 2 Shapes","floor":48,"turns":3},{"damage":78,"enemies":"Donu and Deca","floor":50,"turns":6}],"event_choices":[{"event_name":"Shining Light","player_choice":"Entered Light","floor":4,"damage_taken":0},{"event_name":"World of Goop","player_choice":"Gather Gold","floor":5,"damage_taken":0},{"event_name":"Scrap Ooze","player_choice":"success","floor":11,"damage_taken":25},{"event_name":"The Cleric","player_choice":"Healed","floor":13,"damage_taken":0},{"event_name":"Drug Dealer","player_choice":"Ignored","floor":19,"damage_taken":0},{"event_name":"Vampires","player_choice":"Became a vampire","floor":20,"damage_taken":0},{"event_name":"Cursed Tome","player_choice":"Obtained Book","floor":22,"damage_taken":0},{"event_name":"Golden Shrine","player_choice":"Pray","floor":37,"damage_taken":0},{"event_name":"Winding Halls","player_choice":"Embrace Madness","floor":40,"damage_taken":0},{"event_name":"The Woman in Blue","player_choice":"Bought 3 Potions","floor":46,"damage_taken":0}],"boss_relics":[{"not_picked":["Lizard Tail","Tiny House"],"picked":"Philosopher\u0027s Stone"},{"not_picked":["Black Star","Runic Cube"],"picked":"Runic Dome"}],"potions_floor_spawned":[1,3,10,14,16,18,21,24,27,28,29,33,35,36,38,41,42,45,47,48],"seed_played":"8500720582636553052","killed_by":"Donu and Deca","ascension_level":1,"is_trial":false}