{"gold_per_floor":[363,363,28,103,3,37,55,76,76,76,91,91,91,104,104,223,223,236,236,37,62,81,114,127,152,152,173,191,191,235,235,235,355,355,369,369,149,173,506,535,935,935,1017,46,73,73,73,85,85,85,85,85,85,112,112],"floor_reached":56,"playtime":5002,"items_purged":["Clumsy","Strike_R","Strike_R","Strike_R"],"score":1878,"play_id":"745a933c-89ca-47d9-a7fb-e6bce105f6c1","local_time":"20190103165033","is_ascension_mode":true,"campfire_choices":[{"floor":10,"key":"REST"},{"data":"Havoc","floor":15,"key":"SMITH"},{"data":"Corruption","floor":29,"key":"SMITH"},{"data":"Pommel Strike","floor":32,"key":"SMITH"},{"floor":47,"key":"RECALL"},{"data":"Sentinel","floor":49,"key":"SMITH"},{"data":"Pommel Strike","floor":52,"key":"SMITH"}],"neow_cost":"CURSE","seed_source_timestamp":17269407337564,"circlet_count":0,"master_deck":["Strike_R","Strike_R","Defend_R","Defend_R","Defend_R","Defend_R+1","Bash","Pommel Strike+1","Whirlwind","Corruption+1","True Grit+1","Ghostly Armor","Shrug It Off","Havoc+1","Metallicize","Offering","Feel No Pain","Havoc+1","Dark Shackles","Pommel Strike+1","Havoc","Reaper","Impervious","Brutality","Feel No Pain","Sentinel+1","Havoc","Offering","Shockwave+1","Mayhem","Sentinel+1"],"relics":["Black Blood","Vajra","Dead Branch","Shuriken","Ornamental Fan","Philosopher\u0027s Stone","War Paint","Regal Pillow","Question Card","The Courier","Old Coin","Letter Opener","Meat on the Bone","FossilizedHelix","StoneCalendar","Oddly Smooth Stone","Boot","Pantograph"],"potions_floor_usage":[14,23,40,55,55,55],"damage_taken":[{"damage":7,"enemies":"Jaw Worm","floor":1,"turns":3},{"damage":30,"enemies":"3 Sentries","floor":6,"turns":6},{"damage":0,"enemies":"2 Louse","floor":7,"turns":2},{"damage":1,"enemies":"Cultist","floor":8,"turns":3},{"damage":7,"enemies":"Lots of Slimes","floor":11,"turns":2},{"damage":0,"enemies":"Blue Slaver","floor":14,"turns":4},{"damage":22,"enemies":"The Guardian","floor":16,"turns":12},{"damage":6,"enemies":"Spheric Guardian","floor":18,"turns":3},{"damage":9,"enemies":"Colosseum Slavers","floor":19,"turns":4},{"damage":8,"enemies":"Shell Parasite","floor":21,"turns":3},{"damage":0,"enemies":"Centurion and Healer","floor":22,"turns":3},{"damage":12,"enemies":"Gremlin Leader","floor":23,"turns":7},{"damage":12,"enemies":"Snake Plant","floor":24,"turns":2},{"damage":0,"enemies":"Sentry and Sphere","floor":25,"turns":3},{"damage":0,"enemies":"3 Cultists","floor":27,"turns":2},{"damage":15,"enemies":"Snake Plant","floor":28,"turns":3},{"damage":15,"enemies":"Book of Stabbing","floor":30,"turns":4},{"damage":6,"enemies":"Automaton","floor":33,"turns":5},{"damage":7,"enemies":"3 Darklings","floor":35,"turns":3},{"damage":4,"enemies":"3 Shapes","floor":38,"turns":2},{"damage":10,"enemies":"Reptomancer","floor":40,"turns":3},{"damage":16,"enemies":"Mind Bloom Boss Battle","floor":41,"turns":4},{"damage":6,"enemies":"Nemesis","floor":45,"turns":1},{"damage":7,"enemies":"Writhing Mass","floor":48,"turns":3},{"damage":10,"enemies":"Donu and Deca","floor":50,"turns":4},{"damage":21,"enemies":"Shield and Spear","floor":54,"turns":5},{"damage":32,"enemies":"The Heart","floor":55,"turns":5}],"seed_played":"1190744250711012453","potions_obtained":[{"floor":6,"key":"Block Potion"},{"floor":11,"key":"Swift Potion"},{"floor":18,"key":"BloodPotion"},{"floor":25,"key":"Energy Potion"},{"floor":28,"key":"Dexterity Potion"},{"floor":30,"key":"Weak Potion"},{"floor":35,"key":"FearPotion"},{"floor":40,"key":"PowerPotion"}],"is_trial":false,"path_per_floor":["M","?","$","?","$","E","M","M","T","R","M","?","T","M","R","B",null,"M","?","$","M","M","E","M","M","T","M","M","R","E","?","R","B",null,"M","?","$","M","?","E","?","?","T","$","E","?","R","M","R","B",null,"R","$","E","B",null],"character_chosen":"IRONCLAD","items_purchased":["Whirlwind","Corruption","Vajra","Feel No Pain","Havoc","Dark Shackles","Sentinel","Havoc","Meat on the Bone","Strength Potion","FossilizedHelix","StoneCalendar","Oddly Smooth Stone"],"campfire_rested":1,"item_purchase_floors":[3,3,3,20,20,20,37,37,44,44,44,44,44],"current_hp_per_floor":[71,51,51,40,40,16,22,27,27,51,50,50,50,56,56,40,70,70,67,67,65,71,65,59,65,65,71,62,62,67,67,67,73,78,80,80,80,80,80,80,80,76,76,76,76,66,66,74,74,74,76,76,76,76,60],"gold":112,"neow_bonus":"TWO_FIFTY_GOLD","is_prod":false,"is_daily":false,"chose_seed":false,"campfire_upgraded":5,"win_rate":0,"timestamp":1546555833,"path_taken":["M","?","$","?","?","E","M","?","T","R","?","?","?","M","R","BOSS","M","?","$","M","M","E","M","M","T","M","M","R","E","?","R","BOSS","M","?","$","?","?","E","?","?","T","$","E","?","R","M","R","BOSS","R","$","E","BOSS"],"build_version":"2018-12-20","purchased_purges":4,"victory":true,"max_hp_per_floor":[80,80,80,80,80,80,80,80,80,80,80,80,80,80,80,80,80,80,80,80,80,80,80,80,80,80,80,80,80,80,80,80,80,80,80,80,80,80,80,80,80,76,76,76,76,76,76,76,76,76,76,76,76,76,76],"card_choices":[{"not_picked":["Reckless Charge","Headbutt"],"picked":"Pommel Strike","floor":1},{"not_picked":["Clash","Heavy Blade"],"picked":"True Grit","floor":6},{"not_picked":["Dual Wield","Heavy Blade"],"picked":"Ghostly Armor","floor":7},{"not_picked":["Infernal Blade","Anger"],"picked":"Shrug It Off","floor":8},{"not_picked":["Infernal Blade","True Grit"],"picked":"Havoc","floor":11},{"not_picked":["Armaments","Warcry"],"picked":"Metallicize","floor":14},{"not_picked":["Brutality","Barricade"],"picked":"Offering","floor":16},{"not_picked":["Rage","Twin Strike+1","Armaments"],"picked":"SKIP","floor":18},{"not_picked":["Cleave","Armaments","Pommel Strike"],"picked":"SKIP","floor":21},{"not_picked":["Cleave","Armaments"],"picked":"Pommel Strike","floor":21},{"not_picked":["Iron Wave","Clothesline","Body Slam"],"picked":"SKIP","floor":22},{"not_picked":["Iron Wave","Clothesline","Body Slam"],"picked":"SKIP","floor":22},{"not_picked":["Iron Wave","Clothesline","Body Slam"],"picked":"SKIP","floor":22},{"not_picked":["Blood for Blood","Thunderclap+1","Whirlwind"],"picked":"SKIP","floor":23},{"not_picked":["Metallicize","Perfected Strike+1","Whirlwind+1"],"picked":"SKIP","floor":24},{"not_picked":["Headbutt","Cleave"],"picked":"Havoc","floor":25},{"not_picked":["Dual Wield","Infernal Blade","Pummel"],"picked":"SKIP","floor":27},{"not_picked":["Second Wind","Clash+1"],"picked":"Reaper","floor":28},{"not_picked":["Clothesline","Iron Wave+1"],"picked":"Impervious","floor":30},{"not_picked":["Double Tap","Feed"],"picked":"Brutality","floor":33},{"not_picked":["Anger+1","Combust"],"picked":"Feel No Pain","floor":35},{"not_picked":["Entrench+1","Ghostly Armor+1","Seeing Red+1","True Grit"],"picked":"SKIP","floor":38},{"not_picked":["Anger","Heavy Blade+1","Havoc+1"],"picked":"Offering","floor":40},{"not_picked":["True Grit","Clothesline+1","Pommel Strike"],"picked":"Shockwave+1","floor":41},{"not_picked":["Seeing Red+1","Second Wind+1","Blood for Blood","Dropkick"],"picked":"SKIP","floor":45},{"not_picked":["Swift Strike","Mind Blast","Jack Of All Trades"],"picked":"Mayhem","floor":46},{"not_picked":["Shrug It Off","Sever Soul+1","Thunderclap+1","Perfected Strike+1"],"picked":"SKIP","floor":48},{"not_picked":["Anger+1","Twin Strike","Blood for Blood"],"picked":"Sentinel+1","floor":54}],"player_experience":450379,"relics_obtained":[{"floor":6,"key":"Dead Branch"},{"floor":9,"key":"Shuriken"},{"floor":13,"key":"Ornamental Fan"},{"floor":23,"key":"War Paint"},{"floor":30,"key":"Regal Pillow"},{"floor":40,"key":"The Courier"},{"floor":41,"key":"Old Coin"},{"floor":43,"key":"Letter Opener"},{"floor":45,"key":"Boot"},{"floor":54,"key":"Pantograph"}],"event_choices":[{"damage_healed":0,"gold_gain":0,"player_choice":"Take Damage","damage_taken":20,"relics_obtained":["Golden Idol"],"max_hp_gain":0,"max_hp_loss":0,"event_name":"Golden Idol","floor":2,"gold_loss":0},{"damage_healed":0,"gold_gain":75,"player_choice":"Gather Gold","damage_taken":11,"max_hp_gain":0,"max_hp_loss":0,"event_name":"World of Goop","floor":4,"gold_loss":0},{"damage_healed":0,"gold_gain":0,"player_choice":"Grow","damage_taken":0,"max_hp_gain":0,"max_hp_loss":0,"event_name":"Living Wall","floor":12,"gold_loss":0,"cards_upgraded":["True Grit"]},{"damage_healed":0,"gold_gain":0,"player_choice":"Fight","damage_taken":0,"max_hp_gain":0,"max_hp_loss":0,"event_name":"Colosseum","floor":19,"gold_loss":0},{"damage_healed":0,"gold_gain":0,"player_choice":"Fled From Nobs","damage_taken":0,"max_hp_gain":0,"max_hp_loss":0,"event_name":"Colosseum","floor":19,"gold_loss":0},{"damage_healed":0,"gold_gain":0,"player_choice":"Ignored","damage_taken":0,"max_hp_gain":0,"max_hp_loss":0,"event_name":"Vampires","floor":31,"gold_loss":0},{"damage_healed":0,"gold_gain":0,"player_choice":"Gave Potion","damage_taken":0,"relics_obtained":["Question Card"],"max_hp_gain":0,"max_hp_loss":0,"event_name":"WeMeetAgain","floor":36,"gold_loss":0},{"damage_healed":0,"gold_gain":333,"player_choice":"Gave Idol","damage_taken":0,"max_hp_gain":0,"max_hp_loss":0,"event_name":"The Moai Head","floor":39,"relics_lost":["Golden Idol"],"gold_loss":0},{"damage_healed":0,"gold_gain":0,"player_choice":"Fight","damage_taken":0,"max_hp_gain":0,"max_hp_loss":0,"event_name":"MindBloom","floor":41,"gold_loss":0},{"damage_healed":0,"gold_gain":0,"player_choice":"Max HP","damage_taken":0,"max_hp_gain":0,"max_hp_loss":4,"event_name":"Winding Halls","floor":42,"gold_loss":0},{"damage_healed":0,"gold_gain":0,"player_choice":"Memory 3","damage_taken":10,"max_hp_gain":0,"max_hp_loss":0,"event_name":"SensoryStone","floor":46,"gold_loss":0}],"is_beta":false,"boss_relics":[{"not_picked":["Lizard Tail","Runic Pyramid"],"picked":"Philosopher\u0027s Stone"},{"not_picked":["Velvet Choker","White Beast Statue"],"picked":"Black Blood"}],"items_purged_floors":[3,5,37,44],"is_endless":false,"potions_floor_spawned":[6,11,18,25,28,30,33,35,40,48,54],"ascension_level":7}