{"gold_per_floor":[112,125,40,40,53,53,78,78,155,155,155,168,14,58,58,148,148,161,181,201,220,244,244,285,0,25,25,44,79,79,79,79,155,155,169,169,169,10,21,21,50,50,50,50,66,86,86,98,98,98],"floor_reached":51,"playtime":2729,"items_purged":["Strike_B"],"score":1330,"play_id":"e7e63b47-5248-4f74-8e58-5911fb9ef161","local_time":"20190302225027","is_ascension_mode":true,"campfire_choices":[{"data":"Defragment","floor":6.0,"key":"SMITH"},{"data":"Blind","floor":15.0,"key":"SMITH"},{"data":"Seek","floor":23.0,"key":"SMITH"},{"floor":30.0,"key":"REST"},{"data":"Loop","floor":32.0,"key":"SMITH"},{"data":"Buffer","floor":40.0,"key":"SMITH"},{"data":"Sunder","floor":42.0,"key":"SMITH"},{"data":"Hologram","floor":47.0,"key":"SMITH"},{"data":"Coolheaded","floor":49.0,"key":"SMITH"}],"neow_cost":"NONE","seed_source_timestamp":44151739889834,"circlet_count":0,"master_deck":["AscendersBane","Strike_B+1","Strike_B","Strike_B","Defend_B","Defend_B","Defend_B","Defend_B","Zap","Dualcast","Cold Snap","Leap","Doom and Gloom+1","Defragment+1","Blind+1","Seek+1","Compile Driver","Conserve Battery","Reinforced Body","Loop+1","Buffer+1","Coolheaded+1","Madness","Madness","Defragment+1","Sunder+1","Double Energy","Hologram+1"],"special_seed":0,"relics":["Cracked Core","Regal Pillow","DataDisk","Cables","Bloody Idol","Symbiotic Virus","Orichalcum","Sozu","Sundial","Dream Catcher","Happy Flower","Nuclear Battery","Dead Branch","Gremlin Horn"],"potions_floor_usage":[],"damage_taken":[{"damage":10.0,"enemies":"2 Louse","floor":1.0,"turns":2.0},{"damage":0.0,"enemies":"Small Slimes","floor":2.0,"turns":3.0},{"damage":0.0,"enemies":"Cultist","floor":5.0,"turns":3.0},{"damage":11.0,"enemies":"Lagavulin","floor":7.0,"turns":5.0},{"damage":1.0,"enemies":"Exordium Wildlife","floor":12.0,"turns":2.0},{"damage":4.0,"enemies":"Gremlin Nob","floor":14.0,"turns":3.0},{"damage":1.0,"enemies":"Hexaghost","floor":16.0,"turns":9.0},{"damage":8.0,"enemies":"Shell Parasite","floor":18.0,"turns":3.0},{"damage":0.0,"enemies":"Chosen","floor":19.0,"turns":4.0},{"damage":0.0,"enemies":"Centurion and Healer","floor":20.0,"turns":5.0},{"damage":16.0,"enemies":"Snecko","floor":21.0,"turns":5.0},{"damage":3.0,"enemies":"3 Cultists","floor":22.0,"turns":4.0},{"damage":21.0,"enemies":"Slavers","floor":24.0,"turns":5.0},{"damage":2.0,"enemies":"Cultist and Chosen","floor":28.0,"turns":4.0},{"damage":10.0,"enemies":"Gremlin Leader","floor":29.0,"turns":6.0},{"damage":12.0,"enemies":"Champ","floor":33.0,"turns":9.0},{"damage":0.0,"enemies":"Orb Walker","floor":35.0,"turns":3.0},{"damage":1.0,"enemies":"3 Darklings","floor":39.0,"turns":6.0},{"damage":0.0,"enemies":"Giant Head","floor":41.0,"turns":7.0},{"damage":19.0,"enemies":"Writhing Mass","floor":45.0,"turns":4.0},{"damage":0.0,"enemies":"Spire Growth","floor":46.0,"turns":5.0},{"damage":1.0,"enemies":"Sphere and 2 Shapes","floor":48.0,"turns":5.0},{"damage":43,"enemies":"Awakened One","floor":50,"turns":26}],"seed_played":"1101578252235607206","potions_obtained":[{"floor":5.0,"key":"LiquidBronze"},{"floor":12.0,"key":"Dexterity Potion"},{"floor":14.0,"key":"Regen Potion"}],"is_trial":false,"path_per_floor":["M","M","$","?","M","R","E","?","T","?","T","M","$","E","R","B",null,"M","M","M","M","M","R","E","?","T","$","M","E","R","?","R","B",null,"M","?","?","$","M","R","E","R","T","$","M","M","R","M","R","B",null],"character_chosen":"DEFECT","items_purchased":["Doom and Gloom","Blind","SkillPotion","Sunder"],"campfire_rested":1,"item_purchase_floors":[3,13,13,38],"current_hp_per_floor":[54,54,54,33,33,33,22,22,22,22,22,21,21,17,17,16,52,44,44,44,42,39,39,18,18,18,18,16,6,40,40,40,33,56,61,49,49,49,53,53,58,58,58,58,44,49,49,53,53,10],"gold":98,"neow_bonus":"RANDOM_COMMON_RELIC","is_prod":false,"is_daily":false,"chose_seed":false,"campfire_upgraded":8,"win_rate":0,"timestamp":1551563427,"path_taken":["M","M","$","?","M","R","E","?","T","?","?","M","$","E","R","BOSS","M","M","M","M","?","R","E","?","T","$","M","E","R","?","R","BOSS","M","?","?","$","M","R","E","R","T","$","M","?","R","M","R","BOSS"],"build_version":"2019-01-23","purchased_purges":1,"victory":true,"max_hp_per_floor":[71,71,71,71,71,71,71,71,71,64,64,64,64,64,64,64,64,64,64,64,64,64,64,64,64,64,64,64,64,64,64,64,64,64,64,64,64,64,64,64,64,64,64,64,64,64,64,64,64,64],"card_choices":[{"not_picked":["Go for the Eyes","Tempest"],"picked":"Cold Snap","floor":1.0},{"not_picked":["Compile Driver","Beam Cell"],"picked":"Leap","floor":2.0},{"not_picked":["Streamline","Auto Shields"],"picked":"Defragment","floor":5.0},{"not_picked":["Gash","Recycle","Steam"],"picked":"SKIP","floor":7.0},{"not_picked":["Fusion","Beam Cell","Rebound"],"picked":"SKIP","floor":12.0},{"not_picked":["Steam","Go for the Eyes","Coolheaded"],"picked":"SKIP","floor":14.0},{"not_picked":["Core Surge","Creative AI"],"picked":"Seek","floor":16.0},{"not_picked":["Stack","Redo","Cold Snap"],"picked":"SKIP","floor":18.0},{"not_picked":["Rebound","Skim","Cold Snap"],"picked":"SKIP","floor":19.0},{"not_picked":["Compile Driver","White Noise","Hologram"],"picked":"SKIP","floor":20.0},{"not_picked":["White Noise","Hologram"],"picked":"Compile Driver","floor":20.0},{"not_picked":["Leap","Steam","Double Energy+1"],"picked":"SKIP","floor":21.0},{"not_picked":["Hologram","Sweeping Beam"],"picked":"Conserve Battery","floor":22.0},{"not_picked":["Tempest","Scrape","Amplify"],"picked":"SKIP","floor":24.0},{"not_picked":["Streamline","Blizzard","Redo"],"picked":"SKIP","floor":28.0},{"not_picked":["Hologram","Sweeping Beam"],"picked":"Reinforced Body","floor":29.0},{"not_picked":["Compile Driver","Hologram+1"],"picked":"Loop","floor":30.0},{"not_picked":["Electrodynamics","Meteor Strike"],"picked":"Buffer","floor":33.0},{"not_picked":["Barrage","Sweeping Beam"],"picked":"Coolheaded","floor":35.0},{"not_picked":["Gash","Static Discharge+1","Auto Shields"],"picked":"SKIP","floor":39.0},{"not_picked":["Redo","Lockon"],"picked":"Double Energy","floor":41.0},{"not_picked":["Reprogram+1","Streamline","Turbo+1"],"picked":"SKIP","floor":45.0},{"not_picked":["Ball Lightning","Blizzard+1"],"picked":"Hologram","floor":46.0},{"not_picked":["FTL","Barrage","BootSequence"],"picked":"SKIP","floor":48.0}],"player_experience":433913,"relics_obtained":[{"floor":7.0,"key":"DataDisk"},{"floor":9.0,"key":"Cables"},{"floor":11.0,"key":"Symbiotic Virus"},{"floor":14.0,"key":"Orichalcum"},{"floor":24.0,"key":"Sundial"},{"floor":26.0,"key":"Dream Catcher"},{"floor":29.0,"key":"Happy Flower"},{"floor":41.0,"key":"Dead Branch"},{"floor":43.0,"key":"Gremlin Horn"}],"event_choices":[{"damage_healed":0.0,"max_hp_gain":0.0,"max_hp_loss":0.0,"gold_gain":0.0,"event_name":"Shining Light","player_choice":"Entered Light","floor":4.0,"gold_loss":0.0,"damage_taken":21.0,"cards_upgraded":["Doom and Gloom","Strike_B"]},{"damage_healed":0.0,"max_hp_gain":0.0,"max_hp_loss":0.0,"gold_gain":0.0,"event_name":"Liars Game","player_choice":"Ignored","floor":8.0,"gold_loss":0.0,"damage_taken":0.0},{"damage_healed":0.0,"max_hp_gain":0.0,"max_hp_loss":7.0,"gold_gain":0.0,"event_name":"Golden Idol","player_choice":"Lose Max HP","floor":10.0,"gold_loss":0.0,"damage_taken":0.0,"relics_obtained":["Golden Idol"]},{"damage_healed":0.0,"max_hp_gain":0.0,"max_hp_loss":0.0,"gold_gain":0.0,"event_name":"Masked Bandits","player_choice":"Paid Fearfully","floor":25.0,"gold_loss":285.0,"damage_taken":0.0},{"damage_healed":0.0,"max_hp_gain":0.0,"max_hp_loss":0.0,"gold_gain":0.0,"event_name":"Forgotten Altar","player_choice":"Gave Idol","floor":31.0,"relics_lost":["Golden Idol"],"gold_loss":0.0,"damage_taken":0.0,"relics_obtained":["Bloody Idol"]},{"damage_healed":0.0,"max_hp_gain":0.0,"max_hp_loss":0.0,"gold_gain":0.0,"event_name":"Winding Halls","player_choice":"Embrace Madness","floor":36.0,"gold_loss":0.0,"damage_taken":12.0,"cards_obtained":["Madness","Madness"]},{"damage_healed":0.0,"max_hp_gain":0.0,"max_hp_loss":0.0,"gold_gain":0.0,"event_name":"Duplicator","player_choice":"Copied","floor":37.0,"gold_loss":0.0,"damage_taken":0.0,"cards_obtained":["Defragment"]}],"is_beta":false,"boss_relics":[{"not_picked":["Tiny House","Snecko Eye"],"picked":"Sozu"},{"not_picked":["Empty Cage","White Beast Statue"],"picked":"Nuclear Battery"}],"items_purged_floors":[38],"is_endless":false,"potions_floor_spawned":[5,12,14,19,20,24,28,29,35,46],"ascension_level":16}