{"gold_per_floor":[115,134,150,165,227,259,259,259,259,276,294,305,339,121,121,221,221,238,254,4,18,31,31],"floor_reached":23,"playtime":1860,"items_purged":["Strike_R"],"score":207,"play_id":"7bc77dde-ec16-4860-9a5c-8cb28a9d080d","local_time":"20180729023719","is_ascension_mode":false,"campfire_choices":[{"floor":8,"key":"REST"},{"data":"Armaments","floor":15,"key":"SMITH"}],"neow_cost":"NONE","seed_source_timestamp":1494737762417661,"circlet_count":0,"master_deck":["Strike_R","Strike_R","Strike_R","Strike_R","Defend_R","Defend_R","Defend_R","Defend_R","Bash+1","Spot Weakness","Iron Wave","Body Slam","Cleave","Anger","Bludgeon","Thunderclap","Armaments+1","Flame Barrier","Cleave","Juggernaut","Impervious","Regret","Decay","Clumsy","Armaments","Limit Break","Entrench+1","Ghostly Armor"],"relics":["Burning Blood","Gremlin Horn","Mango","Magic Flower","Bag of Preparation","Calling Bell","Vajra","Darkstone Periapt","Thread and Needle","Bottled Lightning"],"potions_floor_usage":[16,21,23,23,23],"damage_taken":[{"damage":14,"enemies":"Jaw Worm","floor":1,"turns":4},{"damage":9,"enemies":"2 Louse","floor":2,"turns":3},{"damage":0,"enemies":"Cultist","floor":3,"turns":4},{"damage":6,"enemies":"Blue Slaver","floor":4,"turns":5},{"damage":41,"enemies":"Lagavulin","floor":6,"turns":8},{"damage":3,"enemies":"Lots of Slimes","floor":10,"turns":3},{"damage":7,"enemies":"3 Louse","floor":11,"turns":4},{"damage":3,"enemies":"Gremlin Gang","floor":12,"turns":2},{"damage":36,"enemies":"Gremlin Nob","floor":13,"turns":5},{"damage":45,"enemies":"The Guardian","floor":16,"turns":10},{"damage":22,"enemies":"Chosen","floor":18,"turns":7},{"damage":20,"enemies":"3 Byrds","floor":19,"turns":6},{"damage":8,"enemies":"Centurion and Healer","floor":21,"turns":6},{"damage":18,"enemies":"Snake Plant","floor":22,"turns":5},{"damage":68,"enemies":"Gremlin Leader","floor":23,"turns":5}],"seed_played":"7486523125536629200","potions_obtained":[{"floor":1,"key":"SmokeBomb"},{"floor":6,"key":"FearPotion"},{"floor":11,"key":"GamblersBrew"},{"floor":13,"key":"Regen Potion"},{"floor":16,"key":"Ancient Potion"},{"floor":19,"key":"Dexterity Potion"},{"floor":21,"key":"Swift Potion"}],"is_trial":false,"path_per_floor":["M","M","M","M","?","E","?","R","T","M","M","M","E","$","R","B",null,"M","M","$","M","M"],"character_chosen":"IRONCLAD","items_purchased":["Bag of Preparation","Bottled Lightning"],"campfire_rested":1,"item_purchase_floors":[14,20],"current_hp_per_floor":[72,69,75,75,75,40,40,64,78,81,80,83,53,53,53,41,94,81,70,70,71,62,0],"gold":31,"neow_bonus":"UPGRADE_CARD","is_prod":false,"is_daily":false,"chose_seed":false,"campfire_upgraded":1,"win_rate":0.0,"timestamp":1532824639,"path_taken":["M","M","M","M","?","E","?","R","T","M","M","M","E","$","R","BOSS","M","M","$","M","?","E"],"build_version":"2018-07-26","purchased_purges":1,"victory":false,"max_hp_per_floor":[80,80,80,80,80,80,80,80,94,94,94,94,94,94,94,94,94,94,94,94,94,94,94],"card_choices":[{"not_picked":["Hemokinesis","Pommel Strike"],"picked":"Spot Weakness","floor":1},{"not_picked":["Clash","Flex"],"picked":"Iron Wave","floor":2},{"not_picked":["Searing Blow","Perfected Strike"],"picked":"Body Slam","floor":3},{"not_picked":["Iron Wave","Offering"],"picked":"Cleave","floor":4},{"not_picked":["Battle Trance","Whirlwind"],"picked":"Anger","floor":6},{"not_picked":["Shrug It Off","Headbutt"],"picked":"Armaments","floor":10},{"not_picked":["Reckless Charge","Corruption"],"picked":"Flame Barrier","floor":11},{"not_picked":["Infernal Blade","Combust"],"picked":"Cleave","floor":12},{"not_picked":["Anger","Power Through"],"picked":"Juggernaut","floor":13},{"not_picked":["Fiend Fire","Reaper"],"picked":"Impervious","floor":16},{"not_picked":["Sword Boomerang+1","Dual Wield"],"picked":"Armaments","floor":18},{"not_picked":["Shrug It Off","Corruption"],"picked":"Limit Break","floor":19},{"not_picked":["Burning Pact","Infernal Blade"],"picked":"Entrench+1","floor":21},{"not_picked":["Clash","Twin Strike"],"picked":"Ghostly Armor","floor":22}],"player_experience":36628,"relics_obtained":[{"floor":6,"key":"Gremlin Horn"},{"floor":9,"key":"Mango"},{"floor":13,"key":"Magic Flower"},{"floor":17,"key":"Vajra"},{"floor":17,"key":"Darkstone Periapt"},{"floor":17,"key":"Thread and Needle"}],"event_choices":[{"event_name":"Golden Wing","player_choice":"Gained Gold","floor":5,"damage_taken":0},{"event_name":"Match and Keep!","player_choice":"2 cards matched","floor":7,"damage_taken":0}],"is_beta":false,"boss_relics":[{"not_picked":["Snecko Eye","Mark of Pain"],"picked":"Calling Bell"}],"items_purged_floors":[14],"is_endless":false,"potions_floor_spawned":[1,6,11,13,16,19,21],"killed_by":"Gremlin Leader","ascension_level":0}