{"gold_per_floor":[114,114,129,129,129,129,10,36,36,36],"floor_reached":10,"playtime":438,"items_purged":[],"score":96,"play_id":"785eb160-ef10-47d4-9cd8-f787fd189dce","local_time":"20190130190855","is_ascension_mode":true,"campfire_choices":[{"data":"Clothesline","floor":6.0,"key":"SMITH"}],"neow_cost":"NONE","seed_source_timestamp":466550691828412,"circlet_count":0,"master_deck":["AscendersBane","Strike_R+1","Strike_R","Strike_R","Strike_R","Defend_R","Defend_R","Defend_R","Defend_R","Bash","Body Slam+1","Clothesline+1","Headbutt","Regret"],"special_seed":0,"relics":["Burning Blood","The Courier","Whetstone","Bird Faced Urn","Meat on the Bone"],"potions_floor_usage":[],"damage_taken":[{"damage":9.0,"enemies":"Jaw Worm","floor":1.0,"turns":6.0},{"damage":1.0,"enemies":"2 Louse","floor":3.0,"turns":3.0},{"damage":41.0,"enemies":"Lagavulin","floor":8.0,"turns":7.0},{"damage":36,"enemies":"3 Sentries","floor":10,"turns":5}],"seed_played":"4589249121519822522","potions_obtained":[],"is_trial":false,"path_per_floor":["M","?","M","?","?","R","$","E","T","E"],"character_chosen":"IRONCLAD","items_purchased":["Whetstone"],"campfire_rested":0,"item_purchase_floors":[7],"current_hp_per_floor":[69,62,67,67,67,67,67,32,32,0],"gold":36,"neow_bonus":"THREE_CARDS","is_prod":false,"is_daily":false,"chose_seed":false,"campfire_upgraded":1,"win_rate":0,"timestamp":1548871735,"path_taken":["M","?","M","?","?","R","$","E","T","E"],"build_version":"2019-01-23","purchased_purges":0,"victory":false,"max_hp_per_floor":[80,80,80,80,80,80,80,80,80,80],"card_choices":[{"not_picked":["Ghostly Armor","Searing Blow"],"picked":"Body Slam","floor":0.0},{"not_picked":["Anger","Armaments"],"picked":"Clothesline","floor":1.0},{"not_picked":["Shockwave","Sever Soul"],"picked":"Headbutt","floor":3.0},{"not_picked":["Body Slam","Combust","Twin Strike"],"picked":"SKIP","floor":8.0}],"player_experience":192462,"relics_obtained":[{"floor":8.0,"key":"Bird Faced Urn"},{"floor":9.0,"key":"Meat on the Bone"}],"event_choices":[{"cards_removed":["Strike_R"],"damage_healed":0.0,"max_hp_gain":0.0,"max_hp_loss":0.0,"gold_gain":0.0,"event_name":"Golden Wing","player_choice":"Card Removal","floor":2.0,"gold_loss":0.0,"damage_taken":7.0},{"damage_healed":0.0,"max_hp_gain":0.0,"max_hp_loss":0.0,"gold_gain":0.0,"event_name":"Big Fish","player_choice":"Box","floor":4.0,"gold_loss":0.0,"damage_taken":0.0,"relics_obtained":["The Courier"],"cards_obtained":["Regret"]},{"damage_healed":0.0,"max_hp_gain":0.0,"max_hp_loss":0.0,"gold_gain":0.0,"event_name":"Liars Game","player_choice":"Ignored","floor":5.0,"gold_loss":0.0,"damage_taken":0.0}],"is_beta":false,"boss_relics":[],"items_purged_floors":[],"is_endless":false,"potions_floor_spawned":[],"killed_by":"3 Sentries","ascension_level":10}