{"path_per_floor":["M","?","M","M","?","E","R","E","T","M","$","M","?","M","R","B",null,"M","?","M","?","M","R","E","$","T","M","$","E","M","M","R","B",null,"M","M","M","?","$","E","M","T","T","M","E","M","?","$","R","B"],"character_chosen":"DEFECT","items_purchased":["Hologram","Go for the Eyes","Cold Snap"],"gold_per_floor":[119,69,80,100,100,126,126,159,211,229,55,71,71,81,81,179,179,194,194,214,214,226,226,255,155,155,171,22,49,61,81,81,182,182,200,217,237,237,237,268,282,282,306,324,358,370,370,220,220,220],"floor_reached":51,"campfire_rested":2,"playtime":6873,"item_purchase_floors":[11,11,28],"current_hp_per_floor":[66,66,61,60,46,33,33,25,25,16,16,16,16,11,32,23,72,72,72,59,36,38,38,40,40,40,42,42,44,46,48,48,1,48,49,44,54,60,60,47,50,50,50,55,36,30,21,21,41,46],"items_purged":["Strike_B","Strike_B","Clumsy","Regret"],"gold":220,"score":887,"play_id":"a9044975-f86d-4b97-9f90-26338f4e9df8","local_time":"20180608215710","is_prod":false,"is_daily":false,"chose_seed":false,"is_ascension_mode":true,"campfire_upgraded":3,"win_rate":0,"timestamp":1528513030,"campfire_choices":[{"data":"Dualcast","floor":7,"key":"SMITH"},{"floor":15,"key":"REST"},{"data":"Blizzard","floor":23,"key":"SMITH"},{"data":"Hologram","floor":32,"key":"SMITH"},{"floor":49,"key":"REST"}],"path_taken":["M","?","M","?","?","E","R","E","T","M","$","M","?","M","R","BOSS","M","?","?","?","M","R","E","?","T","M","$","E","?","M","R","BOSS","M","?","M","?","?","E","M","?","T","M","E","?","?","$","R","BOSS"],"build_version":"2018-06-07v3","seed_source_timestamp":3765758574108,"purchased_purges":4,"victory":true,"master_deck":["Strike_B","Defend_B+1","Defend_B","Zap","Dualcast+1","Rip and Tear","Blizzard+1","Cold Snap","Beam Cell","Coolheaded","Hologram+1","Go for the Eyes","Leap","Core Surge","Coolheaded+1","Defend_B","RitualDagger","Cold Snap","Ghostly","Ghostly+1","Ghostly+1","Ghostly","Ghostly","Cold Snap","Echo Form","Glacier","Injury","Madness","Madness"],"max_hp_per_floor":[68,68,68,68,68,68,68,68,68,70,70,70,70,72,72,72,72,72,72,72,36,38,38,40,40,40,42,42,44,46,48,48,48,48,50,52,59,61,61,61,63,63,63,65,67,69,69,69,69,69],"relics":["Cracked Core","Bird Faced Urn","Letter Opener","Bag of Marbles","Singing Bowl","Cursed Key","War Paint","Shuriken","Blood Vial","Lizard Tail","Sundial","Oddly Smooth Stone","Meat on the Bone","Boot","Peace Pipe"],"card_choices":[{"not_picked":["Heatsinks","Lockon"],"picked":"Rip and Tear","floor":1},{"not_picked":["Doom and Gloom","Aggregate"],"picked":"Blizzard","floor":3},{"not_picked":["Defragment","Undo"],"picked":"Cold Snap","floor":4},{"not_picked":["Rebound","BootSequence"],"picked":"Beam Cell","floor":6},{"not_picked":["Consume","Ball Lightning"],"picked":"Coolheaded","floor":8},{"not_picked":["Undo","Beam Cell","Hologram"],"picked":"Singing Bowl","floor":10},{"not_picked":["Tempest","Blizzard"],"picked":"Leap","floor":12},{"not_picked":["Capacitor","Redo","Auto Shields"],"picked":"Singing Bowl","floor":14},{"not_picked":["Hyperbeam","Multi-Cast"],"picked":"Core Surge","floor":16},{"not_picked":["Sweeping Beam+1","Turbo+1"],"picked":"Coolheaded+1","floor":18},{"not_picked":["Conserve Battery","Stack+1"],"picked":"Cold Snap","floor":20},{"not_picked":["Sunder","Skim+1","Stack"],"picked":"Singing Bowl","floor":22},{"not_picked":["Beam Cell","Steam","Barrage"],"picked":"Singing Bowl","floor":24},{"not_picked":["Barrage","Rebound+1","Thunder Strike"],"picked":"Singing Bowl","floor":27},{"not_picked":["Coolheaded+1","Barrage","Stack"],"picked":"Singing Bowl","floor":29},{"not_picked":["Barrage","Ball Lightning+1","Coolheaded"],"picked":"Singing Bowl","floor":30},{"not_picked":["Leap","Doom and Gloom","Coolheaded+1"],"picked":"Singing Bowl","floor":31},{"not_picked":["Meteor Strike","Thunder Strike"],"picked":"Echo Form","floor":33},{"not_picked":["Sunder+1","Heatsinks","Compile Driver+1"],"picked":"Singing Bowl","floor":35},{"not_picked":["Go for the Eyes+1","Doom and Gloom","Barrage+1"],"picked":"Singing Bowl","floor":36},{"not_picked":["Fusion","Conserve Battery+1","Chaos"],"picked":"Singing Bowl","floor":37},{"not_picked":["Consume","Doom and Gloom","Steam+1"],"picked":"Singing Bowl","floor":38},{"not_picked":["Hologram+1","Go for the Eyes"],"picked":"Glacier","floor":40},{"not_picked":["Cold Snap+1","Reprogram+1","Undo+1"],"picked":"Singing Bowl","floor":41},{"not_picked":["Genetic Algorithm+1","Gash+1","Turbo+1"],"picked":"Singing Bowl","floor":44},{"not_picked":["Multi-Cast","Rebound","Coolheaded"],"picked":"Singing Bowl","floor":45},{"not_picked":["Turbo","Compile Driver+1","Rebound"],"picked":"Singing Bowl","floor":46}],"player_experience":193865,"potions_floor_usage":[6,6,18,20,24,24,37,50,50],"damage_taken":[{"damage":2,"enemies":"2 Louse","floor":1,"turns":3},{"damage":5,"enemies":"Small Slimes","floor":3,"turns":2},{"damage":1,"enemies":"Cultist","floor":4,"turns":3},{"damage":13,"enemies":"Gremlin Nob","floor":6,"turns":4},{"damage":8,"enemies":"3 Sentries","floor":8,"turns":7},{"damage":11,"enemies":"Exordium Thugs","floor":10,"turns":4},{"damage":0,"enemies":"Large Slime","floor":12,"turns":4},{"damage":7,"enemies":"Exordium Wildlife","floor":14,"turns":3},{"damage":9,"enemies":"The Guardian","floor":16,"turns":14},{"damage":0,"enemies":"Chosen","floor":18,"turns":3},{"damage":13,"enemies":"2 Thieves","floor":20,"turns":4},{"damage":0,"enemies":"Snecko","floor":22,"turns":5},{"damage":0,"enemies":"Slavers","floor":24,"turns":5},{"damage":0,"enemies":"Centurion and Healer","floor":27,"turns":8},{"damage":0,"enemies":"Gremlin Leader","floor":29,"turns":7},{"damage":0,"enemies":"Snake Plant","floor":30,"turns":6},{"damage":0,"enemies":"3 Cultists","floor":31,"turns":5},{"damage":47,"enemies":"Champ","floor":33,"turns":11},{"damage":1,"enemies":"Orb Walker","floor":35,"turns":5},{"damage":8,"enemies":"3 Shapes","floor":36,"turns":4},{"damage":1,"enemies":"3 Darklings","floor":37,"turns":6},{"damage":0,"floor":38,"turns":6},{"damage":16,"enemies":"2 Orb Walkers","floor":40,"turns":7},{"damage":3,"enemies":"4 Shapes","floor":41,"turns":6},{"damage":1,"enemies":"Maw","floor":44,"turns":8},{"damage":25,"enemies":"Nemesis","floor":45,"turns":9},{"damage":24,"enemies":"Sphere and 2 Shapes","floor":46,"turns":5},{"damage":11,"enemies":"Awakened One","floor":50,"turns":13}],"relics_obtained":[{"floor":6,"key":"Letter Opener"},{"floor":8,"key":"Bag of Marbles"},{"floor":9,"key":"Singing Bowl"},{"floor":24,"key":"War Paint"},{"floor":26,"key":"Shuriken"},{"floor":29,"key":"Blood Vial"},{"floor":38,"key":"Sundial"},{"floor":40,"key":"Oddly Smooth Stone"},{"floor":42,"key":"Meat on the Bone"},{"floor":43,"key":"Boot"},{"floor":45,"key":"Peace Pipe"}],"event_choices":[{"event_name":"The Cleric","player_choice":"Card Removal","floor":2,"damage_taken":0},{"event_name":"Shining Light","player_choice":"Entered Light","floor":5,"damage_taken":0},{"event_name":"Living Wall","player_choice":"Forget","floor":13,"damage_taken":0},{"event_name":"Nest","player_choice":"Joined the Cult","floor":19,"damage_taken":0},{"event_name":"Ghosts","player_choice":"Became a Ghost","floor":21,"damage_taken":0},{"event_name":"MindBloom","player_choice":"Fight","floor":38,"damage_taken":0},{"event_name":"Winding Halls","player_choice":"Embrace Madness","floor":47,"damage_taken":0}],"boss_relics":[{"not_picked":["Inserter","Velvet Choker"],"picked":"Cursed Key"},{"not_picked":["Runic Dome","White Beast Statue"],"picked":"Lizard Tail"}],"items_purged_floors":[11,25,28,48],"potions_floor_spawned":[1,3,4,6,16,20,22,31,35,36,37,40,46],"seed_played":"-1827135190589564643","ascension_level":2,"potions_obtained":[{"floor":1,"key":"SteroidPotion"},{"floor":3,"key":"Energy Potion"},{"floor":4,"key":"Swift Potion"},{"floor":6,"key":"Ancient Potion"},{"floor":16,"key":"SkillPotion"},{"floor":20,"key":"FairyPotion"},{"floor":22,"key":"Swift Potion"},{"floor":31,"key":"SneckoOil"},{"floor":35,"key":"Explosive Potion"},{"floor":36,"key":"Fruit Juice"},{"floor":37,"key":"Strength Potion"}],"is_trial":false}