{"gold_per_floor":[114,129,148,165,176,176,188,188,269,283,283,315,329,1,1,79,79,79,79,79,79,79,79,79,79,79,79,79,79,79,79,79,79,79,79,79,79,79,79,79,79,79,79,79,79,79,79,79,79,79],"floor_reached":51,"playtime":3701,"items_purged":[],"score":1579,"play_id":"06f203e6-bfa4-413e-8da2-2c766595d7cb","local_time":"20190128012432","is_ascension_mode":true,"campfire_choices":[{"data":"Infernal Blade","floor":6,"key":"SMITH"},{"data":"Armaments","floor":8,"key":"SMITH"},{"data":"Spot Weakness","floor":11,"key":"SMITH"},{"floor":15,"key":"REST"},{"floor":23,"key":"REST"},{"data":"Exhume","floor":25,"key":"SMITH"},{"data":"Shockwave","floor":28,"key":"SMITH"},{"data":"Offering","floor":32,"key":"SMITH"},{"floor":40,"key":"REST"},{"floor":42,"key":"REST"},{"floor":47,"key":"REST"},{"floor":49,"key":"REST"}],"neow_cost":"NONE","seed_source_timestamp":30193850025551,"circlet_count":0,"master_deck":["AscendersBane","Defend_R","Defend_R","Defend_R","Defend_R","Bash","Clothesline","Spot Weakness+1","Flame Barrier","Infernal Blade+1","Armaments+1","Reaper","Shrug It Off","Demon Form","Offering+1","Havoc+1","Second Wind+1","Immolate","Heavy Blade","Exhume+1","Shockwave+1","Metallicize","Bite","Bite","Bite","Bite","Bite","Offering","Evolve","Armaments+1","Second Wind","Parasite","Body Slam+1","Warcry","Pummel+1"],"relics":["Burning Blood","Self Forming Clay","Bottled Flame","Dead Branch","Ectoplasm","Ice Cream","Potion Belt","Pen Nib","Fusion Hammer","Dodecahedron","Spirit Poop","Gremlin Horn"],"potions_floor_usage":[12,16,24,33,37,48,50,50,50],"damage_taken":[{"damage":2,"enemies":"Cultist","floor":1,"turns":4},{"damage":8,"enemies":"Jaw Worm","floor":2,"turns":5},{"damage":16,"enemies":"Small Slimes","floor":3,"turns":5},{"damage":23,"enemies":"3 Louse","floor":4,"turns":6},{"damage":26,"enemies":"Lots of Slimes","floor":5,"turns":7},{"damage":5,"enemies":"Red Slaver","floor":7,"turns":3},{"damage":12,"enemies":"Large Slime","floor":10,"turns":6},{"damage":39,"enemies":"Lagavulin","floor":12,"turns":10},{"damage":7,"enemies":"2 Fungi Beasts","floor":13,"turns":3},{"damage":47,"enemies":"The Guardian","floor":16,"turns":9},{"damage":7,"enemies":"Chosen","floor":18,"turns":5},{"damage":14,"enemies":"Shell Parasite","floor":19,"turns":2},{"damage":16,"enemies":"Snecko","floor":20,"turns":6},{"damage":18,"enemies":"3 Cultists","floor":21,"turns":4},{"damage":21,"enemies":"Snake Plant","floor":22,"turns":4},{"damage":19,"enemies":"Book of Stabbing","floor":24,"turns":3},{"damage":18,"enemies":"Gremlin Leader","floor":27,"turns":5},{"damage":1,"enemies":"Centurion and Healer","floor":29,"turns":3},{"damage":21,"enemies":"Collector","floor":33,"turns":4},{"damage":31,"enemies":"3 Darklings","floor":35,"turns":3},{"damage":16,"enemies":"Orb Walker","floor":36,"turns":3},{"damage":24,"enemies":"Jaw Worm Horde","floor":37,"turns":2},{"damage":23,"enemies":"Writhing Mass","floor":38,"turns":4},{"damage":24,"enemies":"Spire Growth","floor":41,"turns":6},{"damage":23,"enemies":"Giant Head","floor":45,"turns":5},{"damage":19,"enemies":"Jaw Worm Horde","floor":46,"turns":3},{"damage":0,"enemies":"Reptomancer","floor":48,"turns":2},{"damage":49,"enemies":"Donu and Deca","floor":50,"turns":5}],"seed_played":"5888024662381055613","potions_obtained":[{"floor":2,"key":"Dexterity Potion"},{"floor":7,"key":"Regen Potion"},{"floor":16,"key":"Weak Potion"},{"floor":21,"key":"PowerPotion"},{"floor":24,"key":"Strength Potion"},{"floor":31,"key":"SmokeBomb"},{"floor":31,"key":"Swift Potion"},{"floor":33,"key":"Strength Potion"},{"floor":37,"key":"Swift Potion"},{"floor":38,"key":"Strength Potion"}],"is_trial":false,"path_per_floor":["M","M","M","M","M","R","M","R","T","M","R","E","M","$","R","B",null,"M","M","M","M","M","R","E","R","T","E","R","M","?","?","R","B",null,"M","M","M","M","?","R","M","R","T","?","E","M","R","E","R","B",null],"character_chosen":"IRONCLAD","items_purchased":["Dead Branch"],"campfire_rested":6,"item_purchase_floors":[14],"current_hp_per_floor":[79,77,67,50,30,30,31,31,31,25,25,9,16,16,40,20,67,66,58,52,40,29,53,40,40,40,40,40,55,55,55,55,43,54,46,39,27,16,27,44,40,57,57,57,52,50,57,57,57,16],"gold":79,"neow_bonus":"TEN_PERCENT_HP_BONUS","is_prod":false,"is_daily":false,"chose_seed":false,"campfire_upgraded":6,"win_rate":0,"timestamp":1548667472,"path_taken":["M","M","M","M","M","R","M","R","T","M","R","E","M","$","R","BOSS","M","M","M","M","M","R","E","R","T","E","R","M","?","?","R","BOSS","M","M","?","M","?","R","M","R","T","?","E","?","R","E","R","BOSS"],"build_version":"2019-01-23","purchased_purges":0,"victory":true,"max_hp_per_floor":[82,82,82,82,82,82,82,82,82,82,82,82,82,82,82,82,82,82,82,82,82,82,82,82,82,82,82,82,82,57,57,57,57,57,57,57,57,57,57,57,57,57,57,57,57,57,57,57,57,57],"card_choices":[{"not_picked":["Blood for Blood","Clash"],"picked":"Clothesline","floor":1},{"not_picked":["Heavy Blade","Combust","Feel No Pain"],"picked":"SKIP","floor":2},{"not_picked":["Clothesline","Havoc"],"picked":"Spot Weakness","floor":3},{"not_picked":["Body Slam","Clash"],"picked":"Flame Barrier","floor":4},{"not_picked":["Clash","Armaments"],"picked":"Infernal Blade","floor":5},{"not_picked":["Pommel Strike","Iron Wave"],"picked":"Armaments","floor":7},{"not_picked":["Clash","Power Through"],"picked":"Reaper","floor":10},{"not_picked":["Intimidate","Ghostly Armor"],"picked":"Shrug It Off","floor":12},{"not_picked":["Warcry","Armaments"],"picked":"Demon Form","floor":13},{"not_picked":["Immolate","Feed"],"picked":"Offering","floor":16},{"not_picked":["Cleave","Anger"],"picked":"Havoc+1","floor":18},{"not_picked":["Clash","Headbutt"],"picked":"Second Wind+1","floor":19},{"not_picked":["Sword Boomerang","Searing Blow"],"picked":"Immolate","floor":20},{"not_picked":["Sword Boomerang","Uppercut","Pommel Strike"],"picked":"SKIP","floor":21},{"not_picked":["Flex","Armaments"],"picked":"Heavy Blade","floor":22},{"not_picked":["Havoc","Dropkick"],"picked":"Exhume","floor":24},{"not_picked":["Whirlwind","Immolate"],"picked":"Shockwave","floor":27},{"not_picked":["Thunderclap","Flex"],"picked":"Metallicize","floor":29},{"not_picked":["Dark Embrace","Juggernaut"],"picked":"Offering","floor":33},{"not_picked":["Searing Blow","Anger"],"picked":"Evolve","floor":35},{"not_picked":["Rampage","Pommel Strike"],"picked":"Armaments+1","floor":36},{"not_picked":["Headbutt","Shrug It Off"],"picked":"Second Wind","floor":37},{"not_picked":["Cleave","Flex","Body Slam"],"picked":"SKIP","floor":38},{"not_picked":["Double Tap","Shrug It Off"],"picked":"Body Slam+1","floor":41},{"not_picked":["Thunderclap","Pommel Strike"],"picked":"Warcry","floor":45},{"not_picked":["Clash","Headbutt"],"picked":"Pummel+1","floor":46}],"player_experience":1168477,"relics_obtained":[{"floor":9,"key":"Self Forming Clay"},{"floor":12,"key":"Bottled Flame"},{"floor":24,"key":"Ice Cream"},{"floor":26,"key":"Potion Belt"},{"floor":27,"key":"Pen Nib"},{"floor":43,"key":"Dodecahedron"},{"floor":45,"key":"Gremlin Horn"}],"event_choices":[{"damage_healed":0,"gold_gain":0,"player_choice":"Became a vampire","damage_taken":0,"max_hp_gain":0,"max_hp_loss":25,"event_name":"Vampires","floor":30,"gold_loss":0,"cards_obtained":["Bite","Bite","Bite","Bite","Bite"]},{"damage_healed":0,"gold_gain":0,"player_choice":"Got Potions","damage_taken":0,"max_hp_gain":0,"max_hp_loss":0,"event_name":"Lab","floor":31,"gold_loss":0},{"damage_healed":11,"gold_gain":0,"player_choice":"Writhe","damage_taken":0,"max_hp_gain":0,"max_hp_loss":0,"event_name":"Winding Halls","floor":39,"gold_loss":0,"cards_obtained":["Writhe"]},{"cards_removed":["Writhe"],"damage_healed":0,"gold_gain":0,"player_choice":"Offered Curse","damage_taken":0,"relics_obtained":["Spirit Poop"],"max_hp_gain":0,"max_hp_loss":0,"event_name":"Bonfire Elementals","floor":44,"gold_loss":0}],"is_beta":false,"boss_relics":[{"not_picked":["Tiny House","Runic Cube"],"picked":"Ectoplasm"},{"not_picked":["Coffee Dripper","White Beast Statue"],"picked":"Fusion Hammer"}],"items_purged_floors":[],"is_endless":false,"potions_floor_spawned":[2,7,10,16,21,24,33,37,38,41,46],"ascension_level":18}