{"path_per_floor":["M","M","?","M","$","E","R","T","T","M","R","M","$","M","R","B",null,"M","?","M"],"character_chosen":"THE_SILENT","items_purchased":["Noxious Fumes","Crippling Poison","Poisoned Stab","Ice Cream"],"gold_per_floor":[119,135,210,220,111,436,436,436,460,475,475,486,59,75,75,152,152,164,194,205,205],"floor_reached":21,"campfire_rested":2,"playtime":1463,"item_purchase_floors":[5,5,13,13],"current_hp_per_floor":[62,51,40,38,38,17,35,35,35,26,44,43,43,40,40,9,50,49,49,26,0],"items_purged":["Strike_G"],"gold":205,"score":299,"play_id":"a60f239e-470e-45c9-9cdd-28c077903211","local_time":"20180602181406","is_prod":false,"is_daily":false,"chose_seed":false,"is_ascension_mode":true,"campfire_upgraded":1,"win_rate":0,"timestamp":1527988446,"campfire_choices":[{"floor":7,"key":"REST"},{"floor":11,"key":"REST"},{"data":"Footwork","floor":15,"key":"SMITH"}],"path_taken":["M","M","?","M","?","E","R","?","T","M","R","?","$","?","R","BOSS","M","?","M","?"],"build_version":"2018-05-31","seed_source_timestamp":14362966599359,"purchased_purges":1,"victory":false,"master_deck":["Survivor","Neutralize","AscendersBane","Deadly Poison","Backstab","Heel Hook","Noxious Fumes","Crippling Poison","Footwork+1","Bouncing Flask","Poisoned Stab","Burst","Riddle With Holes","Underhanded Strike","Backflip","Dodge and Roll","Prepared","Flying Knee","Prepared","Slice","Deflect","Bane","Writhe","Dodge and Roll"],"max_hp_per_floor":[63,63,63,63,63,63,63,63,63,63,63,63,63,63,63,63,63,63,63,63,63],"relics":["Ring of the Snake","Peace Pipe","Old Coin","Bottled Tornado","Happy Flower","Ice Cream","Pandora\u0027s Box","Tiny Chest"],"card_choices":[{"not_picked":["Heel Hook","Cloak And Dagger"],"picked":"Deadly Poison","floor":1},{"not_picked":["Underhanded Strike","Flying Knee"],"picked":"Backstab","floor":2},{"not_picked":["Endless Agony","Flying Knee"],"picked":"Heel Hook","floor":4},{"not_picked":["Dodge and Roll","PiercingWail"],"picked":"Footwork","floor":6},{"not_picked":["Slice","Acrobatics","Sucker Punch"],"picked":"SKIP","floor":10},{"not_picked":["Slice","Acrobatics","Sucker Punch"],"picked":"SKIP","floor":10},{"not_picked":["Prepared","Deflect"],"picked":"Bouncing Flask","floor":12},{"not_picked":["Backflip","Dagger Spray","Predator"],"picked":"SKIP","floor":14},{"not_picked":["Doppelganger","Die Die Die"],"picked":"Burst","floor":16},{"not_picked":["Deadly Poison","Prepared"],"picked":"Bane","floor":18},{"not_picked":["Dagger Spray","PiercingWail"],"picked":"Dodge and Roll","floor":20}],"player_experience":550478,"potions_floor_usage":[14,18],"damage_taken":[{"damage":1,"enemies":"Cultist","floor":1,"turns":4},{"damage":11,"enemies":"2 Louse","floor":2,"turns":3},{"damage":2,"enemies":"Jaw Worm","floor":4,"turns":4},{"damage":21,"enemies":"Lagavulin","floor":6,"turns":6},{"damage":9,"enemies":"Exordium Thugs","floor":10,"turns":5},{"damage":1,"enemies":"Blue Slaver","floor":12,"turns":4},{"damage":3,"enemies":"Lots of Slimes","floor":14,"turns":2},{"damage":31,"enemies":"Slime Boss","floor":16,"turns":12},{"damage":1,"enemies":"3 Byrds","floor":18,"turns":3},{"damage":23,"enemies":"Shell Parasite","floor":20,"turns":5},{"damage":30,"enemies":"Masked Bandits","floor":21,"turns":3}],"relics_obtained":[{"floor":6,"key":"Old Coin"},{"floor":8,"key":"Bottled Tornado"},{"floor":9,"key":"Happy Flower"}],"event_choices":[{"event_name":"World of Goop","player_choice":"Gather Gold","floor":3,"damage_taken":0},{"event_name":"The Mausoleum","player_choice":"Yes","floor":19,"damage_taken":0},{"event_name":"Masked Bandits","player_choice":"Fought over 205 gold","floor":21,"damage_taken":0}],"boss_relics":[{"not_picked":["Tiny House","Eternal Feather"],"picked":"Pandora\u0027s Box"}],"items_purged_floors":[13],"potions_floor_spawned":[1,16,18],"seed_played":"8890479106525206433","killed_by":"Masked Bandits","ascension_level":13,"potions_obtained":[{"floor":1,"key":"AttackPotion"},{"floor":16,"key":"PowerPotion"},{"floor":18,"key":"GamblersBrew"}],"is_trial":false}