{"gold_per_floor":[114,289,39,39,39,39,72,72,120,120,120,120,21,49,49,145,145,164,176,86,86,86,115,115,140,140,140,174,174,174,186,186,186],"floor_reached":33,"playtime":1725,"items_purged":["Doubt"],"score":409,"play_id":"f26eb8ba-b5d4-4c5a-9712-4f771ac878aa","local_time":"20181001204127","is_ascension_mode":true,"campfire_choices":[{"data":"Pommel Strike","floor":6,"key":"SMITH"},{"data":"Uppercut","floor":8,"key":"SMITH"},{"data":"Shrug It Off","floor":10,"key":"SMITH"},{"data":"Shrug It Off","floor":15,"key":"SMITH"},{"data":"Reaper","floor":24,"key":"SMITH"},{"data":"Bash","floor":27,"key":"SMITH"},{"data":"Barricade","floor":29,"key":"SMITH"},{"data":"Immolate","floor":32,"key":"SMITH"}],"neow_cost":"NONE","seed_source_timestamp":26907141366526,"circlet_count":0,"master_deck":["Strike_R","Strike_R+1","Strike_R","Defend_R","Defend_R","Defend_R","Bash+1","Pommel Strike+1","Shrug It Off+1","Uppercut+1","Shrug It Off+1","Immolate+1","Reaper+1","Pommel Strike+1","Shockwave+1","Shrug It Off+1","Impervious","Barricade+1"],"relics":["Burning Blood","Bronze Scales","Letter Opener","Paper Frog","PreservedInsect","Ornamental Fan","Singing Bowl","Sozu","Pear","Dream Catcher","Toxic Egg 2","Pantograph"],"potions_floor_usage":[14,31,33,33],"damage_taken":[{"damage":4,"enemies":"2 Louse","floor":1,"turns":3},{"damage":32,"enemies":"Gremlin Nob","floor":7,"turns":4},{"damage":6,"enemies":"Lagavulin","floor":14,"turns":5},{"damage":8,"enemies":"The Guardian","floor":16,"turns":13},{"damage":7,"enemies":"Chosen","floor":18,"turns":4},{"damage":0,"enemies":"Shell Parasite","floor":19,"turns":5},{"damage":11,"enemies":"Slavers","floor":23,"turns":4},{"damage":24,"enemies":"Book of Stabbing","floor":25,"turns":4},{"damage":4,"enemies":"Slavers","floor":28,"turns":4},{"damage":1,"enemies":"Shelled Parasite and Fungi","floor":31,"turns":5},{"damage":118,"enemies":"Champ","floor":33,"turns":18}],"seed_played":"-8942872374463123862","potions_obtained":[{"floor":1,"key":"FearPotion"},{"floor":14,"key":"Ancient Potion"}],"is_trial":false,"path_per_floor":["M","?","$","?","?","R","E","R","T","R","T","?","$","E","R","B",null,"M","M","?","$","?","E","R","E","T","R","E","R","?","M","R"],"character_chosen":"IRONCLAD","items_purchased":["Shrug It Off","Explosive Potion","Uppercut","EntropicBrew"],"campfire_rested":0,"item_purchase_floors":[3,3,3,13],"current_hp_per_floor":[74,74,74,67,60,60,34,34,34,34,34,34,34,34,34,32,68,74,80,80,80,80,85,85,74,74,74,76,76,76,83,83,0],"gold":186,"neow_bonus":"RANDOM_COMMON_RELIC","is_prod":false,"is_daily":false,"chose_seed":false,"campfire_upgraded":8,"win_rate":0,"timestamp":1538444487,"path_taken":["M","?","$","?","?","R","E","R","T","R","?","?","$","E","R","BOSS","M","M","?","$","?","E","R","E","T","R","E","R","?","?","R","BOSS"],"build_version":"2018-09-27","purchased_purges":1,"victory":false,"max_hp_per_floor":[80,80,80,80,80,80,80,80,80,80,80,80,80,80,80,80,80,80,80,80,80,80,90,90,92,92,92,92,92,92,94,94,94],"card_choices":[{"not_picked":["True Grit","Havoc"],"picked":"Pommel Strike","floor":1},{"not_picked":["Power Through","Headbutt"],"picked":"Shrug It Off","floor":7},{"not_picked":["Burning Pact","Iron Wave"],"picked":"Immolate","floor":14},{"not_picked":["Impervious","Exhume"],"picked":"Reaper","floor":16},{"not_picked":["Clothesline+1","Twin Strike+1"],"picked":"Pommel Strike+1","floor":18},{"not_picked":["Fire Breathing+1","True Grit+1"],"picked":"Shockwave+1","floor":19},{"not_picked":["Clash","Battle Trance"],"picked":"Impervious","floor":23},{"not_picked":["Iron Wave+1","Body Slam","Thunderclap"],"picked":"Singing Bowl","floor":25},{"not_picked":["Flex+1","Battle Trance+1"],"picked":"Barricade","floor":28},{"not_picked":["Blood for Blood+1","Thunderclap","Havoc+1"],"picked":"Singing Bowl","floor":31}],"player_experience":421291,"relics_obtained":[{"floor":7,"key":"Paper Frog"},{"floor":9,"key":"PreservedInsect"},{"floor":11,"key":"Ornamental Fan"},{"floor":14,"key":"Singing Bowl"},{"floor":23,"key":"Pear"},{"floor":25,"key":"Dream Catcher"},{"floor":26,"key":"Toxic Egg 2"},{"floor":28,"key":"Pantograph"}],"event_choices":[{"event_name":"Liars Game","player_choice":"agreed","floor":2,"damage_taken":0},{"event_name":"Scrap Ooze","player_choice":"success","floor":4,"damage_taken":7},{"event_name":"Golden Wing","player_choice":"Card Removal","floor":5,"damage_taken":0},{"event_name":"Living Wall","player_choice":"Forget","floor":12,"damage_taken":0},{"event_name":"Designer","player_choice":"Full Service","floor":20,"damage_taken":0},{"event_name":"Duplicator","player_choice":"One dupe","floor":22,"damage_taken":0},{"event_name":"Vampires","player_choice":"Ignored","floor":30,"damage_taken":0}],"is_beta":false,"boss_relics":[{"not_picked":["Ectoplasm","Pandora\u0027s Box"],"picked":"Sozu"}],"items_purged_floors":[3],"is_endless":false,"potions_floor_spawned":[1,14,23,31],"killed_by":"Champ","ascension_level":7}