{"gold_per_floor":[109,284,284,9,21,56,56,66,66,97,47,47,47,61,61,137,137,157,3,20,0,20,20,20],"floor_reached":24,"playtime":1355,"items_purged":["Doubt"],"score":347,"play_id":"22b42426-2aba-4000-b9d7-9bd32484d7b2","local_time":"20190204134258","is_ascension_mode":true,"campfire_choices":[{"data":"Seeing Red","floor":7.0,"key":"SMITH"},{"data":"Rampage","floor":13.0,"key":"SMITH"},{"data":"Bash","floor":15.0,"key":"SMITH"},{"data":"Rage","floor":23.0,"key":"SMITH"}],"neow_cost":"NONE","seed_source_timestamp":270307171205453,"circlet_count":0,"master_deck":["AscendersBane","Strike_R","Strike_R","Strike_R","Defend_R+1","Defend_R","Defend_R","Defend_R","Bash+1","True Grit+1","Rampage+1","Shrug It Off","Cleave","Seeing Red+1","Dual Wield","Rage+1","Double Tap","Shrug It Off","Inflame"],"special_seed":0,"relics":["Burning Blood","Centennial Puzzle","War Paint","Happy Flower","Singing Bowl","Regal Pillow","Mark of Pain","Pen Nib"],"potions_floor_usage":[],"damage_taken":[{"damage":6.0,"enemies":"Cultist","floor":1.0,"turns":4.0},{"damage":0.0,"enemies":"Jaw Worm","floor":5.0,"turns":5.0},{"damage":33.0,"enemies":"Gremlin Nob","floor":6.0,"turns":5.0},{"damage":0.0,"enemies":"2 Louse","floor":8.0,"turns":2.0},{"damage":27.0,"enemies":"3 Sentries","floor":10.0,"turns":8.0},{"damage":1.0,"enemies":"2 Fungi Beasts","floor":14.0,"turns":4.0},{"damage":13.0,"enemies":"Hexaghost","floor":16.0,"turns":8.0},{"damage":25.0,"enemies":"Spheric Guardian","floor":18.0,"turns":6.0},{"damage":27.0,"enemies":"Chosen","floor":20.0,"turns":8.0},{"damage":18.0,"enemies":"Centurion and Healer","floor":22.0,"turns":7.0},{"damage":27,"enemies":"Slavers","floor":24,"turns":3}],"seed_played":"5159683379121950052","potions_obtained":[{"floor":5.0,"key":"EssenceOfSteel"},{"floor":8.0,"key":"Block Potion"}],"is_trial":false,"path_per_floor":["M","?","T","$","M","E","R","M","T","E","?","?","R","M","R","B",null,"M","$","M","?","M","R","E"],"character_chosen":"IRONCLAD","items_purchased":["Rampage","Shrug It Off","Regen Potion","Pen Nib"],"campfire_rested":0,"item_purchase_floors":[4,4,4,19],"current_hp_per_floor":[68,68,68,68,74,47,47,53,53,32,32,25,25,30,30,23,62,57,57,36,36,26,26,0],"gold":20,"neow_bonus":"RANDOM_COMMON_RELIC","is_prod":false,"is_daily":false,"chose_seed":false,"campfire_upgraded":4,"win_rate":0,"timestamp":1549284178,"path_taken":["M","?","?","$","M","E","R","M","T","E","?","?","R","M","R","BOSS","M","$","M","?","M","R","E"],"build_version":"2019-01-23","purchased_purges":1,"victory":false,"max_hp_per_floor":[75,75,75,75,75,75,75,75,75,75,75,75,75,75,75,75,75,75,75,75,75,77,77,77],"card_choices":[{"not_picked":["Havoc","Clash"],"picked":"True Grit","floor":1.0},{"not_picked":["Anger","Pommel Strike"],"picked":"Cleave","floor":5.0},{"not_picked":["Battle Trance","True Grit"],"picked":"Seeing Red","floor":6.0},{"not_picked":["Iron Wave","Twin Strike","Perfected Strike"],"picked":"SKIP","floor":8.0},{"not_picked":["Anger","Perfected Strike"],"picked":"Dual Wield","floor":10.0},{"not_picked":["Ghostly Armor","Wild Strike"],"picked":"Rage","floor":14.0},{"not_picked":["Offering","Impervious"],"picked":"Double Tap","floor":16.0},{"not_picked":["Thunderclap","Feel No Pain"],"picked":"Shrug It Off","floor":18.0},{"not_picked":["Bloodletting","Flex"],"picked":"Inflame","floor":20.0},{"not_picked":["Flex","Clash","Twin Strike"],"picked":"Singing Bowl","floor":22.0}],"player_experience":286866,"relics_obtained":[{"floor":3.0,"key":"War Paint"},{"floor":6.0,"key":"Happy Flower"},{"floor":9.0,"key":"Singing Bowl"},{"floor":10.0,"key":"Regal Pillow"}],"event_choices":[{"damage_healed":0.0,"max_hp_gain":0.0,"max_hp_loss":0.0,"gold_gain":175.0,"event_name":"Liars Game","player_choice":"AGREE","floor":2.0,"gold_loss":0.0,"damage_taken":0.0,"cards_obtained":["Doubt"]},{"cards_removed":["Strike_R"],"damage_healed":0.0,"max_hp_gain":0.0,"max_hp_loss":0.0,"gold_gain":0.0,"event_name":"The Cleric","player_choice":"Card Removal","floor":11.0,"gold_loss":50.0,"damage_taken":0.0},{"cards_removed":["Strike_R"],"damage_healed":0.0,"max_hp_gain":0.0,"max_hp_loss":0.0,"gold_gain":0.0,"event_name":"Golden Wing","player_choice":"Card Removal","floor":12.0,"gold_loss":0.0,"damage_taken":7.0},{"damage_healed":0.0,"max_hp_gain":0.0,"max_hp_loss":0.0,"gold_gain":0.0,"event_name":"Masked Bandits","player_choice":"Paid Fearfully","floor":21.0,"gold_loss":20.0,"damage_taken":0.0}],"is_beta":false,"boss_relics":[{"not_picked":["Tiny House","Orrery"],"picked":"Mark of Pain"}],"items_purged_floors":[4],"is_endless":false,"potions_floor_spawned":[5,8,14],"killed_by":"Slavers","ascension_level":14}